5900 8266
1016 561 1533 634 90999999119991199
1557 557 1674 628 tacta
1699 559 1730 628 C.
1755 559 1830 630 XlV.

417 741 676 812 ‘Proverbiorum
702 741 849 828 vigesimo
872 759 957 810 nono
971 743 1002 808 ²:
1024 737 1232 826 «Superbum
1248 739 1395 826 99991199

435 847 613 926 humilitas,
631 853 662 914 et
676 847 831 916 humilem
853 847 967 932 spiritu
983 845 1136 932 suscipiet
1149 845 1251 930 gloria
1264 869 1293 926 »3
1312 847 1395 912 Psal-

433 969 524 1018 mus:
552 979 570 1012 «
585 951 663 1018 Cum
687 953 756 1038 ipso
779 971 849 1020 sum
873 953 905 1020 in
929 951 1146 1030 tribulatione,
1166 951 1298 1036 eripiam
1320 967 1393 1018 eum

433 1061 466 1124 91
486 1055 669 1142 glorificabo
685 1075 769 1126 eum.
791 1057 998 1142 longitudine
1021 1055 1144 1124 dierum
1166 1057 1295 1144 replebo
1321 1075 1393 1124 oum

432 1167 466 1230 et
486 1163 649 1230 ostendam
670 1163 715 1230 illi
731 1163 868 1228 salutare
893 1179 998 1228 meum
1010 1187 1040 1228 ».
1060 1163 1095 1228 Et
1109 1167 1241 1248 propter
1265 1163 1326 1230 hoo
1339 1163 1393 1230 lob

432 1267 584 1354 vigesimo
604 1267 743 1336 secundo
757 1267 786 1332 ²:
817 1267 907 1348 «Qui
932 1267 1116 1336 humiliatus
1151 1267 1248 1336 luerit
1271 1267 1333 1336 erit
1358 1267 1392 1336 in

433 1373 549 1458 gloria,
575 1379 604 1440 et
628 1371 681 1456 991
714 1369 910 1438 inclinaverit
938 1373 1046 1440 oculos
1079 1391 1169 1452 suos,
1202 1375 1269 1458 ipse
1290 1375 1392 1442 salva-

432 1477 521 1546 bitur
536 1505 568 1544 a.

524 1585 576 1648 22.
601 1579 704 1666 (Vens.
729 1581 803 1664 11).
830 1581 935 1650 Tertio
965 1583 1170 1672 confirmans
1190 1603 1253 1670 per
1278 1583 1392 1672 99991-

294 1703 328 1750 ao
342 1703 414 1748 999.
433 1693 533 1756 tutan
554 1685 725 1766 diuinam,
741 1687 903 1774 adiungit:
921 1689 1011 1772 Quia
1033 1689 1160 1768 oannis,
1177 1687 1238 1776 qni
1253 1707 1285 1756 sa
1300 1689 1392 1756 9991

433 1801 500 1872 191,
530 1809 588 1878 per
614 1791 783 1878 superbam
814 1795 999 1876 elationem,
1031 1795 1206 1862 secundum
1235 1793 1315 1862 illud
1338 1795 1392 1862 lob

431 1897 552 1982 decimo
578 1897 687 1984 quinto
701 1897 730 1964 3:
761 1899 870 1984 «Quid
894 1905 923 1966 te
948 1901 1047 1966 elevat
1064 1917 1118 1966 cor
1136 1907 1236 1978 taum,
1254 1899 1392 1984 9199991

269 2021 415 2118 hpppppppp
430 2023 544 2092 taragna
569 2005 708 2092 cogitans
728 2005 878 2074 attonitos
900 2007 997 2074 babes
1020 2003 1181 2072 oculosa?
1205 2041 1250 2054 --
1272 2005 1392 2072 Hami-

416 2103 593 2194 19199,
623 2131 681 2198 per
712 2111 907 2178 iudiciariam
941 2111 1185 2190 districtionem;
1217 2110 1313 2178 isaiae
1342 2129 1392 2178 se-

432 2221 581 2288 condor:
609 2217 730 2284 «Oculi
755 2215 906 2286 sublimes
928 2215 1065 2284 hominis
1088 2215 1341 2284 humiliabuntur
1356 2243 1389 2284 9.

438 2351 456 2386 o
470 2325 549 2410 Quia
572 2325 639 2392 dies
660 2323 784 2390 Domini
807 2317 905 2408 super
935 2339 1061 2390 ornnem
1088 2323 1263 2408 superbum
1284 2329 1317 2390 91
1339 2341 1391 2388 ar-

432 2437 612 2516 rogantem,
629 2437 661 2500 91
683 2427 904 2496 humiliabitur
915 2455 948 2494 a.
970 2429 1035 2494 «Et
1050 2427 1272 2496 incurvabitur
1286 2427 1390 2494 omnis

431 2537 609 2606 sublimitas
633 2537 814 2616 hominurn,
839 2541 869 2602 et
899 2533 1119 2602 humiliabitur
1150 2533 1282 2602 altitudo
1306 2533 1392 2602 viro-

432 2661 504 2710 rum
523 2671 551 2708 ».
577 2645 675 2712 Huius
710 2641 894 2728 exemplum
923 2641 1026 2726 patuit
1059 2641 1091 2708 in
1114 2641 1266 2722 lucifero;
1293 2640 1391 2710 lsaiae

431 2749 552 2816 decimo
588 2749 743 2836 quarto⁵z
779 2749 970 2834 «Quomodo
993 2747 1149 2828 cecidisti,
1172 2747 1302 2826 luciler,
1335 2745 1391 2834 991

431 2873 525 2922 9999
545 2855 720 2924 oriebaris?
743 2855 802 2940 Qui
827 2855 952 2922 dicebas
973 2853 1019 2946 19
1037 2853 1133 2922 corde
1158 2859 1231 2920 tuo:
1258 2855 1289 2920 ln
1322 2871 1392 2922 cae-

432 2961 498 3028 lum
528 2961 753 3040 conscendam,
777 2979 872 3048 super
896 2967 980 3028 astra
1004 2961 1080 3028 caeli
1103 2961 1251 3036 exaltabo
1275 2961 1391 3028 solium

431 3085 539 3134 meum
554 3093 587 3132 ».
610 3067 648 3134 Et
669 3067 738 3134 ideo
775 3067 912 3148 corruit,
937 3067 1012 3154 quia
1045 3085 1080 3136 99
1112 3067 1281 3150 exaltavit;
1307 3067 1391 3136 unde

432 3171 601 3238 Ezechielis
624 3173 776 3256 vigesimo
797 3181 925 3240 octavo:
956 3175 1031 3240 «Eo
1053 3175 1139 3258 quod
1161 3175 1320 3242 elevatum
1343 3179 1393 3240 est

431 3293 486 3342 cor
511 3281 602 3342 1999
624 3277 708 3344 91991
728 3295 783 3344 cor
806 3277 877 3356 Dei,
902 3277 1018 3346 idcirco
1040 3295 1132 3358 ecoe,
1157 3297 1215 3364 ego
1237 3277 1390 3346 adducam

431 3386 584 3467 superte
605 3383 735 3462 alienos,
753 3391 784 3450 et
798 3384 941 3466 polluent
963 3383 1106 3452 decorem
1132 3393 1223 3452 tuum
1247 3385 1392 3452 9119199-

332 3473 334 3478 ’
431 3487 538 3556 1191991
568 3495 599 3556 19
621 3495 654 3556 91
674 3487 843 3555 detrahent
870 3493 918 3566 te,
951 3495 981 3556 et
1013 3489 1158 3556 morieris
1192 3491 1224 3556 in
1260 3489 1391 3556 interitu

431 3591 652 3660 occisorum».
675 3591 806 3676 Propter
838 3591 922 3676 quod
945 3593 1061 3658 dicitur
1085 3595 1233 3660 imitatori
1259 3595 1392 3676 luciferi,

431 3697 559 3766 cuilibet
585 3695 732 3782 superbo,
756 3697 869 3764 llbdiae
893 3697 1038 3784 primoi:
1070 3699 1254 3784 «Superbia
1287 3701 1392 3768 cordis

369 3879 370 3882 Ἴ
432 3805 477 3872 191
503 3805 618 3870 extulit
643 3811 673 3868 te
697 3803 892 3870 habitantem
914 3803 947 3868 in
971 3805 1117 3870 scissuris
1142 3811 1322 3890 petrarum,
1338 3823 1392 3872 ox-

337 3991 338 3994 ,
431 3911 580 3978 91199199
604 3909 717 3976 solium
741 3913 834 3976 tuam
850 3935 882 3990 »3
907 3913 1047 3996 etpost:
1071 3937 1087 3970 o
1102 3911 1134 3976 Si
1150 3911 1308 3976 exaltatus
1325 3911 1392 3978 lue-

431 4015 477 4084 ris
492 4015 673 4102 91999119,
690 4023 722 4084 91
737 4015 764 4084 91
780 4017 861 4084 inter
878 4015 980 4084 sidera
994 4015 1140 4102 posueris
1154 4015 1265 4084 nidum
1279 4021 1390 4096 tuum;

432 4121 504 4188 inde
527 4123 691 4188 detraham
716 4127 745 4188 te
762 4149 792 4186 a.
818 4123 889 4188 ldeo
919 4123 1054 4188 consulit
1086 4123 1214 4208 Sapiens
1241 4123 1393 4190 Ecclesia-

432 4227 500 4294 stici
527 4227 661 4294 sextol:
692 4253 709 4288 o
724 4227 789 4294 Non
818 4233 849 4294 te
884 4227 1019 4294 extollas
1051 4227 1084 4294 in
1118 4227 1305 4312 cogitatione
1336 4233 1393 4294 tua

432 4333 521 4400 velut
539 4337 674 4424 xtaurus,
700 4351 738 4400 ne
763 4333 843 4400 forte
866 4331 1002 4398 elidatur
1027 4331 1128 4398 virtus
1151 4339 1217 4412 tna,
1241 4333 1392 4400 9199119-

431 4439 541 4524 quaris
563 4437 652 4504 velut
673 4437 794 4524 lignum
818 4435 941 4504 aridum
965 4435 996 4502 in
1022 4453 1166 4504 eremo».

521 4543 573 4612 23.
589 4543 638 4610 Sic
653 4543 759 4612 divina
775 4543 894 4612 iustitia
909 4543 1064 4628 superbos
1080 4543 1234 4622 humiliat,
1253 4549 1392 4612 919999-

268 4657 417 4756 9999199919
431 4657 481 4716 tra
503 4649 642 4718 humiles
671 4649 806 4728 exaltat3
839 4649 909 4714 ideo
930 4647 1056 4715 subdit:
1085 4651 1121 4714 Et
1145 4645 1392 4736 991991991-

408 4741 412 4754 ’
431 4755 509 4834 1191,
533 4773 590 4840 per
612 4755 822 4822 voluntariam
838 4752 1059 4834 abiectionem
1085 4753 1267 4822 Psalmus⁸:
1296 4779 1314 4812 ct
1331 4753 1392 4820 Cu-

431 4861 569 4930 stodieos
593 4865 741 4948 parvulos
764 4861 932 4940 Dominus,
968 4861 1155 4928 humiliatus
1186 4879 1276 4942 sum,
1299 4867 1332 4928 et
1354 4859 1392 4926 li-

431 4969 553 5038 beravit
578 4987 628 5038 me
644 4995 675 5050 »;
701 4975 731 5046 91
754 4967 883 5038 9999911
907 4969 1026 5056 Regum
1049 4973 1159 5036 sexto:
1190 4967 1393 5036 «19119991

431 5077 526 5146 vilior
548 5077 620 5146 1199
653 5079 741 5166 plus,
767 5095 862 5164 quam
887 5075 987 5144 factus
1011 5093 1098 5158 sum,
1129 5081 1160 5144 et
1182 5095 1237 5144 ero
1263 5075 1392 5144 humilis

503 5449 513 5482 1
534 5453 607 5506 Vers.
627 5455 676 5518 23,
696 5457 756 5520 post
775 5467 854 5520 9999
875 5455 915 5506 Ps.
934 5455 982 5520 90,
1004 5453 1046 5506 la.
1064 5467 1120 5520 999.

502 5537 514 5570 1
534 5541 608 5594 Vers.
627 5545 670 5596 29.
688 5571 725 5584 -·-
741 5543 832 5596 919999
848 5541 1047 5596 interlinearis:
1062 5541 1162 5596 Coreva
1173 5539 1259 5596 91991
1278 5539 1395 5596 discant-

432 5627 567 5692 banb'bns,
592 5629 617 5680 in
636 5629 729 5684 eadem
748 5629 924 5696 beatitudine,
944 5631 984 5682 vel
1005 5629 1031 5680 in
1058 5629 1153 5680 eadem
1180 5629 1233 5682 fide
1259 5629 1394 5694 quiescen-

383 5709 384 5712 ’
432 5715 510 5766 tibus.
530 5713 582 5766 Gir.
600 5715 680 5768 Beda.

503 5797 515 5830 1
534 5801 609 5854 Vers.
629 5805 670 5854 12.
683 5831 720 5844 -
731 5803 823 5856 Glossa
842 5801 1025 5858 interlinearis
1043 5799 1085 5866 (ex
1097 5803 1195 5870 Beda):
1210 5801 1278 5866 Quia
1290 5799 1393 5868 canitis,

343 5915 345 5920 s
432 5889 480 5960 pai
495 5903 525 5944 se
542 5889 660 5956 euattat,
673 5893 778 5944 incaute
795 5893 830 5946 de
848 5891 948 5944 meritis
961 5893 1066 5956 allevat,
1086 5887 1282 5956 humiliabitur,
1295 5895 1311 5942 9
1325 5891 1392 5958 Deo,

431 5979 480 6032 9191
496 5993 550 6032 non
568 5993 658 6032 coram
676 5977 837 6030 hominibus.

502 6063 608 6118 ‘Vere
629 6067 671 6118 lt.
692 6067 735 6118 t2.
752 6071 780 6118 ot
797 6063 840 6118 l7.

502 6153 515 6184 ⁵
536 6157 607 6210 Pers,
628 6157 671 6208 l2.
689 6169 760 6220 999,
780 6151 825 6206 ubi
844 6167 894 6218 pro
914 6157 990 6208 astra
1016 6153 1086 6208 caeti
1108 6155 1278 6220 Septuaginta
1300 6151 1393 6208 sidera

431 6243 513 6310 caeti,
539 6245 650 6310 Vulgata
669 6246 694 6295 et
714 6241 774 6296 Vot.
790 6245 867 6296 astra
887 6239 942 6296 Dei.
957 6271 989 6280 -
1003 6241 1119 6296 Subinde
1136 6243 1281 6308 allegantur
1298 6243 1392 6294 Ezech.

432 6333 481 6398 as,
500 6335 554 6386 a-s.

501 6419 514 6452 ⁶
533 6423 609 6476 Vens.
627 6423 654 6474 3.
672 6427 698 6474 et
718 6421 741 6472 1.
761 6419 844 6476 Codd.
862 6417 996 6488 Superbia
1016 6423 1064 6476 tna
1083 6419 1180 6474 entnlit
1200 6425 1248 6474 eto.

503 6505 514 6538 1
536 6509 610 6562 Pers.
629 6511 655 6562 2.
673 6523 743 6574 999,
764 6505 807 6560 ubi
828 6521 876 6574 pro
896 6505 1392 6576 1999919199919911919919911191.

431 6593 462 6648 in
479 6593 638 6664 capitatione
656 6595 765 6650 animae
783 6601 857 6660 tuae,
869 6603 897 6650 et
908 6595 1021 6650 subinde
1037 6595 1115 6650 codd.
1134 6595 1259 6650 omittunt
1277 6595 1392 6664 tignano.

502 6679 514 6712 ⁸
534 6685 628 6736 Psalm.
642 6683 717 6748 111,
733 6685 765 6750 6,
784 6693 844 6748 post
860 6697 942 6752 quem
961 6685 987 6738 ll.
1007 6685 1074 6750 Reg.
1094 6685 1122 6748 6,
1144 6687 1186 6738 22.

501 6765 514 6798 1
534 6771 609 6832 Vers.
626 6771 654 6820 8.
671 6773 697 6820 91
716 6769 740 6820 9.
758 6775 935 6838 -Sequitur
954 6775 972 6826 l.
990 6775 1058 6828 Patr.
1077 6775 1107 6842 5,
1126 6775 1154 6830 6.

503 6855 527 6892 ²⁰
544 6857 639 6910 Psalm.
663 6855 714 6922 11,
733 6857 742 6908 1
754 6859 780 6928 t,
798 6861 843 6916 991
860 6859 1028 6930 subiungitur
1050 6865 1143 6918 Ezech.
1169 6861 1218 6932 17,
1241 6865 1290 6936 21,
1316 6863 1392 6920 99199

2350 569 2413 636 3611

1457 739 1489 808 19
1514 737 1614 808 999119
1637 737 2009 820 9919999911911199,
2033 755 2090 824 per
2126 737 2261 808 divinam
2297 741 2415 828 glorifi-

1457 847 1622 912 cationem.
1653 845 1840 932 Exemplum
1865 851 1911 914 est
1946 845 1979 912 in
2010 843 2142 910 Domino
2175 847 2351 926 Salvatoro3
2375 847 2415 922 ad

1457 949 1669 1036 Philippenses
1685 951 1859 1018 secundet:
1878 951 2081 1018 «1199111991
2096 953 2325 1040 semetipsam»
2342 959 2413 1036 etc.;

1456 1061 1488 1122 et
1511 1059 1596 1140 post:
1619 1057 1777 1144 «Propter
1802 1057 1886 1144 quod
1901 1064 1934 1127 et
1948 1059 2031 1126 Deus
2048 1057 2199 1126 exaltavit
2213 1059 2331 1128 illum»
2353 1065 2412 1126 etc.

1456 1161 1493 1228 Et
1515 1161 1584 1228 ideo
1605 1161 1721 1232 dicitur
1753 1163 1874 1252 primae
1903 1165 1987 1234 Petri
2009 1163 2137 1250 quinto:
2168 1191 2185 1224 (ε
2199 1165 2410 1234 humiliamini

1457 1265 1517 1332 suh
1539 1267 1658 1352 potenti
1689 1285 1784 1336 manu
1820 1267 1893 1348 Dei,
1916 1275 1953 1336 ut
1984 1285 2040 1336 vos
2074 1269 2248 1338 exaltatio
2270 1279 2412 1358 tempore

1456 1371 1688 1442 visitationis».
1704 1375 1742 1442 Et
1757 1375 1794 1444 da
1812 1375 1861 1444 his
1877 1375 2001 1444 duobus
2015 1375 2048 1442 in
2065 1377 2186 1444 Psalmo
2200 1379 2246 1444 ¹⁰:
2273 1375 2414 1444 «Omnia

1456 1495 1576 1546 cornua
1597 1487 1799 1564 peccatorum
1823 1481 2033 1566 confringam,
2051 1487 2082 1548 et
2101 1483 2328 1550 exaltabuntur
2342 1499 2414 1550 cor-

1455 1601 1520 1650 nua
1541 1583 1615 1652 iusti
1633 1609 1662 1666 »3
1688 1591 1718 1654 91
1742 1583 1910 1654 Ezechielis
1942 1585 2064 1654 decimo
2096 1585 2247 1672 septimo:
2276 1613 2294 1648 «
2309 1587 2412 1654 Sciant

1455 1689 1561 1756 omnia
1583 1689 1667 1776 ligna
1698 1689 1851 1776 regioniS,
1877 1691 1951 1776 quia
1980 1709 2037 1776 ego
2069 1691 2221 1760 Dominus
2249 1693 2412 1760 humiliavi

1456 1795 1577 1882 lignum
1598 1795 1734 1864 sublime
1758 1801 1787 1862 et
1812 1795 1947 1864 exaltavi
1969 1795 2090 1882 lignum
2116 1799 2235 1866 huntile
2252 1825 2280 1864 a.

1543 1903 1596 1968 21.
1622 1903 1709 1968 Ratio
1732 1905 1838 1968 autem
1862 1899 1958 1968 huius
1973 1899 2111 1968 iustitiae
2127 1909 2157 1970 et
2173 1903 2338 1990 aequitatis
2354 1907 2411 1984 est,
2428 1919 2577 1978 999999

1456 2005 1548 2090 9919,
1580 2011 1700 2090 999919
1728 2005 1802 2092 9919
1817 1989 1819 1994 ’
1836 2003 1937 2090 magis
1958 2023 1992 2072 se
2021 2005 2166 2084 analtat,
2199 2013 2283 2074 tanto
2308 2007 2412 2076 minus
2432 1981 2568 2072 9111911ιέ91.

1456 2107 1597 2188 borvorot
1631 2111 1733 2176 llenvn
1764 2113 1795 2176 et
1830 2115 1915 2176 tantu
1950 2109 2056 2178 minus
2084 2109 2263 2194 magnificat
2293 2113 2412 2194 Deum,
2456 2115 2458 2118 ’

1455 2215 1653 2302 aspernor
1691 2223 1719 2284 91
1748 2221 1834 2284 19919
1869 2215 1966 2302 magis
1991 2219 2038 2284 est
2065 2233 2196 2282 aversus
2222 2235 2243 2284 9
2270 2217 2350 2296 Deo,
2382 2225 2416 2296 etw

1455 2321 1500 2388 sic
1522 2341 1580 2406 per
1614 2339 1815 2408 consequens·
1832 2325 1918 2386 tanto
1949 2321 2056 2388 minus
2088 2327 2152 2400 est;
2178 2321 2345 2390 Ezechielis
2368 2323 2413 2390 vi-

1454 2427 1573 2512 gesimo
1593 2429 1761 2496 octav011:
1790 2453 1808 2488 «
1823 2425 1914 2494 Nihili
1942 2427 2103 2510 1999999
2127 2432 2157 2494 91
2188 2445 2250 2494 999
2282 2429 2346 2494 eris
2380 2427 2413 2494 in

1456 2539 1647 2620 perpetuum
1663 2559 1695 2600 9.
1717 2533 1920 2612 -1199999
1946 2537 2064 2618 quanto
2097 2531 2198 2618 magis
2219 2551 2254 2600 se
2275 2531 2411 2614 exaltat,

1456 2647 1540 2706 tanto
1565 2641 1662 2728 magis
1684 2659 1716 2708 se
1739 2659 1849 2726 snpra
1872 2659 1904 2706 se
1929 2641 2039 2726 ipsunt
2063 2639 2180 2728 eripit,
2203 2657 2241 2706 ac
2263 2657 2320 2724 per
2350 2641 2410 2706 hoc

1454 2751 1541 2814 tanto
1575 2745 1673 2832 magis
1705 2745 1879 2826 evanescit;
1909 2749 1942 2812 et
1970 2749 2089 2830 quanto
2114 2743 2212 2830 magis
2236 2743 2409 2826 evanescit,

1454 2857 1539 2920 tanto
1564 2851 1637 2938 plus
1668 2869 1689 2918 a
1718 2851 1850 2920 veritate
1886 2851 2004 2920 recedit
2029 2857 2063 2920 et
2095 2857 2183 2918 tanto
2214 2851 2321 2920 minus
2342 2857 2408 2920 est:

1455 2977 1529 3046 ergo
1551 2965 1668 3046 quanto
1693 2957 1764 3046 9919
1785 2959 1885 3044 magis
1906 2977 1926 3024 a
1949 2977 1982 3026 se
2006 2959 2181 3040 exaltatur,
2203 2963 2289 3024 tanto
2315 2957 2412 3044 magis

1454 3065 1613 3146 deiicitur3
1632 3065 1684 3132 lob
1700 3063 1858 3150 trigesimo
1873 3065 1915 3130 12:
1939 3091 1955 3124 o
1970 3061 2103 3130 Elevasti
2120 3081 2185 3144 rue,
2201 3069 2233 3130 et
2254 3061 2340 3148 quasi
2360 3081 2413 3130 99-Ι

1454 3174 1664 3252 perventum
1690 3187 1823 3256 ponens,
1845 3169 1955 3238 elisisti
1990 3167 2089 3236 valide
2105 3195 2137 3234 x.
2165 3207 2202 3220 -
2233 3169 2410 3250 Postremo,

1454 3279 1574 3360 quanto
1595 3275 1667 3360 9919
1691 3275 1789 3364 magis
1814 3295 1845 3344 se
1870 3277 2006 3356 exaltat,
2028 3283 2116 3342 tanto
2138 3275 2282 3362 pluriam
2308 3273 2410 3344 homi,

1454 3401 1536 3448 ovain
1560 3381 1669 3468 inopis
1693 3391 1806 3460 anaat,·
1829 3387 1860 3448 et
1883 3389 2001 3468 quanto
2023 3381 2106 3448 illam
2132 3379 2230 3466 magis
2254 3383 2413 3466 amplecti-

1456 3491 1528 3566 tur,
1552 3491 1640 3554 tanto
1661 3489 1734 3574 plus
1757 3495 1805 3556 est
1828 3487 1989 3556 subiectus
2021 3487 2169 3554 humenis
2192 3487 2354 3568 laudibus,
2379 3493 2409 3556 et

1454 3599 1584 3676 propter
1606 3593 1665 3658 hoc
1691 3599 1776 3660 tanto
1800 3593 1898 3680 magis
1932 3593 2094 3660 hominum
2118 3609 2229 3660 servos
2260 3599 2291 3660 91
2326 3598 2412 3660 tanto

1455 3699 1553 3784 magis
1583 3699 1739 3782 deiectus;
1773 3699 1968 3766 Psalmns¹³:
2001 3699 2255 3766 «Verumtamen
2283 3704 2413 3784 propter

1455 3805 1540 3872 dolos
1565 3805 1695 3892 posuisti
1718 3805 1780 3886 eis,
1805 3803 1943 3874 deiecisti
1964 3823 2035 3882 eos,
2061 3803 2137 3870 dum
2152 3803 2365 3870 allevarentur
2381 3829 2411 3868 x.

1543 3913 1596 3976 25.
1622 3909 1680 3976 Sed
1704 3929 1719 3976 e
1744 3911 1919 3990 contrario,
1945 3915 2064 3996 quanto
2085 3909 2157 3996 9919
2183 3911 2278 3996 magis
2303 3905 2588 4024 9919-,9999919

1455 4015 1583 4096 mittat,
1605 4021 1694 4082 tanto
1715 4017 1815 4102 magis
1832 4015 2112 4094 9999199999
2129 4015 2331 4084 Ecclesiastici
2349 4021 2413 4084 ter·
2438 3995 2569 4082 119ῗὲ9ιὲ

1456 4121 1499 4186 119
1514 4123 1557 4186 l¹²:
1580 4123 1728 4208 ἶ«119999
1752 4123 1890 4208 potentia
1912 4123 1966 4190 Dei
1984 4123 2098 4202 solius,
2124 4129 2154 4190 et
2177 4123 2216 4188 ab
2240 4121 2412 4188 humilibus

1455 4227 1632 4294 honoratur
1646 4251 1678 4306 »;
1703 4232 1733 4294 et
1759 4233 1877 4312 quanto
1902 4227 2003 4312 magis
2024 4227 2125 4294 Deum
2150 4227 2303 4306 honorat,
2328 4233 2413 4294 tanto

1456 4333 1554 4420 magis
1578 4333 1616 4398 ad
1641 4333 1745 4418 ipsum
1768 4331 2019 4420 appropinquat,
2034 4351 2072 4400 ac
2086 4351 2143 4418 per
2167 4333 2226 4400 hoc
2252 4333 2413 4402 19919919-

1456 4447 1548 4506 vatur
1572 4439 1610 4506 ad
1635 4439 1830 4507 sublimiora.
1855 4477 1898 4488 ·—
1921 4441 2078 4526 Amplius,
2109 4445 2227 4526 quanto
2258 4439 2357 4526 magis
2381 4459 2413 4508 se

1456 4545 1611 4624 humiliat,
1638 4551 1721 4612 tanto
1745 4547 1843 4632 magis
1867 4547 1954 4612 redit
1974 4547 2021 4612 ud
2043 4545 2225 4624 interiora3
2251 4551 2414 4632 alquanto

1456 4651 1554 4736 magis
1586 4651 1719 4718 interius
1751 4651 1926 4738 colligitur,
1958 4657 2043 4720 tanto
2075 4651 2178 4718 virtus
2210 4651 2279 4718 eius
2315 4651 2414 4720 maior

1457 4755 1611 4822 efficitur:
1637 4761 1756 4842 quanto
1777 4775 1851 4846 ergo
1877 4759 1956 4846 9919
1970 4757 2070 4842 magis
2092 4757 2298 4838 humiliatur,
2327 4763 2413 4826 lanto

1457 4861 1632 4930 seeundum
1653 4863 1821 4932 veritatem
1850 4865 1951 4932 maior
1973 4863 2128 4944 efficitur3
2150 4863 2236 4930 unde
2260 4863 2413 4932 secundae

1455 4969 1494 5036 ad
1517 4969 1695 5038 Corinthios
1724 4971 1966 5038 duodecimo1⁵:
1997 4969 2137 5038 «Virtus
2167 4969 2201 5036 in
2232 4969 2414 5038 infirmitate

1456 5075 1620 5160 perdcitur
1638 5103 1667 5142 9.
1686 5113 1726 5126 -
1749 5079 1926 5158 Postremo,
1952 5077 2193 5164 quantomagis
2215 5077 2413 5158 humiliatur,

1457 5453 1535 5506 linem
1556 5453 1729 5522 (9199911991
1747 5455 1806 5524 919.)
1826 5455 1908 5512 ndu
1926 5455 2055 5508 omittunt.
2074 5483 2111 5496 -·
2128 5455 2217 5510 Glossa
2233 5453 2415 5510 interlinearis

1459 5541 1499 5610 (ex
1518 5545 1614 5612 Beda):
1634 5545 1668 5598 Et
1685 5543 1733 5614 991
1750 5543 1935 5610 cohumidat,
1954 5543 2067 5610 provide
2084 5545 2119 5596 de
2141 5543 2287 5612 beneficiis,
2311 5543 2415 5598 nnatta-

1457 5629 1537 5696 bitar,
1558 5647 1573 5684 a
1591 5633 1655 5684 Deo.

1529 5715 1550 5746 11
1572 5721 1646 5770 Pers.
1664 5721 1709 5774 19.

1528 5799 1549 5832 11
1572 5807 1644 5858 Pers.
1663 5809 1707 5858 22.
1724 5805 1776 5860 Clr.
1796 5807 1920 5870 Gregor.,
1935 5807 1994 5858 XX.
2009 5807 2096 5860 lloral.
2117 5821 2139 5860 9.
2159 5809 2203 5860 33.
2220 5821 2247 5860 n.
2261 5807 2309 5870 65,
2322 5805 2367 5860 ubi
2381 5805 2415 5858 in·

1457 5895 1494 5944 ter
1514 5891 1562 5944 alia
1582 5893 1658 5946 dicit:
1676 5893 1727 5960 Qui
1745 5893 1817 5946 enim
1835 5893 1938 5944 veritati
1967 5893 2085 5946 inhaeret
2105 5893 2213 5946 vanitati
2236 5893 2310 5946 nullo
2334 5893 2414 5944 modo

1457 5981 1605 6034 succumbit
1624 5987 1672 6034 eto.

1528 6061 1549 6094 ¹⁸
1571 6067 1661 6120 Psalm.
1674 6065 1718 6130 72,
1733 6067 1775 6130 l8,
1788 6067 1815 6118 in
1828 6079 1908 6132 9999
1921 6067 2009 6118 locum
2021 6067 2133 6130 August.
2145 6067 2271 6132 (Enarrat.
2280 6065 2359 6118 inPs.
2372 6065 2415 6118 19.

1457 6167 1481 6204 n.
1504 6151 1556 6220 21.)
1577 6153 1625 6206 att:
1645 6155 1701 6206 lton
1718 6153 1782 6208 dixit
1800 6151 1923 6208 1191991911
1940 6167 1999 6220 eos,
2018 6157 2081 6222 9919
2099 6155 2157 6208 91911
2172 6159 2247 6218 sant,
2265 6155 2413 6222 99999991

1456 6247 1545 6306 postea
1568 6255 1649 6308 qnam
1669 6241 1727 6294 elati
1741 6241 1947 6308 9991,191991911
1964 6243 2034 6306 illos,
2046 6241 2092 6296 sed
2105 6241 2133 6294 in
2145 6255 2177 6292 eo
2191 6241 2258 6306 ipsc,
2270 6243 2343 6308 quod
2356 6241 2415 6296 elati

1456 6335 1530 6400 sunt,
1547 6329 1643 6382 deiecti
1660 6333 1728 6382 9991.
1750 6331 1790 6382 Sic
1809 6331 1983 6382 9919911991
2003 6331 2055 6382 199
2075 6331 2168 6382 cadere
2189 6335 2235 6382 est.

1527 6415 1549 6448 11
1570 6419 1645 6470 Vers.
1662 6419 1707 6470 21.

1526 6501 1548 6534 ¹⁵
1568 6507 1642 6558 Vers.
1660 6505 1685 6558 9.
1705 6535 1740 6546 -
1757 6507 1853 6560 Auctor
1878 6505 1937 6558 libri
1963 6507 1999 6560 de
2025 6505 2132 6572 Causis,
2150 6507 2295 6572 propositio
2322 6507 2415 6560 t721n

1456 6595 1527 6648 amni
1545 6595 1643 6648 virtute
1660 6595 1811 6664 propinqua
1829 6595 1879 6650 arni
1891 6607 1965 6664 para
1982 6601 2022 6648 est
2033 6595 2147 6648 infinitas
2158 6595 2218 6660 plus
2230 6609 2311 6664 quum
2326 6595 2350 6648 in
2366 6595 2415 6648 vir·

1456 6691 1510 6740 tute
1527 6685 1670 6754 longinqua
1689 6685 1722 6738 ab
1734 6699 1776 6740 aa.
1789 6685 1865 6752 Quod
1879 6691 1929 6752 991,
1943 6685 2006 6754 9919
2018 6685 2115 6750 virtus,
2129 6685 2235 6754 quando
2248 6685 2337 6752 incipit
2351 6685 2415 6738 mul-

1456 6775 1581 6842 tiplicari,
1599 6783 1661 6830 tunc
1679 6775 1824 6830 destruitur
1840 6777 1925 6830 unitas
1944 6775 2014 6844 eius;
2032 6781 2059 6828 et
2076 6775 2183 6844 quando
2203 6775 2343 6828 destruitur
2356 6775 2414 6830 eius

1456 6865 1554 6934 unitas,
1574 6865 1715 6922 destruitur
1732 6865 1788 6920 eius
1808 6863 1935 6930 infinitam
1953 6869 1978 6920 et
1996 6877 2047 6918 non
2062 6865 2205 6920 destruitur
2217 6863 2330 6918 infinitas
2342 6865 2415 6928 eius,
