<?xml version="1.0" encoding="UTF-8"?>
<!DOCTYPE html PUBLIC "-//W3C//DTD XHTML 1.0 Transitional//EN"
    "http://www.w3.org/TR/xhtml1/DTD/xhtml1-transitional.dtd">
<html xmlns="http://www.w3.org/1999/xhtml" xml:lang="en" lang="en">
 <head>
  <title>
</title>
<meta http-equiv="Content-Type" content="text/html;charset=utf-8" />
  <meta name='ocr-system' content='tesseract 3.04.00' />
  <meta name='ocr-capabilities' content='ocr_page ocr_carea ocr_par ocr_line ocrx_word'/>
</head>
<body>
  <div class='ocr_page' id='page_1' title='image "./doctorisseraphi01italgoog/doctorisseraphi01italgoog_0597.png"; bbox 0 0 5900 8266; ppageno 0'>
   <div class='ocr_carea' id='block_1_1' title="bbox 534 655 598 720">
    <p class='ocr_par' dir='ltr' id='par_1_1' title="bbox 534 655 598 720">
     <span class='ocr_line' id='line_1_1' title="bbox 534 655 598 720; baseline -0.031 0"><span class='ocrx_word' id='word_1_1' title='bbox 534 655 598 720; x_wconf 80' lang='grc'><strong>576</strong></span> 
     </span>
    </p>
   </div>
   <div class='ocr_carea' id='block_1_2' title="bbox 385 826 1497 3246">
    <p class='ocr_par' dir='ltr' id='par_1_2' title="bbox 385 826 1497 3246">
     <span class='ocr_line' id='line_1_2' title="bbox 533 826 1496 912; baseline -0.004 -16"><span class='ocrx_word' id='word_1_2' title='bbox 533 829 610 896; x_wconf 87' lang='lat' dir='ltr'>dicit</span> <span class='ocrx_word' id='word_1_3' title='bbox 641 829 848 912; x_wconf 82' lang='lat' dir='ltr'>Hieronymus</span> <span class='ocrx_word' id='word_1_4' title='bbox 867 829 889 908; x_wconf 86' lang='grc'><strong>1,</strong></span> <span class='ocrx_word' id='word_1_5' title='bbox 926 827 1021 892; x_wconf 77' lang='lat' dir='ltr'>eldam</span> <span class='ocrx_word' id='word_1_6' title='bbox 1046 829 1190 910; x_wconf 88' lang='lat' dir='ltr'>sepultus</span> <span class='ocrx_word' id='word_1_7' title='bbox 1226 833 1273 894; x_wconf 93' lang='lat' dir='ltr'><strong>est</strong></span> <span class='ocrx_word' id='word_1_8' title='bbox 1296 827 1328 892; x_wconf 92' lang='lat' dir='ltr'>in</span> <span class='ocrx_word' id='word_1_9' title='bbox 1351 826 1496 906; x_wconf 81' lang='lat' dir='ltr'>Hebron,</span> 
     </span>
     <span class='ocr_line' id='line_1_3' title="bbox 534 931 1494 1018; baseline -0.002 -18"><span class='ocrx_word' id='word_1_10' title='bbox 534 933 802 1018; x_wconf 80' lang='lat' dir='ltr'>quemadmodum</span> <span class='ocrx_word' id='word_1_11' title='bbox 824 933 941 1000; x_wconf 90' lang='lat' dir='ltr'>dicitur</span> <span class='ocrx_word' id='word_1_12' title='bbox 965 933 1055 998; x_wconf 90' lang='lat' dir='ltr'>losue</span> <span class='ocrx_word' id='word_1_13' title='bbox 1077 931 1198 1000; x_wconf 89' lang='lat' dir='ltr'>decimo</span> <span class='ocrx_word' id='word_1_14' title='bbox 1222 941 1346 1018; x_wconf 91' lang='lat' dir='ltr'>quarto.</span> <span class='ocrx_word' id='word_1_15' title='bbox 1371 931 1494 1000; x_wconf 88' lang='lat' dir='ltr'>Dicitur</span> 
     </span>
     <span class='ocr_line' id='line_1_4' title="bbox 534 1035 1495 1126; baseline -0.002 -20"><span class='ocrx_word' id='word_1_16' title='bbox 534 1057 612 1126; x_wconf 87' lang='lat' dir='ltr'>ergo</span> <span class='ocrx_word' id='word_1_17' title='bbox 634 1039 724 1106; x_wconf 87' lang='grc'><strong>66666</strong></span> <span class='ocrx_word' id='word_1_18' title='bbox 743 1037 938 1118; x_wconf 71' lang='grc'><strong>1166666166,</strong></span> <span class='ocrx_word' id='word_1_19' title='bbox 962 1037 1038 1122; x_wconf 88' lang='grc'><strong>6616</strong></span> <span class='ocrx_word' id='word_1_20' title='bbox 1061 1035 1105 1102; x_wconf 92' lang='grc'><strong>161</strong></span> <span class='ocrx_word' id='word_1_21' title='bbox 1127 1037 1370 1106; x_wconf 79' lang='lat' dir='ltr'>continebantur</span> <span class='ocrx_word' id='word_1_22' title='bbox 1393 1037 1495 1120; x_wconf 83' lang='lat' dir='ltr'>calva·</span> 
     </span>
     <span class='ocr_line' id='line_1_5' title="bbox 534 1143 1494 1228; baseline 0 -18"><span class='ocrx_word' id='word_1_23' title='bbox 534 1145 601 1212; x_wconf 89' lang='lat' dir='ltr'>riae</span> <span class='ocrx_word' id='word_1_24' title='bbox 624 1145 863 1224; x_wconf 90' lang='lat' dir='ltr'>damnatorum,</span> <span class='ocrx_word' id='word_1_25' title='bbox 886 1145 941 1228; x_wconf 93' lang='lat' dir='ltr'>qui</span> <span class='ocrx_word' id='word_1_26' title='bbox 965 1143 1009 1210; x_wconf 91' lang='lat' dir='ltr'><strong>ibi</strong></span> <span class='ocrx_word' id='word_1_27' title='bbox 1033 1143 1269 1210; x_wconf 90' lang='lat' dir='ltr'>decollabantur</span> <span class='ocrx_word' id='word_1_28' title='bbox 1301 1149 1331 1210; x_wconf 88' lang='lat' dir='ltr'><strong>et</strong></span> <span class='ocrx_word' id='word_1_29' title='bbox 1364 1159 1494 1228; x_wconf 85' lang='lat' dir='ltr'>suspen-</span> 
     </span>
     <span class='ocr_line' id='line_1_6' title="bbox 535 1249 1495 1332; baseline 0 -16"><span class='ocrx_word' id='word_1_30' title='bbox 535 1249 699 1330; x_wconf 89' lang='lat' dir='ltr'>debantur.</span> <span class='ocrx_word' id='word_1_31' title='bbox 725 1249 799 1316; x_wconf 89' lang='lat' dir='ltr'>Erat</span> <span class='ocrx_word' id='word_1_32' title='bbox 821 1255 930 1318; x_wconf 92' lang='lat' dir='ltr'>autem</span> <span class='ocrx_word' id='word_1_33' title='bbox 951 1249 1004 1316; x_wconf 95' lang='lat' dir='ltr'><strong>hic</strong></span> <span class='ocrx_word' id='word_1_34' title='bbox 1020 1249 1110 1316; x_wconf 90' lang='lat' dir='ltr'>locus</span> <span class='ocrx_word' id='word_1_35' title='bbox 1124 1255 1219 1316; x_wconf 81' lang='lat' dir='ltr'>extra</span> <span class='ocrx_word' id='word_1_36' title='bbox 1235 1249 1403 1328; x_wconf 86' lang='lat' dir='ltr'>civitatem,</span> <span class='ocrx_word' id='word_1_37' title='bbox 1421 1249 1495 1332; x_wconf 91' lang='lat' dir='ltr'>quia</span> 
     </span>
     <span class='ocr_line' id='line_1_7' title="bbox 536 1353 1494 1440; baseline -0.004 -16"><span class='ocrx_word' id='word_1_38' title='bbox 536 1357 731 1424; x_wconf 90' lang='lat' dir='ltr'>consuetudo</span> <span class='ocrx_word' id='word_1_39' title='bbox 763 1359 842 1424; x_wconf 91' lang='lat' dir='ltr'>haec</span> <span class='ocrx_word' id='word_1_40' title='bbox 875 1355 1005 1422; x_wconf 84' lang='lat' dir='ltr'>inolevit</span> <span class='ocrx_word' id='word_1_41' title='bbox 1040 1355 1079 1422; x_wconf 90' lang='lat' dir='ltr'><strong>ab</strong></span> <span class='ocrx_word' id='word_1_42' title='bbox 1111 1355 1257 1440; x_wconf 89' lang='lat' dir='ltr'>antiquo,</span> <span class='ocrx_word' id='word_1_43' title='bbox 1292 1363 1326 1422; x_wconf 92' lang='lat' dir='ltr'>ut</span> <span class='ocrx_word' id='word_1_44' title='bbox 1362 1353 1494 1422; x_wconf 86' lang='lat' dir='ltr'>malefici</span> 
     </span>
     <span class='ocr_line' id='line_1_8' title="bbox 536 1461 1493 1548; baseline -0.002 -18"><span class='ocrx_word' id='word_1_45' title='bbox 536 1463 629 1530; x_wconf 80' lang='lat' dir='ltr'>extra</span> <span class='ocrx_word' id='word_1_46' title='bbox 653 1469 755 1532; x_wconf 87' lang='lat' dir='ltr'>castra</span> <span class='ocrx_word' id='word_1_47' title='bbox 771 1463 1008 1542; x_wconf 88' lang='lat' dir='ltr'>occiderentur;</span> <span class='ocrx_word' id='word_1_48' title='bbox 1027 1461 1155 1528; x_wconf 82' lang='lat' dir='ltr'>levitici</span> <span class='ocrx_word' id='word_1_49' title='bbox 1171 1461 1320 1548; x_wconf 81' lang='lat' dir='ltr'>vigesimo</span> <span class='ocrx_word' id='word_1_50' title='bbox 1337 1467 1452 1548; x_wconf 89' lang='lat' dir='ltr'>quarto</span> <span class='ocrx_word' id='word_1_51' title='bbox 1465 1463 1493 1528; x_wconf 74' lang='lat'><strong>2:</strong></span> 
     </span>
     <span class='ocr_line' id='line_1_9' title="bbox 542 1567 1494 1654; baseline 0.001 -23"><span class='ocrx_word' id='word_1_52' title='bbox 542 1597 558 1630; x_wconf 70' lang='lat' dir='ltr'><strong>a</strong></span> <span class='ocrx_word' id='word_1_53' title='bbox 573 1569 659 1636; x_wconf 89' lang='lat' dir='ltr'>Educ</span> <span class='ocrx_word' id='word_1_54' title='bbox 682 1569 903 1654; x_wconf 83' lang='lat' dir='ltr'>blasphemum</span> <span class='ocrx_word' id='word_1_55' title='bbox 933 1573 1028 1636; x_wconf 85' lang='lat' dir='ltr'>extra</span> <span class='ocrx_word' id='word_1_56' title='bbox 1058 1573 1179 1650; x_wconf 87' lang='grc'><strong>666666,</strong></span> <span class='ocrx_word' id='word_1_57' title='bbox 1212 1577 1242 1636; x_wconf 91' lang='grc'><strong>66</strong></span> <span class='ocrx_word' id='word_1_58' title='bbox 1274 1567 1389 1654; x_wconf 82' lang='lat' dir='ltr'>lapidet</span> <span class='ocrx_word' id='word_1_59' title='bbox 1421 1585 1494 1636; x_wconf 90' lang='lat' dir='ltr'><strong>cum</strong></span> 
     </span>
     <span class='ocr_line' id='line_1_10' title="bbox 536 1675 1495 1762; baseline -0.004 -18"><span class='ocrx_word' id='word_1_60' title='bbox 536 1675 636 1744; x_wconf 91' lang='lat' dir='ltr'>omnis</span> <span class='ocrx_word' id='word_1_61' title='bbox 648 1677 786 1762; x_wconf 90' lang='lat' dir='ltr'>populus</span> <span class='ocrx_word' id='word_1_62' title='bbox 797 1703 827 1742; x_wconf 71' lang='lat' dir='ltr'><strong>a.</strong></span> <span class='ocrx_word' id='word_1_63' title='bbox 846 1675 935 1760; x_wconf 86' lang='lat' dir='ltr'>Quod</span> <span class='ocrx_word' id='word_1_64' title='bbox 947 1675 1044 1742; x_wconf 89' lang='lat' dir='ltr'>tiebat</span> <span class='ocrx_word' id='word_1_65' title='bbox 1058 1681 1189 1760; x_wconf 91' lang='grc'><strong>6666666</strong></span> <span class='ocrx_word' id='word_1_66' title='bbox 1202 1675 1427 1760; x_wconf 78' lang='lat' dir='ltr'>spectaculum,</span> <span class='ocrx_word' id='word_1_67' title='bbox 1440 1675 1495 1740; x_wconf 92' lang='lat' dir='ltr'><strong>sed</strong></span> 
     </span>
     <span class='ocr_line' id='line_1_11' title="bbox 537 1779 1495 1866; baseline -0.002 -18"><span class='ocrx_word' id='word_1_68' title='bbox 537 1781 702 1848; x_wconf 87' lang='grc'><strong>66666616</strong></span> <span class='ocrx_word' id='word_1_69' title='bbox 726 1787 855 1866; x_wconf 86' lang='grc'><strong>6666666</strong></span> <span class='ocrx_word' id='word_1_70' title='bbox 883 1779 1090 1866; x_wconf 79' lang='lat' dir='ltr'>mysterium,</span> <span class='ocrx_word' id='word_1_71' title='bbox 1113 1785 1151 1846; x_wconf 92' lang='lat' dir='ltr'>ut</span> <span class='ocrx_word' id='word_1_72' title='bbox 1173 1779 1385 1866; x_wconf 82' lang='lat' dir='ltr'>significetur,</span> <span class='ocrx_word' id='word_1_73' title='bbox 1411 1779 1495 1864; x_wconf 91' lang='lat' dir='ltr'>quod</span> 
     </span>
     <span class='ocr_line' id='line_1_12' title="bbox 536 1885 1495 1974; baseline 0 -20"><span class='ocrx_word' id='word_1_74' title='bbox 536 1887 585 1954; x_wconf 94' lang='lat' dir='ltr'><strong>his</strong></span> <span class='ocrx_word' id='word_1_75' title='bbox 608 1887 663 1974; x_wconf 90' lang='grc'><strong>661</strong></span> <span class='ocrx_word' id='word_1_76' title='bbox 685 1893 777 1954; x_wconf 87' lang='lat' dir='ltr'>orant</span> <span class='ocrx_word' id='word_1_77' title='bbox 799 1893 893 1954; x_wconf 83' lang='lat' dir='ltr'>extra</span> <span class='ocrx_word' id='word_1_78' title='bbox 923 1887 1110 1966; x_wconf 81' lang='lat' dir='ltr'>Ierusalem,</span> <span class='ocrx_word' id='word_1_79' title='bbox 1136 1885 1254 1972; x_wconf 85' lang='lat' dir='ltr'>profuit</span> <span class='ocrx_word' id='word_1_80' title='bbox 1279 1885 1381 1972; x_wconf 87' lang='lat' dir='ltr'>passio</span> <span class='ocrx_word' id='word_1_81' title='bbox 1406 1885 1495 1956; x_wconf 85' lang='lat' dir='ltr'>Chri·</span> 
     </span>
     <span class='ocr_line' id='line_1_13' title="bbox 536 1993 1494 2076; baseline 0 -14"><span class='ocrx_word' id='word_1_82' title='bbox 536 1995 594 2074; x_wconf 89' lang='lat' dir='ltr'>sti;</span> <span class='ocrx_word' id='word_1_83' title='bbox 616 1995 700 2062; x_wconf 89' lang='lat' dir='ltr'>uude</span> <span class='ocrx_word' id='word_1_84' title='bbox 724 1995 762 2062; x_wconf 92' lang='lat' dir='ltr'><strong>ad</strong></span> <span class='ocrx_word' id='word_1_85' title='bbox 786 1995 940 2062; x_wconf 87' lang='lat' dir='ltr'>Hebraeos</span> <span class='ocrx_word' id='word_1_86' title='bbox 965 1993 1119 2062; x_wconf 65' lang='grc'><strong>66616611</strong></span> <span class='ocrx_word' id='word_1_87' title='bbox 1151 1995 1282 2076; x_wconf 85' lang='grc'><strong>«16666,</strong></span> <span class='ocrx_word' id='word_1_88' title='bbox 1304 1999 1343 2062; x_wconf 92' lang='lat' dir='ltr'>ut</span> <span class='ocrx_word' id='word_1_89' title='bbox 1358 1995 1494 2062; x_wconf 89' lang='lat' dir='ltr'>sanctiti-</span> 
     </span>
     <span class='ocr_line' id='line_1_14' title="bbox 537 2101 1494 2188; baseline 0 -18"><span class='ocrx_word' id='word_1_90' title='bbox 537 2107 622 2170; x_wconf 89' lang='lat' dir='ltr'>caret</span> <span class='ocrx_word' id='word_1_91' title='bbox 646 2119 703 2186; x_wconf 88' lang='grc'><strong>666</strong></span> <span class='ocrx_word' id='word_1_92' title='bbox 727 2117 821 2168; x_wconf 89' lang='lat' dir='ltr'>suum</span> <span class='ocrx_word' id='word_1_93' title='bbox 845 2101 1030 2188; x_wconf 82' lang='lat' dir='ltr'>sanguinem</span> <span class='ocrx_word' id='word_1_94' title='bbox 1053 2101 1226 2188; x_wconf 88' lang='lat' dir='ltr'>populum,</span> <span class='ocrx_word' id='word_1_95' title='bbox 1249 2107 1344 2170; x_wconf 85' lang='lat' dir='ltr'>extra</span> <span class='ocrx_word' id='word_1_96' title='bbox 1370 2107 1494 2188; x_wconf 89' lang='lat' dir='ltr'>portam</span> 
     </span>
     <span class='ocr_line' id='line_1_15' title="bbox 536 2207 1493 2296; baseline 0.002 -22"><span class='ocrx_word' id='word_1_97' title='bbox 536 2225 648 2294; x_wconf 88' lang='lat' dir='ltr'>passus</span> <span class='ocrx_word' id='word_1_98' title='bbox 670 2215 718 2274; x_wconf 92' lang='lat' dir='ltr'><strong>est</strong></span> <span class='ocrx_word' id='word_1_99' title='bbox 734 2233 764 2272; x_wconf 71' lang='lat' dir='ltr'><strong>a.</strong></span> <span class='ocrx_word' id='word_1_100' title='bbox 789 2207 859 2274; x_wconf 82' lang='lat' dir='ltr'><strong>uun</strong></span> <span class='ocrx_word' id='word_1_101' title='bbox 881 2214 987 2276; x_wconf 91' lang='lat' dir='ltr'>autem</span> <span class='ocrx_word' id='word_1_102' title='bbox 1011 2209 1071 2276; x_wconf 91' lang='lat' dir='ltr'>ista</span> <span class='ocrx_word' id='word_1_103' title='bbox 1094 2209 1219 2276; x_wconf 90' lang='lat' dir='ltr'>eductio</span> <span class='ocrx_word' id='word_1_104' title='bbox 1233 2209 1447 2296; x_wconf 83' lang='lat' dir='ltr'>praetigurata</span> <span class='ocrx_word' id='word_1_105' title='bbox 1463 2209 1493 2276; x_wconf 92' lang='lat' dir='ltr'>in</span> 
     </span>
     <span class='ocr_line' id='line_1_16' title="bbox 536 2311 1494 2402; baseline 0.001 -20"><span class='ocrx_word' id='word_1_106' title='bbox 536 2313 701 2382; x_wconf 88' lang='lat' dir='ltr'>eductione</span> <span class='ocrx_word' id='word_1_107' title='bbox 724 2313 815 2396; x_wconf 86' lang='grc'><strong>6661,</strong></span> <span class='ocrx_word' id='word_1_108' title='bbox 840 2311 968 2382; x_wconf 83' lang='lat' dir='ltr'>Genesis</span> <span class='ocrx_word' id='word_1_109' title='bbox 990 2315 1146 2402; x_wconf 47' lang='lat' dir='ltr'>quarto&amp;</span> <span class='ocrx_word' id='word_1_110' title='bbox 1163 2317 1194 2382; x_wconf 94' lang='grc'><strong>16</strong></span> <span class='ocrx_word' id='word_1_111' title='bbox 1220 2317 1385 2384; x_wconf 90' lang='lat' dir='ltr'>eductione</span> <span class='ocrx_word' id='word_1_112' title='bbox 1401 2315 1494 2396; x_wconf 90' lang='lat' dir='ltr'>isaac,</span> 
     </span>
     <span class='ocr_line' id='line_1_17' title="bbox 535 2421 1494 2510; baseline 0.004 -22"><span class='ocrx_word' id='word_1_113' title='bbox 535 2421 663 2490; x_wconf 89' lang='lat' dir='ltr'>Genesis</span> <span class='ocrx_word' id='word_1_114' title='bbox 684 2421 837 2510; x_wconf 83' lang='lat' dir='ltr'>vigesimo</span> <span class='ocrx_word' id='word_1_115' title='bbox 859 2423 1012 2504; x_wconf 72' lang='lat' dir='ltr'>secundm</span> <span class='ocrx_word' id='word_1_116' title='bbox 1036 2423 1068 2490; x_wconf 94' lang='lat' dir='ltr'>in</span> <span class='ocrx_word' id='word_1_117' title='bbox 1092 2423 1257 2492; x_wconf 86' lang='lat' dir='ltr'>eductione</span> <span class='ocrx_word' id='word_1_118' title='bbox 1282 2425 1413 2510; x_wconf 90' lang='lat' dir='ltr'>loseph,</span> <span class='ocrx_word' id='word_1_119' title='bbox 1437 2423 1494 2492; x_wconf 91' lang='lat' dir='ltr'>Ge-</span> 
     </span>
     <span class='ocr_line' id='line_1_18' title="bbox 499 2527 1495 2616; baseline 0 -18"><span class='ocrx_word' id='word_1_120' title='bbox 499 2575 503 2584; x_wconf 59' lang='grc'><strong><em>·</em></strong></span> <span class='ocrx_word' id='word_1_121' title='bbox 535 2531 618 2598; x_wconf 88' lang='grc'><strong>66616</strong></span> <span class='ocrx_word' id='word_1_122' title='bbox 643 2527 803 2616; x_wconf 84' lang='lat' dir='ltr'>trigesimo</span> <span class='ocrx_word' id='word_1_123' title='bbox 829 2531 977 2616; x_wconf 89' lang='lat' dir='ltr'>septimo;</span> <span class='ocrx_word' id='word_1_124' title='bbox 1003 2531 1033 2596; x_wconf 91' lang='lat' dir='ltr'>in</span> <span class='ocrx_word' id='word_1_125' title='bbox 1058 2533 1236 2616; x_wconf 80' lang='lat' dir='ltr'>egressione</span> <span class='ocrx_word' id='word_1_126' title='bbox 1260 2531 1358 2598; x_wconf 85' lang='lat' dir='ltr'>David</span> <span class='ocrx_word' id='word_1_127' title='bbox 1385 2531 1422 2598; x_wconf 91' lang='lat' dir='ltr'>de</span> <span class='ocrx_word' id='word_1_128' title='bbox 1451 2533 1495 2598; x_wconf 90' lang='lat' dir='ltr'>le-</span> 
     </span>
     <span class='ocr_line' id='line_1_19' title="bbox 534 2637 1495 2724; baseline -0.002 -20"><span class='ocrx_word' id='word_1_129' title='bbox 534 2639 691 2716; x_wconf 89' lang='lat' dir='ltr'>rusalem,</span> <span class='ocrx_word' id='word_1_130' title='bbox 716 2637 845 2704; x_wconf 90' lang='lat' dir='ltr'>secundi</span> <span class='ocrx_word' id='word_1_131' title='bbox 869 2639 986 2724; x_wconf 84' lang='lat' dir='ltr'>Regum</span> <span class='ocrx_word' id='word_1_132' title='bbox 1004 2637 1125 2704; x_wconf 88' lang='lat' dir='ltr'>decimo</span> <span class='ocrx_word' id='word_1_133' title='bbox 1148 2639 1269 2722; x_wconf 91' lang='lat' dir='ltr'>quinto.</span> <span class='ocrx_word' id='word_1_134' title='bbox 1296 2637 1410 2704; x_wconf 90' lang='grc'><strong>16666</strong></span> <span class='ocrx_word' id='word_1_135' title='bbox 1439 2637 1495 2722; x_wconf 82' lang='grc'><strong>161-</strong></span> 
     </span>
     <span class='ocr_line' id='line_1_20' title="bbox 535 2741 1497 2830; baseline -0.003 -21"><span class='ocrx_word' id='word_1_136' title='bbox 535 2744 679 2812; x_wconf 90' lang='grc'><strong>6661666</strong></span> <span class='ocrx_word' id='word_1_137' title='bbox 704 2741 877 2830; x_wconf 88' lang='grc'><strong>66666666</strong></span> <span class='ocrx_word' id='word_1_138' title='bbox 902 2743 1102 2810; x_wconf 89' lang='lat' dir='ltr'>acerbissima</span> <span class='ocrx_word' id='word_1_139' title='bbox 1126 2761 1226 2826; x_wconf 92' lang='lat' dir='ltr'>poena</span> <span class='ocrx_word' id='word_1_140' title='bbox 1250 2743 1497 2810; x_wconf 88' lang='grc'><strong>666616666616-</strong></span> 
     </span>
     <span class='ocr_line' id='line_1_21' title="bbox 535 2845 1494 2928; baseline -0.004 -14"><span class='ocrx_word' id='word_1_141' title='bbox 535 2869 599 2916; x_wconf 84' lang='lat' dir='ltr'>xus</span> <span class='ocrx_word' id='word_1_142' title='bbox 635 2855 699 2928; x_wconf 91' lang='lat' dir='ltr'>est,</span> <span class='ocrx_word' id='word_1_143' title='bbox 734 2847 909 2916; x_wconf 89' lang='lat' dir='ltr'>secundum</span> <span class='ocrx_word' id='word_1_144' title='bbox 947 2847 1024 2914; x_wconf 92' lang='lat' dir='ltr'>illud</span> <span class='ocrx_word' id='word_1_145' title='bbox 1063 2849 1231 2914; x_wconf 85' lang='lat' dir='ltr'>Zachariae</span> <span class='ocrx_word' id='word_1_146' title='bbox 1265 2845 1494 2914; x_wconf 76' lang='lat' dir='ltr'>duodecimoiz</span> 
     </span>
     <span class='ocr_line' id='line_1_22' title="bbox 539 2937 1496 3040; baseline -0.004 -20"><span class='ocrx_word' id='word_1_147' title='bbox 539 2981 555 3014; x_wconf 73' lang='lat' dir='ltr'><strong>c&lt;</strong></span> <span class='ocrx_word' id='word_1_148' title='bbox 572 2937 788 3040; x_wconf 78' lang='grc'><strong>6661616666]</strong></span> <span class='ocrx_word' id='word_1_149' title='bbox 813 2971 882 3030; x_wconf 88' lang='lat' dir='ltr'><strong>me,</strong></span> <span class='ocrx_word' id='word_1_150' title='bbox 899 2969 994 3038; x_wconf 87' lang='lat' dir='ltr'>quern</span> <span class='ocrx_word' id='word_1_151' title='bbox 1013 2949 1496 3030; x_wconf 79' lang='grc'><strong>6666666666»;661166666166</strong></span> 
     </span>
     <span class='ocr_line' id='line_1_23' title="bbox 535 3053 1497 3142; baseline -0.005 -16"><span class='ocrx_word' id='word_1_152' title='bbox 535 3061 646 3126; x_wconf 88' lang='lat' dir='ltr'>tertio:</span> <span class='ocrx_word' id='word_1_153' title='bbox 675 3059 737 3124; x_wconf 86' lang='grc'><strong>«86</strong></span> <span class='ocrx_word' id='word_1_154' title='bbox 763 3059 867 3142; x_wconf 83' lang='lat' dir='ltr'>affiget</span> <span class='ocrx_word' id='word_1_155' title='bbox 892 3059 986 3122; x_wconf 90' lang='lat' dir='ltr'>homo</span> <span class='ocrx_word' id='word_1_156' title='bbox 1010 3055 1126 3132; x_wconf 84' lang='lat' dir='ltr'>Deum,</span> <span class='ocrx_word' id='word_1_157' title='bbox 1150 3055 1224 3138; x_wconf 89' lang='lat' dir='ltr'>quia</span> <span class='ocrx_word' id='word_1_158' title='bbox 1256 3073 1311 3122; x_wconf 86' lang='lat' dir='ltr'><strong>ros</strong></span> <span class='ocrx_word' id='word_1_159' title='bbox 1341 3053 1497 3140; x_wconf 85' lang='lat' dir='ltr'>contigitis</span> 
     </span>
     <span class='ocr_line' id='line_1_24' title="bbox 385 3157 1497 3246; baseline -0.005 -14"><span class='ocrx_word' id='word_1_160' title='bbox 385 3179 472 3232; x_wconf 72' lang='lat' dir='ltr'>inoleta</span> <span class='ocrx_word' id='word_1_161' title='bbox 486 3177 520 3220; x_wconf 77' lang='lat' dir='ltr'><strong>est</strong></span> <span class='ocrx_word' id='word_1_162' title='bbox 535 3157 587 3232; x_wconf 90' lang='lat' dir='ltr'><strong>me</strong></span> <span class='ocrx_word' id='word_1_163' title='bbox 602 3171 641 3230; x_wconf 80' lang='grc'><strong>»6</strong></span> <span class='ocrx_word' id='word_1_164' title='bbox 662 3199 708 3212; x_wconf 86' lang='lat'><strong>·--</strong></span> <span class='ocrx_word' id='word_1_165' title='bbox 731 3163 819 3228; x_wconf 89' lang='lat' dir='ltr'>Tunc</span> <span class='ocrx_word' id='word_1_166' title='bbox 842 3161 971 3244; x_wconf 87' lang='lat' dir='ltr'>impleta</span> <span class='ocrx_word' id='word_1_167' title='bbox 997 3167 1044 3226; x_wconf 90' lang='lat' dir='ltr'><strong>est</strong></span> <span class='ocrx_word' id='word_1_168' title='bbox 1069 3161 1171 3244; x_wconf 84' lang='lat' dir='ltr'>ligura</span> <span class='ocrx_word' id='word_1_169' title='bbox 1195 3159 1232 3226; x_wconf 92' lang='lat' dir='ltr'>de</span> <span class='ocrx_word' id='word_1_170' title='bbox 1265 3165 1409 3246; x_wconf 91' lang='lat' dir='ltr'>serpente</span> <span class='ocrx_word' id='word_1_171' title='bbox 1442 3179 1497 3228; x_wconf 91' lang='lat' dir='ltr'>su-</span> 
     </span>
    </p>
   </div>
   <div class='ocr_carea' id='block_1_3' title="bbox 392 3231 1496 3354">
    <p class='ocr_par' dir='ltr' id='par_1_3' title="bbox 392 3231 1496 3354">
     <span class='ocr_line' id='line_1_25' title="bbox 392 3231 1496 3354; baseline -0.005 -14"><span class='ocrx_word' id='word_1_172' title='bbox 392 3231 649 3354; x_wconf 51' lang='lat' dir='ltr'><strong>si³e¹31¹t²is⁵itr⁴spenso</strong></span> <span class='ocrx_word' id='word_1_173' title='bbox 671 3269 704 3334; x_wconf 91' lang='grc'><strong>16</strong></span> <span class='ocrx_word' id='word_1_174' title='bbox 726 3269 815 3352; x_wconf 91' lang='grc'><strong>6666,</strong></span> <span class='ocrx_word' id='word_1_175' title='bbox 839 3267 1052 3334; x_wconf 90' lang='lat' dir='ltr'>Numerorum</span> <span class='ocrx_word' id='word_1_176' title='bbox 1075 3265 1226 3352; x_wconf 80' lang='lat' dir='ltr'>vigesimo</span> <span class='ocrx_word' id='word_1_177' title='bbox 1251 3265 1353 3352; x_wconf 86' lang='lat' dir='ltr'>primo</span> <span class='ocrx_word' id='word_1_178' title='bbox 1367 3267 1396 3348; x_wconf 77' lang='lat'><strong>⁶3</strong></span> <span class='ocrx_word' id='word_1_179' title='bbox 1418 3271 1496 3334; x_wconf 91' lang='grc'><strong>6666</strong></span> 
     </span>
    </p>
   </div>
   <div class='ocr_carea' id='block_1_4' title="bbox 390 3337 1496 4632">
    <p class='ocr_par' dir='ltr' id='par_1_4' title="bbox 390 3337 1496 4632">
     <span class='ocr_line' id='line_1_26' title="bbox 390 3337 1494 3460; baseline -0.002 -18"><span class='ocrx_word' id='word_1_180' title='bbox 390 3337 510 3392; x_wconf 47' lang='lat' dir='ltr'><strong>mmm</strong></span> <span class='ocrx_word' id='word_1_181' title='bbox 535 3373 701 3460; x_wconf 90' lang='lat' dir='ltr'>impletum</span> <span class='ocrx_word' id='word_1_182' title='bbox 731 3379 780 3440; x_wconf 91' lang='lat' dir='ltr'><strong>est</strong></span> <span class='ocrx_word' id='word_1_183' title='bbox 802 3371 881 3440; x_wconf 90' lang='lat' dir='ltr'>illud</span> <span class='ocrx_word' id='word_1_184' title='bbox 915 3371 1150 3440; x_wconf 76' lang='lat' dir='ltr'>deuteronomii</span> <span class='ocrx_word' id='word_1_185' title='bbox 1187 3371 1335 3458; x_wconf 80' lang='lat' dir='ltr'>vigesimo</span> <span class='ocrx_word' id='word_1_186' title='bbox 1367 3377 1494 3440; x_wconf 82' lang='lat' dir='ltr'>octauo:</span> 
     </span>
     <span class='ocr_line' id='line_1_27' title="bbox 540 3479 1496 3566; baseline 0.006 -26"><span class='ocrx_word' id='word_1_187' title='bbox 540 3507 558 3540; x_wconf 72' lang='lat' dir='ltr'><strong>a</strong></span> <span class='ocrx_word' id='word_1_188' title='bbox 574 3481 640 3548; x_wconf 85' lang='lat' dir='ltr'>Erit</span> <span class='ocrx_word' id='word_1_189' title='bbox 661 3481 725 3546; x_wconf 86' lang='lat' dir='ltr'>rita</span> <span class='ocrx_word' id='word_1_190' title='bbox 749 3487 804 3547; x_wconf 89' lang='lat' dir='ltr'><strong>tua</strong></span> <span class='ocrx_word' id='word_1_191' title='bbox 834 3479 925 3564; x_wconf 91' lang='lat' dir='ltr'>quasi</span> <span class='ocrx_word' id='word_1_192' title='bbox 957 3481 1095 3566; x_wconf 91' lang='lat' dir='ltr'>pendens</span> <span class='ocrx_word' id='word_1_193' title='bbox 1119 3487 1191 3548; x_wconf 91' lang='lat' dir='ltr'>ante</span> <span class='ocrx_word' id='word_1_194' title='bbox 1222 3487 1253 3548; x_wconf 94' lang='grc'><strong>66</strong></span> <span class='ocrx_word' id='word_1_195' title='bbox 1268 3507 1300 3548; x_wconf 69' lang='lat' dir='ltr'><strong>a.</strong></span> <span class='ocrx_word' id='word_1_196' title='bbox 1325 3481 1413 3548; x_wconf 90' lang='lat' dir='ltr'>Tunc</span> <span class='ocrx_word' id='word_1_197' title='bbox 1437 3481 1496 3546; x_wconf 85' lang='lat' dir='ltr'><strong>im-</strong></span> 
     </span>
     <span class='ocr_line' id='line_1_28' title="bbox 535 3587 1496 3676; baseline 0.001 -21"><span class='ocrx_word' id='word_1_198' title='bbox 535 3588 620 3676; x_wconf 90' lang='lat' dir='ltr'>pleta</span> <span class='ocrx_word' id='word_1_199' title='bbox 641 3595 690 3656; x_wconf 90' lang='grc'><strong>666</strong></span> <span class='ocrx_word' id='word_1_200' title='bbox 711 3587 878 3674; x_wconf 90' lang='lat' dir='ltr'>prophetia</span> <span class='ocrx_word' id='word_1_201' title='bbox 900 3587 1043 3654; x_wconf 69' lang='lat' dir='ltr'>navim:</span> <span class='ocrx_word' id='word_1_202' title='bbox 1073 3587 1263 3656; x_wconf 79' lang='lat' dir='ltr'>«Foderunt</span> <span class='ocrx_word' id='word_1_203' title='bbox 1277 3607 1391 3658; x_wconf 90' lang='lat' dir='ltr'>manus</span> <span class='ocrx_word' id='word_1_204' title='bbox 1406 3607 1496 3656; x_wconf 90' lang='lat' dir='ltr'>meas</span> 
     </span>
     <span class='ocr_line' id='line_1_29' title="bbox 535 3695 1495 3782; baseline 0 -18"><span class='ocrx_word' id='word_1_205' title='bbox 535 3703 568 3764; x_wconf 90' lang='lat' dir='ltr'><strong>et</strong></span> <span class='ocrx_word' id='word_1_206' title='bbox 589 3695 685 3782; x_wconf 90' lang='lat' dir='ltr'>pedes</span> <span class='ocrx_word' id='word_1_207' title='bbox 707 3709 793 3762; x_wconf 89' lang='lat' dir='ltr'>meos</span> <span class='ocrx_word' id='word_1_208' title='bbox 807 3719 836 3774; x_wconf 83' lang='lat'><strong>»;</strong></span> <span class='ocrx_word' id='word_1_209' title='bbox 863 3701 939 3761; x_wconf 90' lang='lat' dir='ltr'>tunc</span> <span class='ocrx_word' id='word_1_210' title='bbox 973 3695 1101 3780; x_wconf 90' lang='lat' dir='ltr'>impleta</span> <span class='ocrx_word' id='word_1_211' title='bbox 1133 3703 1180 3762; x_wconf 92' lang='lat' dir='ltr'><strong>est</strong></span> <span class='ocrx_word' id='word_1_212' title='bbox 1213 3697 1380 3782; x_wconf 90' lang='lat' dir='ltr'>prophetia</span> <span class='ocrx_word' id='word_1_213' title='bbox 1414 3697 1495 3764; x_wconf 90' lang='lat' dir='ltr'>lere·</span> 
     </span>
     <span class='ocr_line' id='line_1_30' title="bbox 535 3797 1494 3888; baseline 0.002 -20"><span class='ocrx_word' id='word_1_214' title='bbox 535 3801 618 3868; x_wconf 90' lang='lat' dir='ltr'>miae</span> <span class='ocrx_word' id='word_1_215' title='bbox 640 3801 825 3868; x_wconf 91' lang='lat' dir='ltr'>undecimo:</span> <span class='ocrx_word' id='word_1_216' title='bbox 855 3801 1044 3868; x_wconf 77' lang='grc'><strong>«6111166166</strong></span> <span class='ocrx_word' id='word_1_217' title='bbox 1060 3797 1181 3886; x_wconf 78' lang='lat' dir='ltr'>lignur&#39;n</span> <span class='ocrx_word' id='word_1_218' title='bbox 1202 3801 1236 3868; x_wconf 92' lang='lat' dir='ltr'>iu</span> <span class='ocrx_word' id='word_1_219' title='bbox 1252 3821 1365 3888; x_wconf 90' lang='lat' dir='ltr'>panem</span> <span class='ocrx_word' id='word_1_220' title='bbox 1381 3803 1449 3872; x_wconf 90' lang='lat' dir='ltr'>eius</span> <span class='ocrx_word' id='word_1_221' title='bbox 1460 3827 1494 3884; x_wconf 77' lang='lat'><strong>»3</strong></span> 
     </span>
     <span class='ocr_line' id='line_1_31' title="bbox 536 3907 1495 3994; baseline 0 -18"><span class='ocrx_word' id='word_1_222' title='bbox 536 3917 568 3976; x_wconf 93' lang='grc'><strong>66</strong></span> <span class='ocrx_word' id='word_1_223' title='bbox 590 3909 668 3976; x_wconf 90' lang='lat' dir='ltr'>illud</span> <span class='ocrx_word' id='word_1_224' title='bbox 692 3907 827 3976; x_wconf 87' lang='lat' dir='ltr'>Danielis</span> <span class='ocrx_word' id='word_1_225' title='bbox 851 3925 951 3974; x_wconf 91' lang='lat' dir='ltr'>nouo:</span> <span class='ocrx_word' id='word_1_226' title='bbox 982 3907 1051 3976; x_wconf 88' lang='lat' dir='ltr'>«Et</span> <span class='ocrx_word' id='word_1_227' title='bbox 1073 3915 1144 3994; x_wconf 90' lang='lat' dir='ltr'>post</span> <span class='ocrx_word' id='word_1_228' title='bbox 1168 3909 1379 3978; x_wconf 90' lang='lat' dir='ltr'>hebdomadas</span> <span class='ocrx_word' id='word_1_229' title='bbox 1402 3927 1495 3978; x_wconf 83' lang='lat' dir='ltr'>sexa-</span> 
     </span>
     <span class='ocr_line' id='line_1_32' title="bbox 536 4013 1495 4102; baseline 0.004 -22"><span class='ocrx_word' id='word_1_230' title='bbox 536 4015 624 4102; x_wconf 84' lang='lat' dir='ltr'>ginta</span> <span class='ocrx_word' id='word_1_231' title='bbox 645 4015 724 4082; x_wconf 91' lang='lat' dir='ltr'>duas</span> <span class='ocrx_word' id='word_1_232' title='bbox 754 4013 915 4082; x_wconf 91' lang='lat' dir='ltr'>occidetur</span> <span class='ocrx_word' id='word_1_233' title='bbox 950 4013 1095 4082; x_wconf 85' lang='lat' dir='ltr'>Christus</span> <span class='ocrx_word' id='word_1_234' title='bbox 1112 4039 1143 4096; x_wconf 68' lang='lat'><strong>›2;</strong></span> <span class='ocrx_word' id='word_1_235' title='bbox 1169 4023 1251 4082; x_wconf 60' lang='lat' dir='ltr'>tunc,</span> <span class='ocrx_word' id='word_1_236' title='bbox 1274 4023 1306 4084; x_wconf 89' lang='lat' dir='ltr'><strong>et</strong></span> <span class='ocrx_word' id='word_1_237' title='bbox 1328 4017 1495 4102; x_wconf 88' lang='lat' dir='ltr'>prophetia</span> 
     </span>
     <span class='ocr_line' id='line_1_33' title="bbox 535 4119 1495 4210; baseline 0.006 -24"><span class='ocrx_word' id='word_1_238' title='bbox 535 4121 714 4208; x_wconf 87' lang='lat' dir='ltr'>Zachariae</span> <span class='ocrx_word' id='word_1_239' title='bbox 728 4119 848 4188; x_wconf 89' lang='lat' dir='ltr'>decimo</span> <span class='ocrx_word' id='word_1_240' title='bbox 873 4119 1009 4188; x_wconf 79' lang='lat' dir='ltr'>tertic⁸:</span> <span class='ocrx_word' id='word_1_241' title='bbox 1040 4123 1151 4206; x_wconf 82' lang='lat' dir='ltr'>«Quid</span> <span class='ocrx_word' id='word_1_242' title='bbox 1184 4127 1258 4190; x_wconf 87' lang='lat' dir='ltr'>sunt</span> <span class='ocrx_word' id='word_1_243' title='bbox 1285 4123 1393 4210; x_wconf 85' lang='lat' dir='ltr'>plagae</span> <span class='ocrx_word' id='word_1_244' title='bbox 1417 4123 1495 4192; x_wconf 90' lang='lat' dir='ltr'>istae</span> 
     </span>
     <span class='ocr_line' id='line_1_34' title="bbox 536 4227 1494 4298; baseline 0.004 -4"><span class='ocrx_word' id='word_1_245' title='bbox 536 4229 567 4294; x_wconf 90' lang='lat' dir='ltr'>in</span> <span class='ocrx_word' id='word_1_246' title='bbox 590 4227 693 4294; x_wconf 90' lang='lat' dir='ltr'>medio</span> <span class='ocrx_word' id='word_1_247' title='bbox 724 4245 876 4294; x_wconf 92' lang='lat' dir='ltr'>manuum</span> <span class='ocrx_word' id='word_1_248' title='bbox 912 4233 1042 4294; x_wconf 89' lang='lat' dir='ltr'>tuarum</span> <span class='ocrx_word' id='word_1_249' title='bbox 1057 4235 1092 4296; x_wconf 79' lang='grc'><strong>»6</strong></span> <span class='ocrx_word' id='word_1_250' title='bbox 1118 4235 1192 4298; x_wconf 88' lang='grc'><strong>6666</strong></span> <span class='ocrx_word' id='word_1_251' title='bbox 1223 4237 1254 4296; x_wconf 92' lang='grc'><strong>66</strong></span> <span class='ocrx_word' id='word_1_252' title='bbox 1289 4231 1367 4298; x_wconf 93' lang='lat' dir='ltr'>illud</span> <span class='ocrx_word' id='word_1_253' title='bbox 1398 4229 1494 4298; x_wconf 88' lang='lat' dir='ltr'>Isaiae</span> 
     </span>
     <span class='ocr_line' id='line_1_35' title="bbox 535 4321 1494 4420; baseline 0.002 -18"><span class='ocrx_word' id='word_1_254' title='bbox 535 4333 796 4420; x_wconf 83' lang='lat' dir='ltr'>quinquagesimo</span> <span class='ocrx_word' id='word_1_255' title='bbox 828 4321 942 4402; x_wconf 89' lang='lat' dir='ltr'>tertio:</span> <span class='ocrx_word' id='word_1_256' title='bbox 961 4321 1099 4404; x_wconf 77' lang='grc' dir='ltr'><strong>Ι«81666</strong></span> <span class='ocrx_word' id='word_1_257' title='bbox 1130 4335 1197 4404; x_wconf 84' lang='lat' dir='ltr'>oris</span> <span class='ocrx_word' id='word_1_258' title='bbox 1232 4337 1269 4402; x_wconf 92' lang='lat' dir='ltr'><strong>ad</strong></span> <span class='ocrx_word' id='word_1_259' title='bbox 1305 4335 1494 4404; x_wconf 90' lang='lat' dir='ltr'>occisionem</span> 
     </span>
     <span class='ocr_line' id='line_1_36' title="bbox 534 4439 1494 4528; baseline 0.002 -20"><span class='ocrx_word' id='word_1_260' title='bbox 534 4441 670 4508; x_wconf 92' lang='lat' dir='ltr'>ducetur</span> <span class='ocrx_word' id='word_1_261' title='bbox 685 4465 715 4504; x_wconf 74' lang='grc'><strong>6.</strong></span> <span class='ocrx_word' id='word_1_262' title='bbox 752 4439 839 4508; x_wconf 85' lang='grc'><strong>7666</strong></span> <span class='ocrx_word' id='word_1_263' title='bbox 870 4439 998 4526; x_wconf 90' lang='lat' dir='ltr'>impleta</span> <span class='ocrx_word' id='word_1_264' title='bbox 1026 4447 1103 4510; x_wconf 91' lang='grc'><strong>6666</strong></span> <span class='ocrx_word' id='word_1_265' title='bbox 1131 4441 1237 4510; x_wconf 87' lang='lat' dir='ltr'>omnia</span> <span class='ocrx_word' id='word_1_266' title='bbox 1268 4443 1428 4528; x_wconf 89' lang='lat' dir='ltr'>praedicta</span> <span class='ocrx_word' id='word_1_267' title='bbox 1454 4443 1494 4510; x_wconf 95' lang='lat' dir='ltr'>de</span> 
     </span>
     <span class='ocr_line' id='line_1_37' title="bbox 534 4543 1493 4632; baseline 0.004 -20"><span class='ocrx_word' id='word_1_268' title='bbox 534 4543 678 4632; x_wconf 88' lang='lat' dir='ltr'>passione</span> <span class='ocrx_word' id='word_1_269' title='bbox 699 4543 833 4624; x_wconf 89' lang='lat' dir='ltr'>Christi;</span> <span class='ocrx_word' id='word_1_270' title='bbox 859 4545 942 4612; x_wconf 90' lang='lat' dir='ltr'>unde</span> <span class='ocrx_word' id='word_1_271' title='bbox 965 4563 1063 4632; x_wconf 88' lang='lat' dir='ltr'>supra</span> <span class='ocrx_word' id='word_1_272' title='bbox 1078 4549 1198 4616; x_wconf 92' lang='lat' dir='ltr'>decimo</span> <span class='ocrx_word' id='word_1_273' title='bbox 1214 4555 1323 4618; x_wconf 82' lang='lat' dir='ltr'>octauo</span> <span class='ocrx_word' id='word_1_274' title='bbox 1336 4549 1364 4614; x_wconf 76' lang='lat'><strong>⁹:</strong></span> <span class='ocrx_word' id='word_1_275' title='bbox 1385 4573 1402 4608; x_wconf 73' lang='lat' dir='ltr'>&lt;r</span> <span class='ocrx_word' id='word_1_276' title='bbox 1415 4547 1493 4616; x_wconf 89' lang='lat' dir='ltr'>Con-</span> 
     </span>
    </p>
   </div>
   <div class='ocr_carea' id='block_1_5' title="bbox 459 4929 1495 5792">
    <p class='ocr_par' dir='ltr' id='par_1_5' title="bbox 534 4929 1495 5526">
     <span class='ocr_line' id='line_1_38' title="bbox 534 4929 1495 5002; baseline 0.002 -18"><span class='ocrx_word' id='word_1_277' title='bbox 534 4929 646 4984; x_wconf 88' lang='lat' dir='ltr'>llebraei</span> <span class='ocrx_word' id='word_1_278' title='bbox 665 4931 811 4998; x_wconf 86' lang='lat' dir='ltr'>disputant,</span> <span class='ocrx_word' id='word_1_279' title='bbox 830 4933 1002 4998; x_wconf 89' lang='lat' dir='ltr'>sepulturam.</span> <span class='ocrx_word' id='word_1_280' title='bbox 1016 4933 1184 4998; x_wconf 79' lang='lat' dir='ltr'>congruebat</span> <span class='ocrx_word' id='word_1_281' title='bbox 1202 4935 1316 5002; x_wconf 90' lang='lat' dir='ltr'>quippe,</span> <span class='ocrx_word' id='word_1_282' title='bbox 1336 4941 1364 4988; x_wconf 90' lang='lat' dir='ltr'>ut</span> <span class='ocrx_word' id='word_1_283' title='bbox 1375 4933 1413 4986; x_wconf 91' lang='lat' dir='ltr'><strong>ibi</strong></span> <span class='ocrx_word' id='word_1_284' title='bbox 1426 4935 1495 4986; x_wconf 88' lang='lat' dir='ltr'>vitae</span> 
     </span>
     <span class='ocr_line' id='line_1_39' title="bbox 536 5019 1494 5084; baseline 0.002 -12"><span class='ocrx_word' id='word_1_285' title='bbox 536 5025 639 5072; x_wconf 86' lang='grc'><strong>6666666</strong></span> <span class='ocrx_word' id='word_1_286' title='bbox 653 5019 783 5084; x_wconf 86' lang='lat' dir='ltr'>primitiae</span> <span class='ocrx_word' id='word_1_287' title='bbox 795 5023 955 5084; x_wconf 88' lang='lat' dir='ltr'>locarentur,</span> <span class='ocrx_word' id='word_1_288' title='bbox 971 5021 1017 5074; x_wconf 91' lang='grc'><strong>661</strong></span> <span class='ocrx_word' id='word_1_289' title='bbox 1031 5023 1131 5074; x_wconf 89' lang='grc'><strong>6666666</strong></span> <span class='ocrx_word' id='word_1_290' title='bbox 1144 5023 1235 5076; x_wconf 87' lang='lat' dir='ltr'>mortis</span> <span class='ocrx_word' id='word_1_291' title='bbox 1247 5023 1355 5074; x_wconf 78' lang='lat' dir='ltr'>exordia</span> <span class='ocrx_word' id='word_1_292' title='bbox 1367 5043 1393 5074; x_wconf 76' lang='lat' dir='ltr'><strong>n.</strong></span> <span class='ocrx_word' id='word_1_293' title='bbox 1408 5023 1494 5074; x_wconf 83' lang='lat' dir='ltr'>Poste-</span> 
     </span>
     <span class='ocr_line' id='line_1_40' title="bbox 535 5107 1494 5176; baseline 0 -16"><span class='ocrx_word' id='word_1_294' title='bbox 535 5107 629 5160; x_wconf 90' lang='lat' dir='ltr'>riorem</span> <span class='ocrx_word' id='word_1_295' title='bbox 650 5109 849 5172; x_wconf 83' lang='lat' dir='ltr'>explicationem</span> <span class='ocrx_word' id='word_1_296' title='bbox 866 5109 999 5162; x_wconf 88' lang='lat' dir='ltr'>insinuant</span> <span class='ocrx_word' id='word_1_297' title='bbox 1018 5109 1096 5162; x_wconf 88' lang='lat' dir='ltr'>etiam</span> <span class='ocrx_word' id='word_1_298' title='bbox 1115 5111 1231 5176; x_wconf 83' lang='lat' dir='ltr'>Origen,</span> <span class='ocrx_word' id='word_1_299' title='bbox 1249 5109 1397 5162; x_wconf 82' lang='lat' dir='ltr'>Commeat.</span> <span class='ocrx_word' id='word_1_300' title='bbox 1410 5109 1494 5160; x_wconf 84' lang='grc'><strong>866166</strong></span> 
     </span>
     <span class='ocr_line' id='line_1_41' title="bbox 535 5197 1493 5262; baseline 0 -14"><span class='ocrx_word' id='word_1_301' title='bbox 535 5197 559 5248; x_wconf 91' lang='grc'><strong>16</strong></span> <span class='ocrx_word' id='word_1_302' title='bbox 579 5197 668 5248; x_wconf 85' lang='grc'><strong>616666.</strong></span> <span class='ocrx_word' id='word_1_303' title='bbox 685 5197 734 5262; x_wconf 81' lang='grc'><strong>37,</strong></span> <span class='ocrx_word' id='word_1_304' title='bbox 753 5197 796 5248; x_wconf 76' lang='lat'><strong>32.</strong></span> <span class='ocrx_word' id='word_1_305' title='bbox 815 5211 843 5250; x_wconf 90' lang='grc'><strong>6.</strong></span> <span class='ocrx_word' id='word_1_306' title='bbox 864 5199 928 5260; x_wconf 78' lang='grc'><strong>626;</strong></span> <span class='ocrx_word' id='word_1_307' title='bbox 949 5199 1078 5262; x_wconf 88' lang='lat' dir='ltr'>Epiphan.</span> <span class='ocrx_word' id='word_1_308' title='bbox 1098 5201 1115 5248; x_wconf 94' lang='grc'><strong>1.</strong></span> <span class='ocrx_word' id='word_1_309' title='bbox 1128 5199 1257 5250; x_wconf 87' lang='lat' dir='ltr'>adversus</span> <span class='ocrx_word' id='word_1_310' title='bbox 1271 5197 1377 5248; x_wconf 79' lang='lat' dir='ltr'>Haeres</span> <span class='ocrx_word' id='word_1_311' title='bbox 1394 5199 1493 5248; x_wconf 88' lang='lat' dir='ltr'>haeres.</span> 
     </span>
     <span class='ocr_line' id='line_1_42' title="bbox 536 5283 1494 5350; baseline -0.002 -12"><span class='ocrx_word' id='word_1_312' title='bbox 536 5285 578 5338; x_wconf 86' lang='grc'><strong>16.</strong></span> <span class='ocrx_word' id='word_1_313' title='bbox 597 5299 621 5336; x_wconf 89' lang='lat' dir='ltr'><strong>n.</strong></span> <span class='ocrx_word' id='word_1_314' title='bbox 642 5285 659 5336; x_wconf 84' lang='lat'>5</span> <span class='ocrx_word' id='word_1_315' title='bbox 666 5303 672 5346; x_wconf 89' lang='lat'>;</span> <span class='ocrx_word' id='word_1_316' title='bbox 691 5285 834 5350; x_wconf 72' lang='grc'><strong>(16666666,</strong></span> <span class='ocrx_word' id='word_1_317' title='bbox 853 5285 948 5338; x_wconf 90' lang='lat' dir='ltr'>Homil.</span> <span class='ocrx_word' id='word_1_318' title='bbox 968 5287 1011 5338; x_wconf 83' lang='lat'><strong>85.</strong></span> <span class='ocrx_word' id='word_1_319' title='bbox 1032 5283 1106 5350; x_wconf 90' lang='lat' dir='ltr'>(alias</span> <span class='ocrx_word' id='word_1_320' title='bbox 1125 5285 1178 5350; x_wconf 86' lang='grc'><strong>81.)</strong></span> <span class='ocrx_word' id='word_1_321' title='bbox 1199 5285 1224 5336; x_wconf 91' lang='grc'><strong>16</strong></span> <span class='ocrx_word' id='word_1_322' title='bbox 1243 5285 1311 5336; x_wconf 90' lang='grc'><strong>1666.</strong></span> <span class='ocrx_word' id='word_1_323' title='bbox 1332 5299 1359 5336; x_wconf 90' lang='grc'><strong>6.</strong></span> <span class='ocrx_word' id='word_1_324' title='bbox 1379 5283 1494 5344; x_wconf 80' lang='grc'><strong>1;6’66-</strong></span> 
     </span>
     <span class='ocr_line' id='line_1_43' title="bbox 536 5371 1493 5440; baseline -0.004 -14"><span class='ocrx_word' id='word_1_325' title='bbox 536 5375 598 5436; x_wconf 84' lang='lat' dir='ltr'>tull,</span> <span class='ocrx_word' id='word_1_326' title='bbox 614 5373 642 5424; x_wconf 95' lang='lat' dir='ltr'><strong>ll.</strong></span> <span class='ocrx_word' id='word_1_327' title='bbox 662 5371 813 5430; x_wconf 89' lang='lat' dir='ltr'>Carminum</span> <span class='ocrx_word' id='word_1_328' title='bbox 835 5379 922 5426; x_wconf 89' lang='lat' dir='ltr'>contra</span> <span class='ocrx_word' id='word_1_329' title='bbox 943 5373 1102 5426; x_wconf 82' lang='lat' dir='ltr'>Marcionem</span> <span class='ocrx_word' id='word_1_330' title='bbox 1130 5371 1257 5440; x_wconf 83' lang='lat' dir='ltr'>(append.</span> <span class='ocrx_word' id='word_1_331' title='bbox 1283 5371 1316 5438; x_wconf 85' lang='lat' dir='ltr'>t.)</span> <span class='ocrx_word' id='word_1_332' title='bbox 1338 5385 1359 5424; x_wconf 91' lang='grc'><strong>6.</strong></span> <span class='ocrx_word' id='word_1_333' title='bbox 1380 5371 1407 5422; x_wconf 89' lang='grc'><strong>1.</strong></span> <span class='ocrx_word' id='word_1_334' title='bbox 1424 5371 1493 5424; x_wconf 89' lang='grc'><strong>61666</strong></span> 
     </span>
     <span class='ocr_line' id='line_1_44' title="bbox 535 5457 1492 5526; baseline -0.003 -13"><span class='ocrx_word' id='word_1_335' title='bbox 535 5461 627 5526; x_wconf 67' lang='grc'><strong>66666</strong></span> <span class='ocrx_word' id='word_1_336' title='bbox 647 5461 767 5524; x_wconf 79' lang='lat' dir='ltr'>August,</span> <span class='ocrx_word' id='word_1_337' title='bbox 787 5461 871 5512; x_wconf 89' lang='lat' dir='ltr'>Sernr.</span> <span class='ocrx_word' id='word_1_338' title='bbox 890 5461 915 5512; x_wconf 92' lang='grc'><strong>6.</strong></span> <span class='ocrx_word' id='word_1_339' title='bbox 935 5459 974 5526; x_wconf 86' lang='lat' dir='ltr'>(in</span> <span class='ocrx_word' id='word_1_340' title='bbox 998 5461 1111 5524; x_wconf 89' lang='lat' dir='ltr'>append.</span> <span class='ocrx_word' id='word_1_341' title='bbox 1136 5459 1263 5512; x_wconf 85' lang='grc'><strong>6116671.</strong></span> <span class='ocrx_word' id='word_1_342' title='bbox 1290 5461 1326 5512; x_wconf 87' lang='lat' dir='ltr'>de</span> <span class='ocrx_word' id='word_1_343' title='bbox 1349 5457 1492 5526; x_wconf 83' lang='lat' dir='ltr'>Tempore)</span> 
     </span>
    </p>

    <p class='ocr_par' dir='ltr' id='par_1_6' title="bbox 459 5545 1494 5792">
     <span class='ocr_line' id='line_1_45' title="bbox 534 5545 1430 5614; baseline -0.004 -12"><span class='ocrx_word' id='word_1_344' title='bbox 534 5565 559 5602; x_wconf 90' lang='lat' dir='ltr'><strong>n.</strong></span> <span class='ocrx_word' id='word_1_345' title='bbox 579 5551 603 5602; x_wconf 83' lang='lat'><strong>5.</strong></span> <span class='ocrx_word' id='word_1_346' title='bbox 620 5575 658 5588; x_wconf 87' lang='lat'>-</span> <span class='ocrx_word' id='word_1_347' title='bbox 676 5549 739 5614; x_wconf 85' lang='lat' dir='ltr'>Quis</span> <span class='ocrx_word' id='word_1_348' title='bbox 759 5547 837 5602; x_wconf 89' lang='grc'><strong>666616</strong></span> <span class='ocrx_word' id='word_1_349' title='bbox 854 5549 893 5602; x_wconf 88' lang='grc'><strong>616</strong></span> <span class='ocrx_word' id='word_1_350' title='bbox 912 5547 997 5600; x_wconf 88' lang='lat' dir='ltr'>dictus</span> <span class='ocrx_word' id='word_1_351' title='bbox 1017 5545 1230 5612; x_wconf 71' lang='lat' dir='ltr'>ambrosiaster,</span> <span class='ocrx_word' id='word_1_352' title='bbox 1250 5563 1301 5600; x_wconf 92' lang='lat' dir='ltr'><strong>non</strong></span> <span class='ocrx_word' id='word_1_353' title='bbox 1322 5551 1430 5600; x_wconf 88' lang='grc'><strong>6666666.</strong></span> 
     </span>
     <span class='ocr_line' id='line_1_46' title="bbox 605 5635 1493 5702; baseline 0 -14"><span class='ocrx_word' id='word_1_354' title='bbox 605 5635 620 5696; x_wconf 82' lang='grc'><strong>1,</strong></span> <span class='ocrx_word' id='word_1_355' title='bbox 635 5635 706 5688; x_wconf 89' lang='lat' dir='ltr'>Libr.</span> <span class='ocrx_word' id='word_1_356' title='bbox 724 5637 768 5688; x_wconf 75' lang='grc'><strong>161.</strong></span> <span class='ocrx_word' id='word_1_357' title='bbox 786 5635 930 5690; x_wconf 86' lang='lat' dir='ltr'>Commeat.</span> <span class='ocrx_word' id='word_1_358' title='bbox 953 5635 977 5688; x_wconf 86' lang='lat' dir='ltr'>in</span> <span class='ocrx_word' id='word_1_359' title='bbox 1006 5637 1092 5690; x_wconf 87' lang='lat' dir='ltr'>Matth.</span> <span class='ocrx_word' id='word_1_360' title='bbox 1121 5635 1168 5702; x_wconf 79' lang='lat'><strong>27,</strong></span> <span class='ocrx_word' id='word_1_361' title='bbox 1190 5635 1233 5686; x_wconf 85' lang='lat'><strong>33.</strong></span> <span class='ocrx_word' id='word_1_362' title='bbox 1253 5641 1278 5686; x_wconf 92' lang='lat' dir='ltr'><strong>et</strong></span> <span class='ocrx_word' id='word_1_363' title='bbox 1296 5637 1340 5688; x_wconf 87' lang='lat'><strong>38.</strong></span> <span class='ocrx_word' id='word_1_364' title='bbox 1358 5637 1398 5690; x_wconf 89' lang='lat' dir='ltr'>lli.</span> <span class='ocrx_word' id='word_1_365' title='bbox 1416 5635 1493 5690; x_wconf 85' lang='lat' dir='ltr'>Com·</span> 
     </span>
     <span class='ocr_line' id='line_1_47' title="bbox 459 5725 1494 5792; baseline 0.002 -16"><span class='ocrx_word' id='word_1_366' title='bbox 459 5769 461 5776; x_wconf 93' lang='lat'>.</span> <span class='ocrx_word' id='word_1_367' title='bbox 535 5731 614 5780; x_wconf 88' lang='lat' dir='ltr'>ment.</span> <span class='ocrx_word' id='word_1_368' title='bbox 635 5725 659 5776; x_wconf 92' lang='lat' dir='ltr'>in</span> <span class='ocrx_word' id='word_1_369' title='bbox 678 5725 759 5792; x_wconf 87' lang='lat' dir='ltr'>Epist.</span> <span class='ocrx_word' id='word_1_370' title='bbox 777 5725 810 5778; x_wconf 84' lang='grc'><strong>661</strong></span> <span class='ocrx_word' id='word_1_371' title='bbox 830 5727 894 5792; x_wconf 77' lang='grc'><strong>6166.</strong></span> <span class='ocrx_word' id='word_1_372' title='bbox 914 5725 945 5788; x_wconf 88' lang='grc'><strong>5,</strong></span> <span class='ocrx_word' id='word_1_373' title='bbox 967 5725 1008 5778; x_wconf 85' lang='grc'><strong>11.</strong></span> <span class='ocrx_word' id='word_1_374' title='bbox 1027 5753 1062 5764; x_wconf 89' lang='grc'><strong>-</strong></span> <span class='ocrx_word' id='word_1_375' title='bbox 1082 5725 1206 5790; x_wconf 86' lang='lat' dir='ltr'>Sequitur</span> <span class='ocrx_word' id='word_1_376' title='bbox 1224 5725 1298 5776; x_wconf 89' lang='grc'><strong>16666</strong></span> <span class='ocrx_word' id='word_1_377' title='bbox 1319 5725 1366 5788; x_wconf 91' lang='grc'><strong>11,</strong></span> <span class='ocrx_word' id='word_1_378' title='bbox 1382 5725 1494 5778; x_wconf 72' lang='grc'><strong>151116-</strong></span> 
     </span>
    </p>
   </div>
   <div class='ocr_carea' id='block_1_6' title="bbox 534 5813 1550 5888">
    <p class='ocr_par' dir='ltr' id='par_1_7' title="bbox 534 5813 1550 5888">
     <span class='ocr_line' id='line_1_48' title="bbox 534 5813 1550 5888; baseline 0 -20"><span class='ocrx_word' id='word_1_379' title='bbox 534 5829 596 5868; x_wconf 89' lang='lat' dir='ltr'><strong>meu</strong></span> <span class='ocrx_word' id='word_1_380' title='bbox 622 5813 729 5866; x_wconf 87' lang='lat' dir='ltr'>Hebron</span> <span class='ocrx_word' id='word_1_381' title='bbox 748 5819 807 5866; x_wconf 88' lang='lat' dir='ltr'>ante</span> <span class='ocrx_word' id='word_1_382' title='bbox 835 5813 979 5868; x_wconf 83' lang='lat' dir='ltr'>uocabatur</span> <span class='ocrx_word' id='word_1_383' title='bbox 1008 5813 1111 5866; x_wconf 82' lang='lat' dir='ltr'>Cariath</span> <span class='ocrx_word' id='word_1_384' title='bbox 1140 5813 1222 5880; x_wconf 84' lang='lat' dir='ltr'>Arbe;</span> <span class='ocrx_word' id='word_1_385' title='bbox 1250 5813 1335 5888; x_wconf 82' lang='lat' dir='ltr'>Adam</span> <span class='ocrx_word' id='word_1_386' title='bbox 1363 5815 1494 5868; x_wconf 82' lang='lat' dir='ltr'>maximus</span> <span class='ocrx_word' id='word_1_387' title='bbox 1548 5875 1550 5880; x_wconf 22' lang='lat'><strong>¹</strong></span> 
     </span>
    </p>
   </div>
   <div class='ocr_carea' id='block_1_7' title="bbox 533 5903 1495 7038">
    <p class='ocr_par' dir='ltr' id='par_1_8' title="bbox 533 5903 1495 6860">
     <span class='ocr_line' id='line_1_49' title="bbox 533 5903 1491 5968; baseline 0.002 -12"><span class='ocrx_word' id='word_1_388' title='bbox 533 5905 570 5956; x_wconf 88' lang='lat' dir='ltr'><strong>ibi</strong></span> <span class='ocrx_word' id='word_1_389' title='bbox 588 5905 655 5956; x_wconf 90' lang='lat' dir='ltr'>inter</span> <span class='ocrx_word' id='word_1_390' title='bbox 672 5905 778 5956; x_wconf 88' lang='lat' dir='ltr'>Enacim</span> <span class='ocrx_word' id='word_1_391' title='bbox 797 5905 862 5958; x_wconf 85' lang='lat' dir='ltr'>situs</span> <span class='ocrx_word' id='word_1_392' title='bbox 881 5911 927 5956; x_wconf 92' lang='lat' dir='ltr'>est.</span> <span class='ocrx_word' id='word_1_393' title='bbox 941 5903 992 5958; x_wconf 86' lang='lat' dir='ltr'>Cir.</span> <span class='ocrx_word' id='word_1_394' title='bbox 1005 5905 1119 5968; x_wconf 75' lang='lat' dir='ltr'>llieron„</span> <span class='ocrx_word' id='word_1_395' title='bbox 1133 5903 1188 5956; x_wconf 91' lang='lat' dir='ltr'>Lib.</span> <span class='ocrx_word' id='word_1_396' title='bbox 1203 5905 1236 5956; x_wconf 91' lang='lat' dir='ltr'>de</span> <span class='ocrx_word' id='word_1_397' title='bbox 1256 5905 1311 5956; x_wconf 91' lang='lat' dir='ltr'>Situ</span> <span class='ocrx_word' id='word_1_398' title='bbox 1325 5911 1349 5958; x_wconf 93' lang='lat' dir='ltr'><strong>et</strong></span> <span class='ocrx_word' id='word_1_399' title='bbox 1363 5905 1491 5958; x_wconf 91' lang='lat' dir='ltr'>nominib.</span> 
     </span>
     <span class='ocr_line' id='line_1_50' title="bbox 533 5991 1493 6068; baseline 0 -22"><span class='ocrx_word' id='word_1_400' title='bbox 533 5995 612 6048; x_wconf 89' lang='lat' dir='ltr'>locor.</span> <span class='ocrx_word' id='word_1_401' title='bbox 632 5993 753 6046; x_wconf 86' lang='lat' dir='ltr'>Hebraic.</span> <span class='ocrx_word' id='word_1_402' title='bbox 772 5995 804 6048; x_wconf 90' lang='lat' dir='ltr'>de</span> <span class='ocrx_word' id='word_1_403' title='bbox 833 5995 898 6046; x_wconf 85' lang='lat' dir='ltr'>Gen.</span> <span class='ocrx_word' id='word_1_404' title='bbox 925 5991 975 6068; x_wconf 91' lang='lat' dir='ltr'>sub</span> <span class='ocrx_word' id='word_1_405' title='bbox 995 5995 1101 6046; x_wconf 82' lang='lat' dir='ltr'>nombre</span> <span class='ocrx_word' id='word_1_406' title='bbox 1129 5991 1244 6048; x_wconf 78' lang='lat' dir='ltr'>Arbor...</span> <span class='ocrx_word' id='word_1_407' title='bbox 1263 5995 1289 6046; x_wconf 89' lang='lat' dir='ltr'>id</span> <span class='ocrx_word' id='word_1_408' title='bbox 1308 5999 1346 6046; x_wconf 89' lang='lat' dir='ltr'><strong>est</strong></span> <span class='ocrx_word' id='word_1_409' title='bbox 1364 5999 1493 6060; x_wconf 90' lang='lat' dir='ltr'>quatuor,</span> 
     </span>
     <span class='ocr_line' id='line_1_51' title="bbox 533 6083 1494 6148; baseline 0 -12"><span class='ocrx_word' id='word_1_410' title='bbox 533 6097 566 6136; x_wconf 91' lang='lat' dir='ltr'>eo</span> <span class='ocrx_word' id='word_1_411' title='bbox 584 6085 657 6148; x_wconf 88' lang='lat' dir='ltr'>qood</span> <span class='ocrx_word' id='word_1_412' title='bbox 674 6083 713 6136; x_wconf 89' lang='lat' dir='ltr'><strong>ibi</strong></span> <span class='ocrx_word' id='word_1_413' title='bbox 730 6087 782 6136; x_wconf 89' lang='lat' dir='ltr'>tres</span> <span class='ocrx_word' id='word_1_414' title='bbox 800 6085 977 6146; x_wconf 77' lang='lat' dir='ltr'>patriarchae,</span> <span class='ocrx_word' id='word_1_415' title='bbox 996 6083 1143 6146; x_wconf 83' lang='lat' dir='ltr'>Abraham,</span> <span class='ocrx_word' id='word_1_416' title='bbox 1161 6085 1231 6136; x_wconf 88' lang='lat' dir='ltr'>isaac</span> <span class='ocrx_word' id='word_1_417' title='bbox 1251 6089 1276 6136; x_wconf 88' lang='lat' dir='ltr'><strong>et</strong></span> <span class='ocrx_word' id='word_1_418' title='bbox 1293 6083 1386 6148; x_wconf 89' lang='lat' dir='ltr'>iacob,</span> <span class='ocrx_word' id='word_1_419' title='bbox 1399 6085 1494 6148; x_wconf 89' lang='lat' dir='ltr'>sepulti</span> 
     </span>
     <span class='ocr_line' id='line_1_52' title="bbox 533 6171 1494 6238; baseline -0.002 -12"><span class='ocrx_word' id='word_1_420' title='bbox 533 6177 594 6226; x_wconf 89' lang='lat' dir='ltr'>sunt</span> <span class='ocrx_word' id='word_1_421' title='bbox 611 6177 639 6226; x_wconf 91' lang='lat' dir='ltr'><strong>et</strong></span> <span class='ocrx_word' id='word_1_422' title='bbox 655 6173 738 6226; x_wconf 80' lang='lat' dir='ltr'>Adam</span> <span class='ocrx_word' id='word_1_423' title='bbox 759 6173 903 6238; x_wconf 82' lang='lat' dir='ltr'>maximus,</span> <span class='ocrx_word' id='word_1_424' title='bbox 921 6177 951 6224; x_wconf 90' lang='lat' dir='ltr'>ut</span> <span class='ocrx_word' id='word_1_425' title='bbox 978 6171 1005 6224; x_wconf 89' lang='grc'><strong>66</strong></span> <span class='ocrx_word' id='word_1_426' title='bbox 1031 6175 1091 6226; x_wconf 85' lang='grc'><strong>6666</strong></span> <span class='ocrx_word' id='word_1_427' title='bbox 1118 6171 1185 6224; x_wconf 90' lang='grc'><strong>61666</strong></span> <span class='ocrx_word' id='word_1_428' title='bbox 1211 6173 1337 6238; x_wconf 89' lang='lat' dir='ltr'>scriptum</span> <span class='ocrx_word' id='word_1_429' title='bbox 1363 6177 1415 6236; x_wconf 78' lang='lat' dir='ltr'>est3</span> <span class='ocrx_word' id='word_1_430' title='bbox 1436 6173 1494 6226; x_wconf 89' lang='lat' dir='ltr'>licet</span> 
     </span>
     <span class='ocr_line' id='line_1_53' title="bbox 533 6259 1494 6328; baseline 0.002 -16"><span class='ocrx_word' id='word_1_431' title='bbox 533 6273 596 6312; x_wconf 89' lang='lat' dir='ltr'><strong>eum</strong></span> <span class='ocrx_word' id='word_1_432' title='bbox 614 6261 723 6328; x_wconf 89' lang='lat' dir='ltr'>quidam</span> <span class='ocrx_word' id='word_1_433' title='bbox 743 6259 859 6326; x_wconf 86' lang='lat' dir='ltr'>positum</span> <span class='ocrx_word' id='word_1_434' title='bbox 879 6261 904 6312; x_wconf 91' lang='grc'><strong>16</strong></span> <span class='ocrx_word' id='word_1_435' title='bbox 924 6259 982 6312; x_wconf 90' lang='grc'><strong>6666</strong></span> <span class='ocrx_word' id='word_1_436' title='bbox 996 6259 1132 6312; x_wconf 74' lang='lat' dir='ltr'>calvariae</span> <span class='ocrx_word' id='word_1_437' title='bbox 1145 6259 1319 6324; x_wconf 89' lang='lat' dir='ltr'>suspicentur.</span> <span class='ocrx_word' id='word_1_438' title='bbox 1339 6259 1419 6326; x_wconf 86' lang='lat' dir='ltr'>Epist.</span> <span class='ocrx_word' id='word_1_439' title='bbox 1435 6261 1494 6314; x_wconf 89' lang='grc'><strong>108.</strong></span> 
     </span>
     <span class='ocr_line' id='line_1_54' title="bbox 535 6347 1495 6416; baseline -0.001 -16"><span class='ocrx_word' id='word_1_440' title='bbox 535 6347 894 6416; x_wconf 76' lang='grc'><strong>(6616667.)6.11.66666,</strong></span> <span class='ocrx_word' id='word_1_441' title='bbox 923 6349 997 6414; x_wconf 91' lang='lat' dir='ltr'>quod</span> <span class='ocrx_word' id='word_1_442' title='bbox 1019 6349 1165 6416; x_wconf 67' lang='lat' dir='ltr'>«plerique</span> <span class='ocrx_word' id='word_1_443' title='bbox 1194 6347 1272 6404; x_wconf 81' lang='grc'><strong>06666</strong></span> <span class='ocrx_word' id='word_1_444' title='bbox 1296 6355 1419 6416; x_wconf 90' lang='lat' dir='ltr'>quartum</span> <span class='ocrx_word' id='word_1_445' title='bbox 1449 6363 1495 6414; x_wconf 90' lang='lat' dir='ltr'>pn·</span> 
     </span>
     <span class='ocr_line' id='line_1_55' title="bbox 534 6437 1493 6510; baseline 0.002 -20"><span class='ocrx_word' id='word_1_446' title='bbox 534 6439 698 6504; x_wconf 87' lang='grc'><strong>6666,66166</strong></span> <span class='ocrx_word' id='word_1_447' title='bbox 721 6453 753 6492; x_wconf 83' lang='lat' dir='ltr'>ex</span> <span class='ocrx_word' id='word_1_448' title='bbox 780 6439 859 6490; x_wconf 91' lang='lat' dir='ltr'>latere</span> <span class='ocrx_word' id='word_1_449' title='bbox 888 6437 1016 6490; x_wconf 87' lang='lat' dir='ltr'>memoria</span> <span class='ocrx_word' id='word_1_450' title='bbox 1043 6439 1287 6510; x_wconf 74' lang='grc'><strong>61666666666».16</strong></span> <span class='ocrx_word' id='word_1_451' title='bbox 1313 6445 1375 6492; x_wconf 89' lang='lat' dir='ltr'>nota</span> <span class='ocrx_word' id='word_1_452' title='bbox 1393 6439 1493 6492; x_wconf 86' lang='lat' dir='ltr'>adiecta</span> 
     </span>
     <span class='ocr_line' id='line_1_56' title="bbox 533 6525 1495 6598; baseline 0.005 -18"><span class='ocrx_word' id='word_1_453' title='bbox 533 6529 645 6582; x_wconf 90' lang='lat' dir='ltr'>llaurini</span> <span class='ocrx_word' id='word_1_454' title='bbox 662 6529 810 6582; x_wconf 86' lang='lat' dir='ltr'>insinuaut:</span> <span class='ocrx_word' id='word_1_455' title='bbox 830 6529 903 6592; x_wconf 84' lang='lat' dir='ltr'>Quae</span> <span class='ocrx_word' id='word_1_456' title='bbox 921 6529 1010 6580; x_wconf 87' lang='lat' dir='ltr'>tamen</span> <span class='ocrx_word' id='word_1_457' title='bbox 1028 6525 1127 6598; x_wconf 88' lang='lat' dir='ltr'>[verba</span> <span class='ocrx_word' id='word_1_458' title='bbox 1154 6529 1228 6582; x_wconf 91' lang='lat' dir='ltr'>losue</span> <span class='ocrx_word' id='word_1_459' title='bbox 1259 6529 1304 6594; x_wconf 88' lang='grc'><strong>11,</strong></span> <span class='ocrx_word' id='word_1_460' title='bbox 1331 6529 1378 6582; x_wconf 83' lang='lat' dir='ltr'><strong>ta:</strong></span> <span class='ocrx_word' id='word_1_461' title='bbox 1405 6529 1495 6584; x_wconf 77' lang='lat' dir='ltr'>Atium</span> 
     </span>
     <span class='ocr_line' id='line_1_57' title="bbox 533 6609 1495 6684; baseline -0.004 -14"><span class='ocrx_word' id='word_1_462' title='bbox 533 6617 674 6682; x_wconf 83' lang='grc'><strong>66666666</strong></span> <span class='ocrx_word' id='word_1_463' title='bbox 694 6615 757 6684; x_wconf 86' lang='grc'><strong>666.]</strong></span> <span class='ocrx_word' id='word_1_464' title='bbox 774 6629 829 6670; x_wconf 90' lang='grc'><strong>666</strong></span> <span class='ocrx_word' id='word_1_465' title='bbox 840 6617 971 6670; x_wconf 82' lang='lat' dir='ltr'>hdanrum</span> <span class='ocrx_word' id='word_1_466' title='bbox 980 6621 1200 6682; x_wconf 86' lang='lat' dir='ltr'>protoparentem</span> <span class='ocrx_word' id='word_1_467' title='bbox 1217 6621 1320 6682; x_wconf 87' lang='lat' dir='ltr'>notant,</span> <span class='ocrx_word' id='word_1_468' title='bbox 1338 6619 1385 6670; x_wconf 82' lang='lat' dir='ltr'><strong>sed</strong></span> <span class='ocrx_word' id='word_1_469' title='bbox 1405 6609 1495 6678; x_wconf 77' lang='grc' dir='ltr'>ἁπλῶς</span> 
     </span>
     <span class='ocr_line' id='line_1_58' title="bbox 534 6701 1495 6774; baseline 0.002 -16"><span class='ocrx_word' id='word_1_470' title='bbox 534 6705 567 6774; x_wconf 94' lang='lat' dir='ltr'>[i.</span> <span class='ocrx_word' id='word_1_471' title='bbox 586 6719 608 6758; x_wconf 91' lang='lat' dir='ltr'>e.</span> <span class='ocrx_word' id='word_1_472' title='bbox 630 6703 792 6772; x_wconf 86' lang='lat' dir='ltr'>simpliciter]</span> <span class='ocrx_word' id='word_1_473' title='bbox 813 6705 947 6756; x_wconf 89' lang='lat' dir='ltr'>hominem</span> <span class='ocrx_word' id='word_1_474' title='bbox 967 6701 1024 6770; x_wconf 87' lang='lat' dir='ltr'>(qui</span> <span class='ocrx_word' id='word_1_475' title='bbox 1043 6703 1133 6760; x_wconf 82' lang='lat' dir='ltr'>Adam</span> <span class='ocrx_word' id='word_1_476' title='bbox 1145 6703 1272 6758; x_wconf 84' lang='lat' dir='ltr'>Hebraico</span> <span class='ocrx_word' id='word_1_477' title='bbox 1297 6705 1401 6774; x_wconf 89' lang='lat' dir='ltr'>dicitur)</span> <span class='ocrx_word' id='word_1_478' title='bbox 1422 6721 1495 6772; x_wconf 86' lang='lat' dir='ltr'>prae-</span> 
     </span>
     <span class='ocr_line' id='line_1_59' title="bbox 534 6791 1476 6860; baseline 0.002 -16"><span class='ocrx_word' id='word_1_479' title='bbox 534 6793 662 6858; x_wconf 82' lang='lat' dir='ltr'>grandem</span> <span class='ocrx_word' id='word_1_480' title='bbox 683 6799 707 6844; x_wconf 88' lang='grc'><strong>61</strong></span> <span class='ocrx_word' id='word_1_481' title='bbox 719 6791 921 6844; x_wconf 88' lang='lat' dir='ltr'>celeberrimum</span> <span class='ocrx_word' id='word_1_482' title='bbox 936 6797 984 6844; x_wconf 88' lang='lat' dir='ltr'>etc.</span> <span class='ocrx_word' id='word_1_483' title='bbox 999 6793 1050 6844; x_wconf 88' lang='lat' dir='ltr'>Cir.</span> <span class='ocrx_word' id='word_1_484' title='bbox 1064 6799 1128 6846; x_wconf 84' lang='lat' dir='ltr'>tom.</span> <span class='ocrx_word' id='word_1_485' title='bbox 1140 6793 1185 6846; x_wconf 85' lang='lat' dir='ltr'><strong>Vl.</strong></span> <span class='ocrx_word' id='word_1_486' title='bbox 1196 6809 1258 6860; x_wconf 87' lang='lat' dir='ltr'>pag.</span> <span class='ocrx_word' id='word_1_487' title='bbox 1272 6793 1333 6858; x_wconf 88' lang='grc'><strong>195,</strong></span> <span class='ocrx_word' id='word_1_488' title='bbox 1352 6799 1413 6848; x_wconf 89' lang='grc'><strong>6666</strong></span> <span class='ocrx_word' id='word_1_489' title='bbox 1434 6797 1476 6848; x_wconf 90' lang='grc'><strong>16.</strong></span> 
     </span>
    </p>

    <p class='ocr_par' dir='ltr' id='par_1_9' title="bbox 605 6877 774 6934">
     <span class='ocr_line' id='line_1_60' title="bbox 605 6877 774 6934; baseline -0.024 0"><span class='ocrx_word' id='word_1_490' title='bbox 605 6877 710 6934; x_wconf 73' lang='grc'><strong>11666.</strong></span> <span class='ocrx_word' id='word_1_491' title='bbox 733 6881 774 6932; x_wconf 79' lang='lat' dir='ltr'><strong>ti.</strong></span> 
     </span>
    </p>

    <p class='ocr_par' dir='ltr' id='par_1_10' title="bbox 605 6967 1494 7038">
     <span class='ocr_line' id='line_1_61' title="bbox 605 6967 1494 7038; baseline 0.007 -18"><span class='ocrx_word' id='word_1_492' title='bbox 605 6967 617 6998; x_wconf 83' lang='lat'><strong>³</strong></span> <span class='ocrx_word' id='word_1_493' title='bbox 637 6971 711 7020; x_wconf 82' lang='lat' dir='ltr'>Vens.</span> <span class='ocrx_word' id='word_1_494' title='bbox 738 6969 778 7020; x_wconf 76' lang='grc'><strong>16.</strong></span> <span class='ocrx_word' id='word_1_495' title='bbox 799 6995 833 7006; x_wconf 90' lang='grc'>-</span> <span class='ocrx_word' id='word_1_496' title='bbox 853 6968 936 7034; x_wconf 83' lang='lat' dir='ltr'>Beda,</span> <span class='ocrx_word' id='word_1_497' title='bbox 956 6967 1000 7020; x_wconf 88' lang='lat' dir='ltr'><strong>lV.</strong></span> <span class='ocrx_word' id='word_1_498' title='bbox 1018 6969 1045 7022; x_wconf 92' lang='lat' dir='ltr'>in</span> <span class='ocrx_word' id='word_1_499' title='bbox 1065 6971 1150 7024; x_wconf 86' lang='lat' dir='ltr'>llatth.</span> <span class='ocrx_word' id='word_1_500' title='bbox 1172 6971 1218 7036; x_wconf 78' lang='lat'><strong>27,</strong></span> <span class='ocrx_word' id='word_1_501' title='bbox 1241 6973 1333 7024; x_wconf 71' lang='grc'><strong>331116</strong></span> <span class='ocrx_word' id='word_1_502' title='bbox 1353 6979 1494 7038; x_wconf 89' lang='lat' dir='ltr'>propterea</span> 
     </span>
    </p>
   </div>
   <div class='ocr_carea' id='block_1_8' title="bbox 1104 595 2025 718">
    <p class='ocr_par' dir='ltr' id='par_1_11' title="bbox 1104 595 2025 718">
     <span class='ocr_line' id='line_1_62' title="bbox 1104 595 2025 718; baseline -0.012 -2"><span class='ocrx_word' id='word_1_503' title='bbox 1104 649 1299 718; x_wconf 86' lang='grc'><strong>6666666.</strong></span> <span class='ocrx_word' id='word_1_504' title='bbox 1322 649 1361 718; x_wconf 83' lang='lat' dir='ltr'>nr</span> <span class='ocrx_word' id='word_1_505' title='bbox 1384 649 1623 718; x_wconf 79' lang='grc'><strong>61666666</strong></span> <span class='ocrx_word' id='word_1_506' title='bbox 1645 645 1763 714; x_wconf 79' lang='lat' dir='ltr'>anona</span> <span class='ocrx_word' id='word_1_507' title='bbox 1788 643 1818 710; x_wconf 92' lang='lat' dir='ltr'>c.</span> <span class='ocrx_word' id='word_1_508' title='bbox 1844 641 1943 712; x_wconf 80' lang='lat' dir='ltr'>narn.</span> <span class='ocrx_word' id='word_1_509' title='bbox 2024 595 2025 598; x_wconf 5' lang='grc' dir='ltr'>Ὺ</span> 
     </span>
    </p>
   </div>
   <div class='ocr_carea' id='block_1_9' title="bbox 1557 819 2680 4524">
    <p class='ocr_par' dir='ltr' id='par_1_12' title="bbox 1559 819 2514 998">
     <span class='ocr_line' id='line_1_63' title="bbox 1559 819 2514 910; baseline 0 -17"><span class='ocrx_word' id='word_1_510' title='bbox 1559 821 1945 902; x_wconf 85' lang='grc'><strong>6666666666666616,</strong></span> <span class='ocrx_word' id='word_1_511' title='bbox 1971 839 2052 908; x_wconf 92' lang='grc'><strong>6666</strong></span> <span class='ocrx_word' id='word_1_512' title='bbox 2074 819 2190 906; x_wconf 89' lang='lat' dir='ltr'>scripta</span> <span class='ocrx_word' id='word_1_513' title='bbox 2215 827 2361 906; x_wconf 89' lang='grc'><strong>6666666</strong></span> <span class='ocrx_word' id='word_1_514' title='bbox 2375 825 2514 910; x_wconf 88' lang='lat' dir='ltr'>Prophe-</span> 
     </span>
     <span class='ocr_line' id='line_1_64' title="bbox 1559 929 1973 998; baseline -0.005 -2"><span class='ocrx_word' id='word_1_515' title='bbox 1559 937 1608 998; x_wconf 89' lang='lat' dir='ltr'><strong>tas</strong></span> <span class='ocrx_word' id='word_1_516' title='bbox 1629 929 1669 996; x_wconf 90' lang='lat' dir='ltr'>de</span> <span class='ocrx_word' id='word_1_517' title='bbox 1691 931 1765 996; x_wconf 89' lang='lat' dir='ltr'>Filio</span> <span class='ocrx_word' id='word_1_518' title='bbox 1790 929 1926 996; x_wconf 91' lang='lat' dir='ltr'>hominis</span> <span class='ocrx_word' id='word_1_519' title='bbox 1940 955 1973 994; x_wconf 76' lang='grc'><strong>6.</strong></span> 
     </span>
    </p>

    <p class='ocr_par' dir='ltr' id='par_1_13' title="bbox 1557 1035 2680 1440">
     <span class='ocr_line' id='line_1_65' title="bbox 1648 1035 2680 1118; baseline 0.002 -16"><span class='ocrx_word' id='word_1_520' title='bbox 1648 1035 1701 1102; x_wconf 77' lang='lat' dir='ltr'>to.</span> <span class='ocrx_word' id='word_1_521' title='bbox 1727 1035 1932 1102; x_wconf 84' lang='lat' dir='ltr'>Haerentem</span> <span class='ocrx_word' id='word_1_522' title='bbox 1957 1039 2025 1102; x_wconf 90' lang='lat' dir='ltr'>erat</span> <span class='ocrx_word' id='word_1_523' title='bbox 2048 1051 2148 1118; x_wconf 91' lang='lat' dir='ltr'>poena</span> <span class='ocrx_word' id='word_1_524' title='bbox 2170 1035 2348 1116; x_wconf 91' lang='lat' dir='ltr'>latronum;</span> <span class='ocrx_word' id='word_1_525' title='bbox 2371 1036 2440 1104; x_wconf 91' lang='lat' dir='ltr'>ideo</span> <span class='ocrx_word' id='word_1_526' title='bbox 2462 1037 2514 1104; x_wconf 89' lang='lat' dir='ltr'><strong>ad·</strong></span> <span class='ocrx_word' id='word_1_527' title='bbox 2534 1057 2680 1104; x_wconf 72' lang='grc'><strong>666666.</strong></span> 
     </span>
     <span class='ocr_line' id='line_1_66' title="bbox 1559 1121 2631 1220; baseline 0.006 -12"><span class='ocrx_word' id='word_1_528' title='bbox 1559 1141 1617 1208; x_wconf 89' lang='lat' dir='ltr'>dit:</span> <span class='ocrx_word' id='word_1_529' title='bbox 1643 1141 1684 1206; x_wconf 81' lang='lat' dir='ltr'>Et</span> <span class='ocrx_word' id='word_1_530' title='bbox 1707 1141 1869 1220; x_wconf 84' lang='lat' dir='ltr'>tatrones,</span> <span class='ocrx_word' id='word_1_531' title='bbox 1894 1159 2001 1208; x_wconf 86' lang='grc'><strong>66666</strong></span> <span class='ocrx_word' id='word_1_532' title='bbox 2026 1159 2048 1206; x_wconf 90' lang='grc'><strong>6</strong></span> <span class='ocrx_word' id='word_1_533' title='bbox 2071 1139 2198 1208; x_wconf 77' lang='lat' dir='ltr'>deutris</span> <span class='ocrx_word' id='word_1_534' title='bbox 2227 1147 2254 1206; x_wconf 89' lang='lat' dir='ltr'><strong>et</strong></span> <span class='ocrx_word' id='word_1_535' title='bbox 2286 1141 2470 1210; x_wconf 82' lang='grc'><strong>6666666611</strong></span> <span class='ocrx_word' id='word_1_536' title='bbox 2492 1165 2516 1214; x_wconf 87' lang='grc'><strong>6</strong></span> <span class='ocrx_word' id='word_1_537' title='bbox 2573 1121 2631 1152; x_wconf 58' lang='grc' dir='ltr'><strong>Μ’</strong></span> 
     </span>
     <span class='ocr_line' id='line_1_67' title="bbox 1557 1245 2514 1332; baseline 0.005 -20"><span class='ocrx_word' id='word_1_538' title='bbox 1557 1245 1724 1326; x_wconf 68' lang='lat' dir='ltr'>sinistro,-</span> <span class='ocrx_word' id='word_1_539' title='bbox 1745 1247 1829 1332; x_wconf 92' lang='lat' dir='ltr'>quod</span> <span class='ocrx_word' id='word_1_540' title='bbox 1847 1247 1962 1316; x_wconf 90' lang='lat' dir='ltr'>lactum</span> <span class='ocrx_word' id='word_1_541' title='bbox 1979 1253 2026 1316; x_wconf 92' lang='lat' dir='ltr'><strong>est</strong></span> <span class='ocrx_word' id='word_1_542' title='bbox 2042 1265 2104 1314; x_wconf 88' lang='lat' dir='ltr'><strong>nou</strong></span> <span class='ocrx_word' id='word_1_543' title='bbox 2119 1248 2222 1314; x_wconf 92' lang='lat' dir='ltr'>solum</span> <span class='ocrx_word' id='word_1_544' title='bbox 2237 1247 2269 1312; x_wconf 93' lang='lat' dir='ltr'>iu</span> <span class='ocrx_word' id='word_1_545' title='bbox 2286 1249 2514 1332; x_wconf 80' lang='lat' dir='ltr'>opprobrium,</span> 
     </span>
     <span class='ocr_line' id='line_1_68' title="bbox 1558 1353 2515 1440; baseline 0.003 -20"><span class='ocrx_word' id='word_1_546' title='bbox 1558 1371 1670 1420; x_wconf 81' lang='lat' dir='ltr'>aarum</span> <span class='ocrx_word' id='word_1_547' title='bbox 1693 1353 1788 1420; x_wconf 92' lang='lat' dir='ltr'>etiam</span> <span class='ocrx_word' id='word_1_548' title='bbox 1809 1353 1873 1420; x_wconf 89' lang='lat' dir='ltr'>Deo</span> <span class='ocrx_word' id='word_1_549' title='bbox 1898 1353 2099 1440; x_wconf 88' lang='lat' dir='ltr'>disponente,</span> <span class='ocrx_word' id='word_1_550' title='bbox 2114 1353 2148 1420; x_wconf 94' lang='lat' dir='ltr'>in</span> <span class='ocrx_word' id='word_1_551' title='bbox 2163 1359 2316 1420; x_wconf 82' lang='lat' dir='ltr'>nostrone</span> <span class='ocrx_word' id='word_1_552' title='bbox 2341 1353 2515 1424; x_wconf 79' lang='grc'><strong>666666666-</strong></span> 
     </span>
    </p>

    <p class='ocr_par' dir='ltr' id='par_1_14' title="bbox 1557 1459 2672 1864">
     <span class='ocr_line' id='line_1_69' title="bbox 1559 1459 2672 1546; baseline -0.003 -22"><span class='ocrx_word' id='word_1_553' title='bbox 1559 1465 1639 1526; x_wconf 82' lang='grc'><strong>6666.</strong></span> <span class='ocrx_word' id='word_1_554' title='bbox 1665 1459 1740 1528; x_wconf 89' lang='lat' dir='ltr'><strong>Nam</strong></span> <span class='ocrx_word' id='word_1_555' title='bbox 1763 1479 1819 1546; x_wconf 88' lang='lat' dir='ltr'><strong>per</strong></span> <span class='ocrx_word' id='word_1_556' title='bbox 1844 1461 1927 1528; x_wconf 82' lang='lat' dir='ltr'>dnos</span> <span class='ocrx_word' id='word_1_557' title='bbox 1960 1461 2104 1528; x_wconf 83' lang='grc'><strong>66666666</strong></span> <span class='ocrx_word' id='word_1_558' title='bbox 2132 1459 2352 1546; x_wconf 83' lang='lat' dir='ltr'>intelliguntur</span> <span class='ocrx_word' id='word_1_559' title='bbox 2379 1483 2462 1530; x_wconf 85' lang='lat' dir='ltr'>coro</span> <span class='ocrx_word' id='word_1_560' title='bbox 2484 1471 2517 1532; x_wconf 91' lang='lat' dir='ltr'><strong>et</strong></span> <span class='ocrx_word' id='word_1_561' title='bbox 2534 1479 2613 1543; x_wconf 71' lang='grc'><strong>6666</strong></span> <span class='ocrx_word' id='word_1_562' title='bbox 2628 1491 2672 1538; x_wconf 64' lang='lat' dir='ltr'><strong>my.</strong></span> 
     </span>
     <span class='ocr_line' id='line_1_70' title="bbox 1557 1537 2634 1662; baseline 0.004 -30"><span class='ocrx_word' id='word_1_563' title='bbox 1557 1567 1801 1654; x_wconf 79' lang='lat' dir='ltr'>manans,qut</span> <span class='ocrx_word' id='word_1_564' title='bbox 1827 1577 1902 1636; x_wconf 90' lang='grc'><strong>6666</strong></span> <span class='ocrx_word' id='word_1_565' title='bbox 1934 1567 2157 1654; x_wconf 86' lang='lat' dir='ltr'>crucifigendi,</span> <span class='ocrx_word' id='word_1_566' title='bbox 2186 1567 2308 1636; x_wconf 86' lang='grc'><strong>66666</strong></span> <span class='ocrx_word' id='word_1_567' title='bbox 2334 1567 2417 1662; x_wconf 90' lang='lat' dir='ltr'>quod</span> <span class='ocrx_word' id='word_1_568' title='bbox 2448 1571 2517 1654; x_wconf 83' lang='lat' dir='ltr'>spt—</span> <span class='ocrx_word' id='word_1_569' title='bbox 2560 1537 2634 1576; x_wconf 50' lang='grc' dir='ltr'><strong>Μ’</strong></span> 
     </span>
     <span class='ocr_line' id='line_1_71' title="bbox 1557 1675 2570 1756; baseline 0.006 -18"><span class='ocrx_word' id='word_1_570' title='bbox 1557 1675 1648 1740; x_wconf 78' lang='lat' dir='ltr'>ritus</span> <span class='ocrx_word' id='word_1_571' title='bbox 1670 1681 1779 1740; x_wconf 80' lang='lat' dir='ltr'>noster</span> <span class='ocrx_word' id='word_1_572' title='bbox 1801 1675 1835 1742; x_wconf 95' lang='lat' dir='ltr'>in</span> <span class='ocrx_word' id='word_1_573' title='bbox 1857 1693 1953 1742; x_wconf 90' lang='lat' dir='ltr'>cruce</span> <span class='ocrx_word' id='word_1_574' title='bbox 1977 1675 2106 1742; x_wconf 88' lang='lat' dir='ltr'>Domino</span> <span class='ocrx_word' id='word_1_575' title='bbox 2130 1675 2301 1756; x_wconf 85' lang='grc'><strong>66666666,</strong></span> <span class='ocrx_word' id='word_1_576' title='bbox 2318 1675 2400 1742; x_wconf 89' lang='grc'><strong>61666</strong></span> <span class='ocrx_word' id='word_1_577' title='bbox 2415 1676 2511 1744; x_wconf 90' lang='lat' dir='ltr'>lesus.</span> <span class='ocrx_word' id='word_1_578' title='bbox 2568 1695 2570 1700; x_wconf 73' lang='grc'>’</span> 
     </span>
     <span class='ocr_line' id='line_1_72' title="bbox 1558 1777 2516 1864; baseline 0.005 -19"><span class='ocrx_word' id='word_1_579' title='bbox 1558 1777 1776 1864; x_wconf 83' lang='lat' dir='ltr'>Crucifigenda</span> <span class='ocrx_word' id='word_1_580' title='bbox 1797 1789 1846 1850; x_wconf 92' lang='lat' dir='ltr'><strong>est</strong></span> <span class='ocrx_word' id='word_1_581' title='bbox 1867 1799 1950 1846; x_wconf 88' lang='lat' dir='ltr'>coro</span> <span class='ocrx_word' id='word_1_582' title='bbox 1973 1781 2054 1846; x_wconf 90' lang='lat' dir='ltr'>sicut</span> <span class='ocrx_word' id='word_1_583' title='bbox 2079 1781 2189 1846; x_wconf 76' lang='lat' dir='ltr'>dexter</span> <span class='ocrx_word' id='word_1_584' title='bbox 2214 1783 2317 1862; x_wconf 86' lang='lat' dir='ltr'>intro,</span> <span class='ocrx_word' id='word_1_585' title='bbox 2342 1783 2516 1850; x_wconf 89' lang='lat' dir='ltr'>secundum</span> 
     </span>
    </p>

    <p class='ocr_par' dir='ltr' id='par_1_15' title="bbox 1557 1885 2571 2178">
     <span class='ocr_line' id='line_1_73' title="bbox 1558 1885 2515 1972; baseline 0.002 -18"><span class='ocrx_word' id='word_1_586' title='bbox 1558 1885 1637 1955; x_wconf 92' lang='lat' dir='ltr'>illud</span> <span class='ocrx_word' id='word_1_587' title='bbox 1660 1885 1699 1952; x_wconf 90' lang='lat' dir='ltr'><strong>ad</strong></span> <span class='ocrx_word' id='word_1_588' title='bbox 1722 1885 1844 1954; x_wconf 89' lang='lat' dir='ltr'>Galatas</span> <span class='ocrx_word' id='word_1_589' title='bbox 1865 1887 2035 1972; x_wconf 60' lang='lat' dir='ltr'>quiniou:</span> <span class='ocrx_word' id='word_1_590' title='bbox 2064 1913 2081 1944; x_wconf 74' lang='lat' dir='ltr'><strong>a</strong></span> <span class='ocrx_word' id='word_1_591' title='bbox 2098 1885 2156 1972; x_wconf 85' lang='lat' dir='ltr'>Qui</span> <span class='ocrx_word' id='word_1_592' title='bbox 2180 1897 2286 1954; x_wconf 91' lang='lat' dir='ltr'>autem</span> <span class='ocrx_word' id='word_1_593' title='bbox 2309 1896 2383 1956; x_wconf 91' lang='lat' dir='ltr'>sunt</span> <span class='ocrx_word' id='word_1_594' title='bbox 2399 1891 2515 1958; x_wconf 87' lang='lat' dir='ltr'>Christi</span> 
     </span>
     <span class='ocr_line' id='line_1_74' title="bbox 1559 1991 2571 2070; baseline 0.002 -10"><span class='ocrx_word' id='word_1_595' title='bbox 1559 2007 1686 2060; x_wconf 91' lang='lat' dir='ltr'>carnem</span> <span class='ocrx_word' id='word_1_596' title='bbox 1711 2009 1798 2058; x_wconf 91' lang='lat' dir='ltr'>suam</span> <span class='ocrx_word' id='word_1_597' title='bbox 1823 1991 2082 2058; x_wconf 79' lang='lat' dir='ltr'>crucifixerunt»</span> <span class='ocrx_word' id='word_1_598' title='bbox 2110 1998 2184 2070; x_wconf 89' lang='lat' dir='ltr'>etc.;</span> <span class='ocrx_word' id='word_1_599' title='bbox 2210 1993 2356 2058; x_wconf 85' lang='lat' dir='ltr'>mundos</span> <span class='ocrx_word' id='word_1_600' title='bbox 2372 1999 2409 2060; x_wconf 92' lang='lat' dir='ltr'>ut</span> <span class='ocrx_word' id='word_1_601' title='bbox 2429 1993 2516 2062; x_wconf 83' lang='lat' dir='ltr'>iutro</span> <span class='ocrx_word' id='word_1_602' title='bbox 2569 2057 2571 2066; x_wconf 89' lang='grc'><strong>,</strong></span> 
     </span>
     <span class='ocr_line' id='line_1_75' title="bbox 1557 2095 2515 2178; baseline -0.002 -12"><span class='ocrx_word' id='word_1_603' title='bbox 1557 2099 1626 2166; x_wconf 84' lang='lat' dir='ltr'>cini</span> <span class='ocrx_word' id='word_1_604' title='bbox 1646 2107 1710 2178; x_wconf 87' lang='lat' dir='ltr'>ter,·</span> <span class='ocrx_word' id='word_1_605' title='bbox 1732 2099 1771 2166; x_wconf 89' lang='lat' dir='ltr'><strong>ad</strong></span> <span class='ocrx_word' id='word_1_606' title='bbox 1793 2095 1927 2164; x_wconf 86' lang='lat' dir='ltr'><strong>Galatas¹</strong></span> <span class='ocrx_word' id='word_1_607' title='bbox 1940 2097 2071 2166; x_wconf 90' lang='lat' dir='ltr'>ultimo:</span> <span class='ocrx_word' id='word_1_608' title='bbox 2099 2097 2204 2164; x_wconf 83' lang='grc'><strong>«61161</strong></span> <span class='ocrx_word' id='word_1_609' title='bbox 2225 2097 2365 2164; x_wconf 79' lang='lat' dir='ltr'>anundus</span> <span class='ocrx_word' id='word_1_610' title='bbox 2390 2099 2515 2164; x_wconf 81' lang='lat' dir='ltr'>crucili-</span> 
     </span>
    </p>

    <p class='ocr_par' dir='ltr' id='par_1_16' title="bbox 1558 2203 2517 2504">
     <span class='ocr_line' id='line_1_76' title="bbox 1558 2203 2517 2292; baseline -0.002 -18"><span class='ocrx_word' id='word_1_611' title='bbox 1558 2227 1622 2276; x_wconf 85' lang='lat' dir='ltr'>xus</span> <span class='ocrx_word' id='word_1_612' title='bbox 1646 2211 1708 2288; x_wconf 90' lang='grc'><strong>666,</strong></span> <span class='ocrx_word' id='word_1_613' title='bbox 1730 2213 1764 2290; x_wconf 89' lang='grc'><strong>66</strong></span> <span class='ocrx_word' id='word_1_614' title='bbox 1785 2223 1843 2292; x_wconf 82' lang='lat' dir='ltr'>ego</span> <span class='ocrx_word' id='word_1_615' title='bbox 1865 2207 1983 2272; x_wconf 90' lang='lat' dir='ltr'>mundo</span> <span class='ocrx_word' id='word_1_616' title='bbox 2001 2233 2031 2272; x_wconf 86' lang='lat'><strong>».</strong></span> <span class='ocrx_word' id='word_1_617' title='bbox 2057 2207 2094 2272; x_wconf 86' lang='lat' dir='ltr'>Et</span> <span class='ocrx_word' id='word_1_618' title='bbox 2117 2211 2193 2274; x_wconf 91' lang='lat' dir='ltr'>tuno</span> <span class='ocrx_word' id='word_1_619' title='bbox 2208 2203 2349 2290; x_wconf 84' lang='grc'><strong>66161666</strong></span> <span class='ocrx_word' id='word_1_620' title='bbox 2364 2203 2397 2270; x_wconf 92' lang='grc'><strong>16</strong></span> <span class='ocrx_word' id='word_1_621' title='bbox 2412 2203 2517 2272; x_wconf 89' lang='lat' dir='ltr'>medio</span> 
     </span>
     <span class='ocr_line' id='line_1_77' title="bbox 1558 2309 2517 2400; baseline -0.002 -18"><span class='ocrx_word' id='word_1_622' title='bbox 1558 2313 1757 2400; x_wconf 83' lang='lat' dir='ltr'>crucifigitur</span> <span class='ocrx_word' id='word_1_623' title='bbox 1771 2331 1851 2380; x_wconf 87' lang='lat' dir='ltr'><strong>cum</strong></span> <span class='ocrx_word' id='word_1_624' title='bbox 1876 2313 2019 2394; x_wconf 87' lang='lat' dir='ltr'>Christo,</span> <span class='ocrx_word' id='word_1_625' title='bbox 2042 2319 2080 2382; x_wconf 89' lang='lat' dir='ltr'>ut</span> <span class='ocrx_word' id='word_1_626' title='bbox 2108 2311 2193 2380; x_wconf 89' lang='lat' dir='ltr'>dicat</span> <span class='ocrx_word' id='word_1_627' title='bbox 2213 2329 2286 2380; x_wconf 88' lang='lat' dir='ltr'><strong>com</strong></span> <span class='ocrx_word' id='word_1_628' title='bbox 2309 2309 2454 2398; x_wconf 85' lang='grc'><strong>66666666</strong></span> <span class='ocrx_word' id='word_1_629' title='bbox 2476 2313 2517 2380; x_wconf 84' lang='grc'><strong>66</strong></span> 
     </span>
     <span class='ocr_line' id='line_1_78' title="bbox 1558 2419 2515 2504; baseline -0.002 -16"><span class='ocrx_word' id='word_1_630' title='bbox 1558 2421 1682 2488; x_wconf 90' lang='lat' dir='ltr'>Galatas</span> <span class='ocrx_word' id='word_1_631' title='bbox 1717 2423 1854 2490; x_wconf 88' lang='lat' dir='ltr'>secundo</span> <span class='ocrx_word' id='word_1_632' title='bbox 1868 2423 1911 2488; x_wconf 70' lang='lat'><strong>12:</strong></span> <span class='ocrx_word' id='word_1_633' title='bbox 1943 2447 1958 2482; x_wconf 88' lang='lat'>«</span> <span class='ocrx_word' id='word_1_634' title='bbox 1973 2421 2097 2490; x_wconf 88' lang='lat' dir='ltr'>Christo</span> <span class='ocrx_word' id='word_1_635' title='bbox 2130 2421 2277 2504; x_wconf 80' lang='lat' dir='ltr'>confixus</span> <span class='ocrx_word' id='word_1_636' title='bbox 2312 2437 2383 2488; x_wconf 91' lang='lat' dir='ltr'><strong>sum</strong></span> <span class='ocrx_word' id='word_1_637' title='bbox 2417 2419 2515 2486; x_wconf 89' lang='lat' dir='ltr'>cruci.</span> 
     </span>
    </p>

    <p class='ocr_par' dir='ltr' id='par_1_17' title="bbox 1558 2527 2515 2616">
     <span class='ocr_line' id='line_1_79' title="bbox 1558 2527 2515 2616; baseline -0.004 -20"><span class='ocrx_word' id='word_1_638' title='bbox 1558 2529 1638 2596; x_wconf 87' lang='lat' dir='ltr'>Viro</span> <span class='ocrx_word' id='word_1_639' title='bbox 1659 2535 1780 2608; x_wconf 88' lang='lat' dir='ltr'>autem,</span> <span class='ocrx_word' id='word_1_640' title='bbox 1804 2529 1866 2596; x_wconf 90' lang='lat' dir='ltr'><strong>iam</strong></span> <span class='ocrx_word' id='word_1_641' title='bbox 1891 2547 1953 2596; x_wconf 92' lang='lat' dir='ltr'><strong>non</strong></span> <span class='ocrx_word' id='word_1_642' title='bbox 1983 2547 2060 2616; x_wconf 81' lang='grc'><strong>666,</strong></span> <span class='ocrx_word' id='word_1_643' title='bbox 2088 2527 2165 2596; x_wconf 88' lang='lat' dir='ltr'>rivit</span> <span class='ocrx_word' id='word_1_644' title='bbox 2189 2547 2265 2596; x_wconf 82' lang='lat' dir='ltr'>uero</span> <span class='ocrx_word' id='word_1_645' title='bbox 2286 2527 2320 2594; x_wconf 92' lang='lat' dir='ltr'>in</span> <span class='ocrx_word' id='word_1_646' title='bbox 2350 2545 2402 2594; x_wconf 82' lang='grc'><strong>666</strong></span> <span class='ocrx_word' id='word_1_647' title='bbox 2426 2527 2515 2592; x_wconf 87' lang='lat' dir='ltr'>Chri-</span> 
     </span>
    </p>

    <p class='ocr_par' dir='ltr' id='par_1_18' title="bbox 1559 2617 2673 3034">
     <span class='ocr_line' id='line_1_80' title="bbox 1559 2633 2660 2740; baseline 0.004 -38"><span class='ocrx_word' id='word_1_648' title='bbox 1559 2641 1628 2702; x_wconf 92' lang='lat' dir='ltr'>stus</span> <span class='ocrx_word' id='word_1_649' title='bbox 1643 2659 1673 2698; x_wconf 77' lang='lat' dir='ltr'><strong>n.</strong></span> <span class='ocrx_word' id='word_1_650' title='bbox 1700 2671 1740 2684; x_wconf 97' lang='lat'>—</span> <span class='ocrx_word' id='word_1_651' title='bbox 1765 2635 1818 2700; x_wconf 88' lang='lat' dir='ltr'><strong>Est</strong></span> <span class='ocrx_word' id='word_1_652' title='bbox 1839 2641 1946 2700; x_wconf 92' lang='lat' dir='ltr'>autem</span> <span class='ocrx_word' id='word_1_653' title='bbox 1969 2653 2050 2702; x_wconf 86' lang='lat' dir='ltr'>crux</span> <span class='ocrx_word' id='word_1_654' title='bbox 2070 2635 2185 2700; x_wconf 82' lang='lat' dir='ltr'>cornia</span> <span class='ocrx_word' id='word_1_655' title='bbox 2207 2635 2293 2720; x_wconf 82' lang='lat' dir='ltr'>rigor</span> <span class='ocrx_word' id='word_1_656' title='bbox 2318 2633 2515 2718; x_wconf 90' lang='lat' dir='ltr'>disciplinae,</span> <span class='ocrx_word' id='word_1_657' title='bbox 2540 2641 2598 2740; x_wconf 51' lang='lat' dir='ltr'>[diff</span> <span class='ocrx_word' id='word_1_658' title='bbox 2612 2641 2660 2706; x_wconf 69' lang='lat'><strong>1³¹³.-</strong></span> 
     </span>
     <span class='ocr_line' id='line_1_81' title="bbox 1559 2707 2673 2846; baseline 0 -40"><span class='ocrx_word' id='word_1_659' title='bbox 1559 2741 1650 2806; x_wconf 90' lang='lat' dir='ltr'>ouius</span> <span class='ocrx_word' id='word_1_660' title='bbox 1673 2745 1812 2824; x_wconf 89' lang='grc'><strong>6666666</strong></span> <span class='ocrx_word' id='word_1_661' title='bbox 1835 2745 1909 2806; x_wconf 89' lang='grc'><strong>6666</strong></span> <span class='ocrx_word' id='word_1_662' title='bbox 1941 2741 2086 2818; x_wconf 85' lang='grc'><strong>6666616,</strong></span> <span class='ocrx_word' id='word_1_663' title='bbox 2112 2739 2389 2824; x_wconf 86' lang='grc'><strong>661116666161616,</strong></span> <span class='ocrx_word' id='word_1_664' title='bbox 2414 2707 2673 2846; x_wconf 46' lang='lat' dir='ltr'>obsti-gffiiffiff}</span> 
     </span>
     <span class='ocr_line' id='line_1_82' title="bbox 1559 2815 2631 2928; baseline 0.006 -20"><span class='ocrx_word' id='word_1_665' title='bbox 1559 2843 2042 2926; x_wconf 80' lang='grc' dir='ltr'><strong>666616,6666ν166666661666</strong></span> <span class='ocrx_word' id='word_1_666' title='bbox 2066 2851 2097 2910; x_wconf 93' lang='lat' dir='ltr'><strong>et</strong></span> <span class='ocrx_word' id='word_1_667' title='bbox 2121 2845 2300 2928; x_wconf 82' lang='lat' dir='ltr'>discipli-no</span> <span class='ocrx_word' id='word_1_668' title='bbox 2329 2845 2514 2914; x_wconf 84' lang='lat' dir='ltr'>cerberum.</span> <span class='ocrx_word' id='word_1_669' title='bbox 2579 2815 2631 2898; x_wconf 62' lang='lat' dir='ltr'>imp</span> 
     </span>
     <span class='ocr_line' id='line_1_83' title="bbox 1560 2947 2515 3034; baseline 0.004 -22"><span class='ocrx_word' id='word_1_670' title='bbox 1560 2983 1601 2998; x_wconf 89' lang='lat'>—</span> <span class='ocrx_word' id='word_1_671' title='bbox 1626 2947 1713 3012; x_wconf 81' lang='lat' dir='ltr'>Crux</span> <span class='ocrx_word' id='word_1_672' title='bbox 1737 2953 1857 3024; x_wconf 90' lang='lat' dir='ltr'>autem,</span> <span class='ocrx_word' id='word_1_673' title='bbox 1877 2965 1939 3032; x_wconf 89' lang='lat' dir='ltr'><strong>qua</strong></span> <span class='ocrx_word' id='word_1_674' title='bbox 1954 2947 2101 3014; x_wconf 84' lang='lat' dir='ltr'>mundns</span> <span class='ocrx_word' id='word_1_675' title='bbox 2126 2947 2356 3034; x_wconf 80' lang='grc'><strong>6666616666,</strong></span> <span class='ocrx_word' id='word_1_676' title='bbox 2375 2957 2422 3016; x_wconf 88' lang='grc'><strong>666</strong></span> <span class='ocrx_word' id='word_1_677' title='bbox 2438 2965 2515 3034; x_wconf 89' lang='grc'><strong>666-</strong></span> 
     </span>
    </p>

    <p class='ocr_par' dir='ltr' id='par_1_19' title="bbox 1559 3051 2567 3244">
     <span class='ocr_line' id='line_1_84' title="bbox 1559 3051 2567 3136; baseline -0.006 -18"><span class='ocrx_word' id='word_1_678' title='bbox 1559 3057 1674 3136; x_wconf 88' lang='lat' dir='ltr'>pertas</span> <span class='ocrx_word' id='word_1_679' title='bbox 1690 3051 1872 3136; x_wconf 83' lang='grc'><strong>6616166611,</strong></span> <span class='ocrx_word' id='word_1_680' title='bbox 1889 3051 1980 3118; x_wconf 91' lang='grc'><strong>66166</strong></span> <span class='ocrx_word' id='word_1_681' title='bbox 1997 3055 2133 3136; x_wconf 89' lang='grc'><strong>6666666</strong></span> <span class='ocrx_word' id='word_1_682' title='bbox 2149 3058 2223 3118; x_wconf 90' lang='grc'><strong>6666</strong></span> <span class='ocrx_word' id='word_1_683' title='bbox 2240 3053 2379 3132; x_wconf 90' lang='lat' dir='ltr'>brachia,</span> <span class='ocrx_word' id='word_1_684' title='bbox 2396 3053 2516 3122; x_wconf 81' lang='lat' dir='ltr'>scilicet</span> <span class='ocrx_word' id='word_1_685' title='bbox 2565 3109 2567 3112; x_wconf 83' lang='lat'>.</span> 
     </span>
     <span class='ocr_line' id='line_1_85' title="bbox 1560 3157 2515 3244; baseline 0.002 -20"><span class='ocrx_word' id='word_1_686' title='bbox 1560 3165 1761 3244; x_wconf 80' lang='lat' dir='ltr'>contemptos</span> <span class='ocrx_word' id='word_1_687' title='bbox 1781 3157 2284 3244; x_wconf 69' lang='grc'><strong>666616666666166,6666166</strong></span> <span class='ocrx_word' id='word_1_688' title='bbox 2309 3167 2337 3226; x_wconf 92' lang='lat' dir='ltr'><strong>et</strong></span> <span class='ocrx_word' id='word_1_689' title='bbox 2363 3167 2515 3244; x_wconf 85' lang='lat' dir='ltr'>parente-</span> 
     </span>
    </p>

    <p class='ocr_par' dir='ltr' id='par_1_20' title="bbox 1561 3263 2516 3350">
     <span class='ocr_line' id='line_1_86' title="bbox 1561 3263 2516 3350; baseline 0.004 -20"><span class='ocrx_word' id='word_1_690' title='bbox 1561 3263 1620 3330; x_wconf 87' lang='grc'><strong>666.</strong></span> <span class='ocrx_word' id='word_1_691' title='bbox 1643 3301 1689 3314; x_wconf 89' lang='grc'><strong>--</strong></span> <span class='ocrx_word' id='word_1_692' title='bbox 1710 3265 1800 3330; x_wconf 81' lang='lat' dir='ltr'>Crux</span> <span class='ocrx_word' id='word_1_693' title='bbox 1823 3263 1965 3350; x_wconf 84' lang='grc'><strong>6661666</strong></span> <span class='ocrx_word' id='word_1_694' title='bbox 1997 3271 2044 3332; x_wconf 90' lang='grc'><strong>666</strong></span> <span class='ocrx_word' id='word_1_695' title='bbox 2073 3263 2181 3332; x_wconf 84' lang='lat' dir='ltr'>ferror</span> <span class='ocrx_word' id='word_1_696' title='bbox 2201 3265 2392 3346; x_wconf 82' lang='lat' dir='ltr'>deuotionis,</span> <span class='ocrx_word' id='word_1_697' title='bbox 2426 3265 2516 3334; x_wconf 90' lang='lat' dir='ltr'>cuius</span> 
     </span>
    </p>

    <p class='ocr_par' dir='ltr' id='par_1_21' title="bbox 1559 3369 2514 3458">
     <span class='ocr_line' id='line_1_87' title="bbox 1559 3369 2514 3458; baseline 0 -20"><span class='ocrx_word' id='word_1_698' title='bbox 1559 3369 1651 3438; x_wconf 88' lang='lat' dir='ltr'>etiarn</span> <span class='ocrx_word' id='word_1_699' title='bbox 1677 3377 1815 3458; x_wconf 91' lang='lat' dir='ltr'>quatuor</span> <span class='ocrx_word' id='word_1_700' title='bbox 1837 3377 1913 3438; x_wconf 92' lang='lat' dir='ltr'>sunt</span> <span class='ocrx_word' id='word_1_701' title='bbox 1935 3371 2081 3450; x_wconf 90' lang='lat' dir='ltr'>brachia,</span> <span class='ocrx_word' id='word_1_702' title='bbox 2107 3371 2224 3438; x_wconf 88' lang='lat' dir='ltr'>scilicet</span> <span class='ocrx_word' id='word_1_703' title='bbox 2247 3391 2320 3458; x_wconf 85' lang='grc'><strong>6666</strong></span> <span class='ocrx_word' id='word_1_704' title='bbox 2344 3379 2376 3438; x_wconf 89' lang='grc'><strong>66</strong></span> <span class='ocrx_word' id='word_1_705' title='bbox 2398 3391 2514 3454; x_wconf 86' lang='lat' dir='ltr'>amor,</span> 
     </span>
    </p>

    <p class='ocr_par' dir='ltr' id='par_1_22' title="bbox 1560 3475 2516 3562">
     <span class='ocr_line' id='line_1_88' title="bbox 1560 3475 2516 3562; baseline 0.002 -20"><span class='ocrx_word' id='word_1_706' title='bbox 1560 3475 1658 3544; x_wconf 78' lang='lat' dir='ltr'>timor</span> <span class='ocrx_word' id='word_1_707' title='bbox 1682 3482 1712 3544; x_wconf 89' lang='lat' dir='ltr'><strong>et</strong></span> <span class='ocrx_word' id='word_1_708' title='bbox 1736 3475 1848 3544; x_wconf 83' lang='lat' dir='ltr'>dolor:</span> <span class='ocrx_word' id='word_1_709' title='bbox 1872 3495 1945 3562; x_wconf 86' lang='grc'><strong>6666</strong></span> <span class='ocrx_word' id='word_1_710' title='bbox 1960 3493 2108 3556; x_wconf 86' lang='grc'><strong>666666,</strong></span> <span class='ocrx_word' id='word_1_711' title='bbox 2125 3477 2225 3544; x_wconf 85' lang='lat' dir='ltr'>timor</span> <span class='ocrx_word' id='word_1_712' title='bbox 2242 3477 2401 3556; x_wconf 90' lang='lat' dir='ltr'>deorsum,</span> <span class='ocrx_word' id='word_1_713' title='bbox 2420 3497 2516 3544; x_wconf 81' lang='grc'><strong>66666</strong></span> 
     </span>
    </p>

    <p class='ocr_par' dir='ltr' id='par_1_23' title="bbox 1559 3583 2516 3884">
     <span class='ocr_line' id='line_1_89' title="bbox 1559 3583 2515 3670; baseline 0.002 -20"><span class='ocrx_word' id='word_1_714' title='bbox 1559 3603 1576 3650; x_wconf 91' lang='grc'><strong>6</strong></span> <span class='ocrx_word' id='word_1_715' title='bbox 1598 3583 1721 3652; x_wconf 83' lang='lat' dir='ltr'>dextris</span> <span class='ocrx_word' id='word_1_716' title='bbox 1745 3591 1774 3652; x_wconf 91' lang='lat' dir='ltr'><strong>et</strong></span> <span class='ocrx_word' id='word_1_717' title='bbox 1799 3583 1890 3652; x_wconf 88' lang='lat' dir='ltr'>dolor</span> <span class='ocrx_word' id='word_1_718' title='bbox 1915 3603 1934 3652; x_wconf 93' lang='grc'><strong>6</strong></span> <span class='ocrx_word' id='word_1_719' title='bbox 1955 3583 2100 3652; x_wconf 90' lang='grc'><strong>616166666.</strong></span> <span class='ocrx_word' id='word_1_720' title='bbox 2126 3583 2161 3652; x_wconf 85' lang='lat' dir='ltr'>Et</span> <span class='ocrx_word' id='word_1_721' title='bbox 2178 3583 2223 3662; x_wconf 61' lang='grc'><strong>466</strong></span> <span class='ocrx_word' id='word_1_722' title='bbox 2247 3583 2297 3652; x_wconf 91' lang='grc'><strong>616</strong></span> <span class='ocrx_word' id='word_1_723' title='bbox 2311 3583 2351 3650; x_wconf 91' lang='lat' dir='ltr'><strong>ad</strong></span> <span class='ocrx_word' id='word_1_724' title='bbox 2366 3583 2515 3670; x_wconf 83' lang='lat' dir='ltr'>Ephesios</span> 
     </span>
     <span class='ocr_line' id='line_1_90' title="bbox 1559 3689 2516 3778; baseline 0.004 -22"><span class='ocrx_word' id='word_1_725' title='bbox 1559 3691 1707 3758; x_wconf 68' lang='grc'><strong>66666116</strong></span> <span class='ocrx_word' id='word_1_726' title='bbox 1736 3717 1752 3750; x_wconf 85' lang='grc'>«</span> <span class='ocrx_word' id='word_1_727' title='bbox 1767 3691 1802 3758; x_wconf 91' lang='grc'><strong>66</strong></span> <span class='ocrx_word' id='word_1_728' title='bbox 1824 3691 1953 3760; x_wconf 89' lang='grc'><strong>66616666</strong></span> <span class='ocrx_word' id='word_1_729' title='bbox 1978 3691 2106 3758; x_wconf 90' lang='lat' dir='ltr'>radicati</span> <span class='ocrx_word' id='word_1_730' title='bbox 2123 3695 2154 3760; x_wconf 89' lang='lat' dir='ltr'><strong>et</strong></span> <span class='ocrx_word' id='word_1_731' title='bbox 2168 3691 2308 3772; x_wconf 77' lang='lat' dir='ltr'>fundati,</span> <span class='ocrx_word' id='word_1_732' title='bbox 2331 3697 2369 3758; x_wconf 94' lang='lat' dir='ltr'>ut</span> <span class='ocrx_word' id='word_1_733' title='bbox 2390 3689 2516 3778; x_wconf 92' lang='lat' dir='ltr'>possitis</span> 
     </span>
     <span class='ocr_line' id='line_1_91' title="bbox 1559 3799 1944 3884; baseline 0.003 -20"><span class='ocrx_word' id='word_1_734' title='bbox 1559 3799 1824 3884; x_wconf 90' lang='lat' dir='ltr'>comprehendere</span> <span class='ocrx_word' id='word_1_735' title='bbox 1841 3825 1858 3856; x_wconf 88' lang='lat'>»</span> <span class='ocrx_word' id='word_1_736' title='bbox 1885 3805 1944 3866; x_wconf 91' lang='lat' dir='ltr'>etc.</span> 
     </span>
    </p>

    <p class='ocr_par' dir='ltr' id='par_1_24' title="bbox 1557 3901 2663 4420">
     <span class='ocr_line' id='line_1_92' title="bbox 1646 3901 2663 4010; baseline 0 -38"><span class='ocrx_word' id='word_1_737' title='bbox 1646 3907 1699 3972; x_wconf 90' lang='grc'><strong>16.</strong></span> <span class='ocrx_word' id='word_1_738' title='bbox 1726 3905 1826 3990; x_wconf 84' lang='lat' dir='ltr'>(Vera.</span> <span class='ocrx_word' id='word_1_739' title='bbox 1852 3905 2237 3992; x_wconf 80' lang='grc'><strong>31.).76661666666661</strong></span> <span class='ocrx_word' id='word_1_740' title='bbox 2271 3905 2310 3972; x_wconf 92' lang='lat' dir='ltr'><strong>ad</strong></span> <span class='ocrx_word' id='word_1_741' title='bbox 2334 3901 2663 4010; x_wconf 44' lang='grc'><strong>666666616-11066661168</strong></span> 
     </span>
     <span class='ocr_line' id='line_1_93' title="bbox 1559 3997 2655 4098; baseline 0 -18"><span class='ocrx_word' id='word_1_742' title='bbox 1559 4021 1622 4080; x_wconf 88' lang='lat' dir='ltr'><strong>tem</strong></span> <span class='ocrx_word' id='word_1_743' title='bbox 1646 4011 1811 4098; x_wconf 77' lang='grc'><strong>(1661661</strong></span> <span class='ocrx_word' id='word_1_744' title='bbox 1832 4011 2010 4098; x_wconf 85' lang='lat' dir='ltr'>subiungit:</span> <span class='ocrx_word' id='word_1_745' title='bbox 2036 4013 2127 4078; x_wconf 85' lang='grc'><strong>66666</strong></span> <span class='ocrx_word' id='word_1_746' title='bbox 2152 4021 2263 4080; x_wconf 83' lang='lat' dir='ltr'>dotem</span> <span class='ocrx_word' id='word_1_747' title='bbox 2288 4011 2517 4080; x_wconf 68' lang='grc'><strong>[6666666616-</strong></span> <span class='ocrx_word' id='word_1_748' title='bbox 2650 3997 2655 4010; x_wconf 59' lang='lat'>⁸</span> 
     </span>
     <span class='ocr_line' id='line_1_94' title="bbox 1558 4117 2516 4208; baseline 0 -22"><span class='ocrx_word' id='word_1_749' title='bbox 1558 4127 1625 4200; x_wconf 85' lang='lat' dir='ltr'>ter,</span> <span class='ocrx_word' id='word_1_750' title='bbox 1649 4119 1776 4186; x_wconf 86' lang='lat' dir='ltr'>dimitte</span> <span class='ocrx_word' id='word_1_751' title='bbox 1799 4117 1863 4200; x_wconf 85' lang='grc'><strong>666,</strong></span> <span class='ocrx_word' id='word_1_752' title='bbox 1886 4117 2460 4208; x_wconf 74' lang='grc'><strong>66166666166111,661666661666;</strong></span> <span class='ocrx_word' id='word_1_753' title='bbox 2483 4119 2516 4186; x_wconf 92' lang='lat' dir='ltr'>in</span> 
     </span>
     <span class='ocr_line' id='line_1_95' title="bbox 1557 4223 2517 4312; baseline -0.002 -18"><span class='ocrx_word' id='word_1_754' title='bbox 1557 4247 1621 4312; x_wconf 91' lang='grc'><strong>666</strong></span> <span class='ocrx_word' id='word_1_755' title='bbox 1637 4226 1788 4312; x_wconf 89' lang='lat' dir='ltr'>impletur</span> <span class='ocrx_word' id='word_1_756' title='bbox 1803 4225 1880 4294; x_wconf 92' lang='lat' dir='ltr'>illud</span> <span class='ocrx_word' id='word_1_757' title='bbox 1898 4225 1992 4294; x_wconf 89' lang='lat' dir='ltr'>isaiae</span> <span class='ocrx_word' id='word_1_758' title='bbox 2007 4225 2269 4312; x_wconf 84' lang='lat' dir='ltr'>quinquagesimo</span> <span class='ocrx_word' id='word_1_759' title='bbox 2285 4225 2398 4294; x_wconf 85' lang='lat' dir='ltr'>tertio:</span> <span class='ocrx_word' id='word_1_760' title='bbox 2420 4223 2517 4308; x_wconf 80' lang='grc'><strong>«1666</strong></span> 
     </span>
     <span class='ocr_line' id='line_1_96' title="bbox 1557 4333 2517 4420; baseline -0.001 -19"><span class='ocrx_word' id='word_1_761' title='bbox 1557 4339 1685 4420; x_wconf 88' lang='lat' dir='ltr'>peccata</span> <span class='ocrx_word' id='word_1_762' title='bbox 1707 4334 1882 4401; x_wconf 87' lang='lat' dir='ltr'>multorum</span> <span class='ocrx_word' id='word_1_763' title='bbox 1907 4333 1980 4400; x_wconf 90' lang='lat' dir='ltr'>tulit</span> <span class='ocrx_word' id='word_1_764' title='bbox 2010 4339 2043 4400; x_wconf 91' lang='grc'><strong>66</strong></span> <span class='ocrx_word' id='word_1_765' title='bbox 2072 4351 2129 4418; x_wconf 90' lang='grc'><strong>666</strong></span> <span class='ocrx_word' id='word_1_766' title='bbox 2155 4333 2440 4420; x_wconf 85' lang='lat' dir='ltr'>transgressoribus</span> <span class='ocrx_word' id='word_1_767' title='bbox 2465 4351 2517 4400; x_wconf 86' lang='lat' dir='ltr'>ro·-</span> 
     </span>
    </p>

    <p class='ocr_par' dir='ltr' id='par_1_25' title="bbox 1557 4437 2512 4524">
     <span class='ocr_line' id='line_1_97' title="bbox 1557 4437 2512 4524; baseline -0.002 -18"><span class='ocrx_word' id='word_1_768' title='bbox 1557 4439 1642 4524; x_wconf 79' lang='grc'><strong>66616</strong></span> <span class='ocrx_word' id='word_1_769' title='bbox 1658 4463 1687 4504; x_wconf 80' lang='lat' dir='ltr'><strong>n.</strong></span> <span class='ocrx_word' id='word_1_770' title='bbox 1714 4439 1820 4506; x_wconf 92' lang='lat' dir='ltr'>Oratio</span> <span class='ocrx_word' id='word_1_771' title='bbox 1844 4445 1948 4506; x_wconf 91' lang='lat' dir='ltr'>autom</span> <span class='ocrx_word' id='word_1_772' title='bbox 1973 4439 2156 4504; x_wconf 92' lang='lat' dir='ltr'>huiusmodi</span> <span class='ocrx_word' id='word_1_773' title='bbox 2176 4437 2237 4506; x_wconf 87' lang='lat' dir='ltr'>luit</span> <span class='ocrx_word' id='word_1_774' title='bbox 2260 4439 2292 4506; x_wconf 91' lang='lat' dir='ltr'>in</span> <span class='ocrx_word' id='word_1_775' title='bbox 2316 4437 2512 4522; x_wconf 90' lang='lat' dir='ltr'>remedium,</span> 
     </span>
    </p>
   </div>
   <div class='ocr_carea' id='block_1_10' title="bbox 1557 4535 2517 4644">
    <p class='ocr_par' dir='ltr' id='par_1_26' title="bbox 1557 4535 2517 4644">
     <span class='ocr_line' id='line_1_98' title="bbox 1557 4535 2517 4644; baseline -0.002 -30"><span class='ocrx_word' id='word_1_776' title='bbox 1557 4545 1632 4632; x_wconf 89' lang='lat' dir='ltr'>quia</span> <span class='ocrx_word' id='word_1_777' title='bbox 1667 4545 1759 4612; x_wconf 90' lang='lat' dir='ltr'>etiam</span> <span class='ocrx_word' id='word_1_778' title='bbox 1796 4545 1862 4614; x_wconf 90' lang='grc'><strong>6616</strong></span> <span class='ocrx_word' id='word_1_779' title='bbox 1896 4535 2142 4644; x_wconf 86' lang='lat' dir='ltr'>crucifixoribus</span> <span class='ocrx_word' id='word_1_780' title='bbox 2171 4543 2291 4632; x_wconf 90' lang='grc'><strong>6661616</strong></span> <span class='ocrx_word' id='word_1_781' title='bbox 2325 4545 2427 4630; x_wconf 87' lang='lat' dir='ltr'>passio</span> <span class='ocrx_word' id='word_1_782' title='bbox 2459 4561 2517 4628; x_wconf 92' lang='lat' dir='ltr'><strong>per</strong></span> 
     </span>
    </p>
   </div>
   <div class='ocr_carea' id='block_1_11' title="bbox 1556 4927 2517 6240">
    <p class='ocr_par' dir='ltr' id='par_1_27' title="bbox 1556 4927 2517 5086">
     <span class='ocr_line' id='line_1_99' title="bbox 1556 4927 2517 4996; baseline 0 -12"><span class='ocrx_word' id='word_1_783' title='bbox 1556 4931 1596 4984; x_wconf 88' lang='lat' dir='ltr'><strong>ibi</strong></span> <span class='ocrx_word' id='word_1_784' title='bbox 1614 4933 1752 4984; x_wconf 85' lang='lat' dir='ltr'>crucitixus</span> <span class='ocrx_word' id='word_1_785' title='bbox 1766 4935 1804 4984; x_wconf 89' lang='lat' dir='ltr'><strong>est</strong></span> <span class='ocrx_word' id='word_1_786' title='bbox 1817 4929 1958 4996; x_wconf 78' lang='lat' dir='ltr'>Dominae,</span> <span class='ocrx_word' id='word_1_787' title='bbox 1976 4933 2020 4996; x_wconf 91' lang='grc'><strong>66,</strong></span> <span class='ocrx_word' id='word_1_788' title='bbox 2038 4927 2169 4993; x_wconf 87' lang='grc'><strong>66166166</strong></span> <span class='ocrx_word' id='word_1_789' title='bbox 2183 4941 2242 4982; x_wconf 88' lang='grc'><strong>6666</strong></span> <span class='ocrx_word' id='word_1_790' title='bbox 2257 4929 2451 4992; x_wconf 89' lang='lat' dir='ltr'>damnatorum,</span> <span class='ocrx_word' id='word_1_791' title='bbox 2469 4933 2517 4986; x_wconf 89' lang='lat' dir='ltr'>eri·</span> 
     </span>
     <span class='ocr_line' id='line_1_100' title="bbox 1557 5019 1937 5086; baseline -0.005 -14"><span class='ocrx_word' id='word_1_792' title='bbox 1557 5025 1680 5086; x_wconf 89' lang='lat' dir='ltr'>gerentur</span> <span class='ocrx_word' id='word_1_793' title='bbox 1700 5023 1792 5074; x_wconf 79' lang='lat' dir='ltr'>vexilla</span> <span class='ocrx_word' id='word_1_794' title='bbox 1811 5019 1937 5082; x_wconf 82' lang='lat' dir='ltr'>martyrii.</span> 
     </span>
    </p>

    <p class='ocr_par' dir='ltr' id='par_1_28' title="bbox 1556 5107 2517 5350">
     <span class='ocr_line' id='line_1_101' title="bbox 1628 5107 2516 5178; baseline 0.003 -18"><span class='ocrx_word' id='word_1_795' title='bbox 1628 5107 1733 5162; x_wconf 68' lang='lat' dir='ltr'><strong>4Vera.</strong></span> <span class='ocrx_word' id='word_1_796' title='bbox 1754 5111 1784 5174; x_wconf 90' lang='lat'><strong>8,</strong></span> <span class='ocrx_word' id='word_1_797' title='bbox 1802 5109 1845 5160; x_wconf 89' lang='lat' dir='ltr'><strong>cni</strong></span> <span class='ocrx_word' id='word_1_798' title='bbox 1872 5107 2068 5170; x_wconf 87' lang='lat' dir='ltr'>subiunguntur</span> <span class='ocrx_word' id='word_1_799' title='bbox 2087 5107 2136 5174; x_wconf 77' lang='grc'><strong>63,</strong></span> <span class='ocrx_word' id='word_1_800' title='bbox 2156 5109 2185 5174; x_wconf 79' lang='grc'><strong>3;</strong></span> <span class='ocrx_word' id='word_1_801' title='bbox 2214 5107 2263 5176; x_wconf 87' lang='grc'><strong>37,</strong></span> <span class='ocrx_word' id='word_1_802' title='bbox 2282 5109 2325 5158; x_wconf 77' lang='grc'><strong>68.</strong></span> <span class='ocrx_word' id='word_1_803' title='bbox 2350 5113 2377 5160; x_wconf 89' lang='grc'><strong>66</strong></span> <span class='ocrx_word' id='word_1_804' title='bbox 2395 5110 2421 5160; x_wconf 93' lang='grc'><strong>61.</strong></span> <span class='ocrx_word' id='word_1_805' title='bbox 2450 5109 2516 5178; x_wconf 86' lang='lat' dir='ltr'>Reg.</span> 
     </span>
     <span class='ocr_line' id='line_1_102' title="bbox 1558 5193 2517 5264; baseline 0.003 -18"><span class='ocrx_word' id='word_1_806' title='bbox 1558 5195 1851 5260; x_wconf 77' lang='grc'><strong>15,11.1116.616666</strong></span> <span class='ocrx_word' id='word_1_807' title='bbox 1880 5193 2023 5248; x_wconf 84' lang='lat' dir='ltr'>ordinario</span> <span class='ocrx_word' id='word_1_808' title='bbox 2048 5195 2077 5248; x_wconf 92' lang='lat' dir='ltr'>in</span> <span class='ocrx_word' id='word_1_809' title='bbox 2100 5197 2177 5248; x_wconf 87' lang='grc'><strong>61666.</strong></span> <span class='ocrx_word' id='word_1_810' title='bbox 2207 5197 2253 5260; x_wconf 91' lang='grc'><strong>15,</strong></span> <span class='ocrx_word' id='word_1_811' title='bbox 2277 5197 2325 5260; x_wconf 80' lang='grc'><strong>16,</strong></span> <span class='ocrx_word' id='word_1_812' title='bbox 2342 5211 2411 5264; x_wconf 91' lang='grc'><strong>6666</strong></span> <span class='ocrx_word' id='word_1_813' title='bbox 2429 5207 2517 5254; x_wconf 87' lang='lat' dir='ltr'>sumta</span> 
     </span>
     <span class='ocr_line' id='line_1_103' title="bbox 1556 5283 2490 5350; baseline 0.006 -14"><span class='ocrx_word' id='word_1_814' title='bbox 1556 5289 1596 5338; x_wconf 88' lang='grc'><strong>661</strong></span> <span class='ocrx_word' id='word_1_815' title='bbox 1614 5299 1647 5336; x_wconf 82' lang='lat' dir='ltr'>eu</span> <span class='ocrx_word' id='word_1_816' title='bbox 1664 5283 1809 5338; x_wconf 88' lang='lat' dir='ltr'>Comment.</span> <span class='ocrx_word' id='word_1_817' title='bbox 1830 5285 1855 5338; x_wconf 90' lang='grc'><strong>16</strong></span> <span class='ocrx_word' id='word_1_818' title='bbox 1875 5285 1962 5350; x_wconf 74' lang='lat' dir='ltr'>liare,</span> <span class='ocrx_word' id='word_1_819' title='bbox 1978 5285 2051 5350; x_wconf 92' lang='lat' dir='ltr'>quod</span> <span class='ocrx_word' id='word_1_820' title='bbox 2072 5283 2182 5338; x_wconf 90' lang='lat' dir='ltr'>habetor</span> <span class='ocrx_word' id='word_1_821' title='bbox 2201 5287 2268 5338; x_wconf 87' lang='lat' dir='ltr'>inter</span> <span class='ocrx_word' id='word_1_822' title='bbox 2285 5299 2367 5350; x_wconf 88' lang='lat' dir='ltr'>opera</span> <span class='ocrx_word' id='word_1_823' title='bbox 2387 5287 2490 5342; x_wconf 87' lang='lat' dir='ltr'>llieron.</span> 
     </span>
    </p>

    <p class='ocr_par' dir='ltr' id='par_1_29' title="bbox 1628 5367 2175 5444">
     <span class='ocr_line' id='line_1_104' title="bbox 1628 5367 2175 5444; baseline 0.011 -22"><span class='ocrx_word' id='word_1_824' title='bbox 1628 5367 1733 5424; x_wconf 77' lang='grc'><strong>111666.</strong></span> <span class='ocrx_word' id='word_1_825' title='bbox 1755 5373 1795 5424; x_wconf 88' lang='grc'><strong>10.</strong></span> <span class='ocrx_word' id='word_1_826' title='bbox 1816 5377 1841 5424; x_wconf 87' lang='grc'><strong>66</strong></span> <span class='ocrx_word' id='word_1_827' title='bbox 1859 5371 2082 5444; x_wconf 83' lang='grc'><strong>6616666666666.</strong></span> <span class='ocrx_word' id='word_1_828' title='bbox 2100 5375 2132 5442; x_wconf 88' lang='grc'><strong>3,</strong></span> <span class='ocrx_word' id='word_1_829' title='bbox 2152 5375 2175 5428; x_wconf 87' lang='lat'><strong>8.</strong></span> 
     </span>
    </p>

    <p class='ocr_par' dir='ltr' id='par_1_30' title="bbox 1557 5457 2513 5618">
     <span class='ocr_line' id='line_1_105' title="bbox 1628 5457 2513 5532; baseline 0.014 -23"><span class='ocrx_word' id='word_1_830' title='bbox 1628 5457 1641 5488; x_wconf 82' lang='grc'><strong>1</strong></span> <span class='ocrx_word' id='word_1_831' title='bbox 1659 5459 1733 5514; x_wconf 89' lang='lat' dir='ltr'>Vers.</span> <span class='ocrx_word' id='word_1_832' title='bbox 1754 5461 1778 5512; x_wconf 89' lang='lat'><strong>8.</strong></span> <span class='ocrx_word' id='word_1_833' title='bbox 1796 5475 1852 5530; x_wconf 87' lang='lat' dir='ltr'>seq.</span> <span class='ocrx_word' id='word_1_834' title='bbox 1871 5489 1907 5502; x_wconf 91' lang='lat'><strong>—</strong></span> <span class='ocrx_word' id='word_1_835' title='bbox 1925 5463 2048 5530; x_wconf 81' lang='lat' dir='ltr'>Sequitur</span> <span class='ocrx_word' id='word_1_836' title='bbox 2068 5463 2143 5518; x_wconf 88' lang='lat' dir='ltr'>Dent.</span> <span class='ocrx_word' id='word_1_837' title='bbox 2162 5467 2211 5530; x_wconf 79' lang='grc'><strong>68,</strong></span> <span class='ocrx_word' id='word_1_838' title='bbox 2230 5465 2273 5532; x_wconf 87' lang='grc'><strong>66,</strong></span> <span class='ocrx_word' id='word_1_839' title='bbox 2285 5463 2331 5518; x_wconf 91' lang='grc'><strong>661</strong></span> <span class='ocrx_word' id='word_1_840' title='bbox 2343 5463 2363 5518; x_wconf 85' lang='lat' dir='ltr'>C</span> <span class='ocrx_word' id='word_1_841' title='bbox 2375 5465 2426 5518; x_wconf 82' lang='lat' dir='ltr'><strong>BG</strong></span> <span class='ocrx_word' id='word_1_842' title='bbox 2441 5467 2513 5522; x_wconf 91' lang='lat' dir='ltr'>omit·</span> 
     </span>
     <span class='ocr_line' id='line_1_106' title="bbox 1557 5549 1719 5618; baseline 0 -16"><span class='ocrx_word' id='word_1_843' title='bbox 1557 5549 1719 5618; x_wconf 83' lang='grc'><strong>6666666661.</strong></span> 
     </span>
    </p>

    <p class='ocr_par' dir='ltr' id='par_1_31' title="bbox 1558 5635 2516 5792">
     <span class='ocr_line' id='line_1_107' title="bbox 1631 5635 2516 5706; baseline 0.01 -18"><span class='ocrx_word' id='word_1_844' title='bbox 1631 5635 1821 5702; x_wconf 72' lang='grc'><strong>1116616661,</strong></span> <span class='ocrx_word' id='word_1_845' title='bbox 1845 5637 1887 5692; x_wconf 85' lang='grc'><strong>17.</strong></span> <span class='ocrx_word' id='word_1_846' title='bbox 1906 5671 1941 5678; x_wconf 99' lang='grc'>-</span> <span class='ocrx_word' id='word_1_847' title='bbox 1961 5639 2078 5694; x_wconf 88' lang='lat' dir='ltr'>Subinde</span> <span class='ocrx_word' id='word_1_848' title='bbox 2103 5641 2249 5706; x_wconf 87' lang='lat' dir='ltr'>allegantur</span> <span class='ocrx_word' id='word_1_849' title='bbox 2275 5641 2322 5694; x_wconf 89' lang='grc'><strong>666.</strong></span> <span class='ocrx_word' id='word_1_850' title='bbox 2352 5641 2398 5704; x_wconf 92' lang='grc'><strong>-1-1,</strong></span> <span class='ocrx_word' id='word_1_851' title='bbox 2429 5641 2469 5694; x_wconf 89' lang='grc'><strong>13.</strong></span> <span class='ocrx_word' id='word_1_852' title='bbox 2490 5649 2516 5696; x_wconf 88' lang='grc'><strong>66</strong></span> 
     </span>
     <span class='ocr_line' id='line_1_108' title="bbox 1558 5727 1734 5792; baseline 0 -12"><span class='ocrx_word' id='word_1_853' title='bbox 1558 5729 1622 5782; x_wconf 88' lang='lat' dir='ltr'>Dan.</span> <span class='ocrx_word' id='word_1_854' title='bbox 1643 5727 1672 5792; x_wconf 83' lang='lat'><strong>8,</strong></span> <span class='ocrx_word' id='word_1_855' title='bbox 1694 5729 1734 5780; x_wconf 80' lang='grc'><strong>86.</strong></span> 
     </span>
    </p>

    <p class='ocr_par' dir='ltr' id='par_1_32' title="bbox 1630 5811 2151 5888">
     <span class='ocr_line' id='line_1_109' title="bbox 1630 5811 2151 5888; baseline 0.004 -18"><span class='ocrx_word' id='word_1_856' title='bbox 1630 5811 1733 5870; x_wconf 75' lang='grc'><strong>161666.</strong></span> <span class='ocrx_word' id='word_1_857' title='bbox 1755 5819 1784 5884; x_wconf 91' lang='grc'><strong>6,</strong></span> <span class='ocrx_word' id='word_1_858' title='bbox 1805 5823 1864 5884; x_wconf 89' lang='grc'><strong>6666</strong></span> <span class='ocrx_word' id='word_1_859' title='bbox 1884 5833 1963 5888; x_wconf 88' lang='lat' dir='ltr'>quem</span> <span class='ocrx_word' id='word_1_860' title='bbox 1982 5819 2037 5872; x_wconf 89' lang='lat' dir='ltr'>lsai.</span> <span class='ocrx_word' id='word_1_861' title='bbox 2059 5819 2106 5884; x_wconf 89' lang='grc'><strong>53,</strong></span> <span class='ocrx_word' id='word_1_862' title='bbox 2126 5817 2151 5872; x_wconf 90' lang='grc'><strong>7.</strong></span> 
     </span>
    </p>

    <p class='ocr_par' dir='ltr' id='par_1_33' title="bbox 1631 5897 2197 5976">
     <span class='ocr_line' id='line_1_110' title="bbox 1631 5897 2197 5976; baseline 0.004 -16"><span class='ocrx_word' id='word_1_863' title='bbox 1631 5901 1652 5934; x_wconf 84' lang='grc'><strong>11</strong></span> <span class='ocrx_word' id='word_1_864' title='bbox 1670 5905 1755 5962; x_wconf 86' lang='lat' dir='ltr'><strong>chd.</strong></span> <span class='ocrx_word' id='word_1_865' title='bbox 1774 5907 1825 5960; x_wconf 87' lang='lat' dir='ltr'><strong>GD</strong></span> <span class='ocrx_word' id='word_1_866' title='bbox 1844 5907 1949 5976; x_wconf 68' lang='lat' dir='ltr'>utinm·</span> <span class='ocrx_word' id='word_1_867' title='bbox 1966 5911 2002 5962; x_wconf 92' lang='lat' dir='ltr'><strong>ita</strong></span> <span class='ocrx_word' id='word_1_868' title='bbox 2020 5909 2098 5962; x_wconf 86' lang='lat' dir='ltr'>etiam</span> <span class='ocrx_word' id='word_1_869' title='bbox 2118 5897 2197 5968; x_wconf 81' lang='lat' dir='ltr'>Reda.</span> 
     </span>
    </p>

    <p class='ocr_par' dir='ltr' id='par_1_34' title="bbox 1630 5993 2080 6062">
     <span class='ocr_line' id='line_1_111' title="bbox 1630 5993 2080 6062; baseline 0.007 -17"><span class='ocrx_word' id='word_1_870' title='bbox 1630 5993 1651 6024; x_wconf 92' lang='grc'><strong>11</strong></span> <span class='ocrx_word' id='word_1_871' title='bbox 1670 5995 1746 6048; x_wconf 73' lang='lat' dir='ltr'>Vens.</span> <span class='ocrx_word' id='word_1_872' title='bbox 1767 5995 1811 6048; x_wconf 77' lang='grc'><strong>61.</strong></span> <span class='ocrx_word' id='word_1_873' title='bbox 1829 6001 1854 6050; x_wconf 88' lang='grc'><strong>66</strong></span> <span class='ocrx_word' id='word_1_874' title='bbox 1874 5997 1968 6050; x_wconf 88' lang='lat' dir='ltr'>deinde</span> <span class='ocrx_word' id='word_1_875' title='bbox 1988 5999 2018 6062; x_wconf 91' lang='grc'><strong>6,</strong></span> <span class='ocrx_word' id='word_1_876' title='bbox 2039 5995 2080 6050; x_wconf 89' lang='grc'><strong>11.</strong></span> 
     </span>
    </p>

    <p class='ocr_par' dir='ltr' id='par_1_35' title="bbox 1630 6079 2411 6160">
     <span class='ocr_line' id='line_1_112' title="bbox 1630 6079 2411 6160; baseline 0 -24"><span class='ocrx_word' id='word_1_877' title='bbox 1630 6079 1745 6160; x_wconf 79' lang='grc'><strong>1111666.</strong></span> <span class='ocrx_word' id='word_1_878' title='bbox 1766 6085 1808 6136; x_wconf 85' lang='grc'><strong>13.</strong></span> <span class='ocrx_word' id='word_1_879' title='bbox 1827 6087 1950 6150; x_wconf 78' lang='grc'><strong>6661166</strong></span> <span class='ocrx_word' id='word_1_880' title='bbox 1973 6085 2036 6138; x_wconf 88' lang='lat' dir='ltr'>Viuo</span> <span class='ocrx_word' id='word_1_881' title='bbox 2056 6087 2145 6138; x_wconf 85' lang='lat' dir='ltr'>uatem</span> <span class='ocrx_word' id='word_1_882' title='bbox 2164 6083 2248 6136; x_wconf 86' lang='lat' dir='ltr'><strong>ACD</strong></span> <span class='ocrx_word' id='word_1_883' title='bbox 2270 6081 2333 6136; x_wconf 83' lang='lat' dir='ltr'>Vino</span> <span class='ocrx_word' id='word_1_884' title='bbox 2353 6097 2411 6152; x_wconf 86' lang='grc'><strong>666.</strong></span> 
     </span>
    </p>

    <p class='ocr_par' dir='ltr' id='par_1_36' title="bbox 1631 6165 2514 6240">
     <span class='ocr_line' id='line_1_113' title="bbox 1631 6165 2514 6240; baseline 0 -14"><span class='ocrx_word' id='word_1_885' title='bbox 1631 6169 1652 6202; x_wconf 81' lang='grc'><strong>11</strong></span> <span class='ocrx_word' id='word_1_886' title='bbox 1671 6173 1722 6226; x_wconf 89' lang='lat' dir='ltr'>Cir.</span> <span class='ocrx_word' id='word_1_887' title='bbox 1743 6175 1860 6240; x_wconf 89' lang='lat' dir='ltr'>Gregor.,</span> <span class='ocrx_word' id='word_1_888' title='bbox 1880 6175 1910 6226; x_wconf 87' lang='lat' dir='ltr'><strong>V.</strong></span> <span class='ocrx_word' id='word_1_889' title='bbox 1930 6165 2017 6226; x_wconf 87' lang='lat' dir='ltr'>lloral.</span> <span class='ocrx_word' id='word_1_890' title='bbox 2036 6187 2060 6226; x_wconf 89' lang='lat' dir='ltr'>c.</span> <span class='ocrx_word' id='word_1_891' title='bbox 2078 6173 2102 6224; x_wconf 88' lang='grc'><strong>3.</strong></span> <span class='ocrx_word' id='word_1_892' title='bbox 2117 6173 2188 6238; x_wconf 88' lang='grc'><strong>6.1;</strong></span> <span class='ocrx_word' id='word_1_893' title='bbox 2205 6173 2338 6234; x_wconf 79' lang='grc'><strong>63666666,</strong></span> <span class='ocrx_word' id='word_1_894' title='bbox 2354 6173 2476 6226; x_wconf 81' lang='lat' dir='ltr'>Serm&#39;i.</span> <span class='ocrx_word' id='word_1_895' title='bbox 2491 6175 2514 6226; x_wconf 92' lang='grc'><strong>16</strong></span> 
     </span>
    </p>
   </div>
   <div class='ocr_carea' id='block_1_12' title="bbox 1559 6261 2513 6418">
    <p class='ocr_par' dir='ltr' id='par_1_37' title="bbox 1559 6261 2513 6418">
     <span class='ocr_line' id='line_1_114' title="bbox 1559 6261 2383 6330; baseline -0.006 -14"><span class='ocrx_word' id='word_1_896' title='bbox 1559 6261 1719 6330; x_wconf 83' lang='lat' dir='ltr'>Quadrages.</span> <span class='ocrx_word' id='word_1_897' title='bbox 1741 6277 1766 6316; x_wconf 90' lang='lat' dir='ltr'><strong>u.</strong></span> <span class='ocrx_word' id='word_1_898' title='bbox 1784 6263 1811 6316; x_wconf 88' lang='grc'><strong>3.</strong></span> <span class='ocrx_word' id='word_1_899' title='bbox 2382 6325 2383 6328; x_wconf 9' lang='lat'>¹</span> 
     </span>
     <span class='ocr_line' id='line_1_115' title="bbox 1631 6347 2513 6418; baseline -0.005 -14"><span class='ocrx_word' id='word_1_900' title='bbox 1631 6349 1653 6380; x_wconf 80' lang='grc'><strong>11</strong></span> <span class='ocrx_word' id='word_1_901' title='bbox 1673 6351 1749 6404; x_wconf 81' lang='lat' dir='ltr'>Vere.</span> <span class='ocrx_word' id='word_1_902' title='bbox 1768 6349 1811 6406; x_wconf 92' lang='grc'><strong>17.</strong></span> <span class='ocrx_word' id='word_1_903' title='bbox 1829 6365 1885 6418; x_wconf 89' lang='grc'><strong>666.</strong></span> <span class='ocrx_word' id='word_1_904' title='bbox 1903 6349 1953 6406; x_wconf 81' lang='lat' dir='ltr'>Cir.</span> <span class='ocrx_word' id='word_1_905' title='bbox 1973 6349 2092 6416; x_wconf 77' lang='grc'><strong>666666,</strong></span> <span class='ocrx_word' id='word_1_906' title='bbox 2112 6349 2139 6402; x_wconf 92' lang='grc'><strong>16.</strong></span> <span class='ocrx_word' id='word_1_907' title='bbox 2159 6347 2298 6402; x_wconf 83' lang='grc'><strong>(166]6666.</strong></span> <span class='ocrx_word' id='word_1_908' title='bbox 2321 6349 2409 6400; x_wconf 90' lang='lat' dir='ltr'>christ.</span> <span class='ocrx_word' id='word_1_909' title='bbox 2429 6361 2451 6400; x_wconf 91' lang='grc'><strong>6.</strong></span> <span class='ocrx_word' id='word_1_910' title='bbox 2471 6349 2513 6402; x_wconf 92' lang='grc'><strong>11.</strong></span> 
     </span>
    </p>
   </div>
   <div class='ocr_carea' id='block_1_13' title="bbox 1558 6435 2547 6778">
    <p class='ocr_par' dir='ltr' id='par_1_38' title="bbox 1558 6435 2547 6778">
     <span class='ocr_line' id='line_1_116' title="bbox 1559 6435 2513 6508; baseline -0.004 -14"><span class='ocrx_word' id='word_1_911' title='bbox 1559 6455 1584 6494; x_wconf 91' lang='grc'><strong>6.</strong></span> <span class='ocrx_word' id='word_1_912' title='bbox 1604 6435 1650 6504; x_wconf 55' lang='grc'><strong>66</strong></span> <span class='ocrx_word' id='word_1_913' title='bbox 1670 6441 1696 6494; x_wconf 89' lang='grc'><strong>16</strong></span> <span class='ocrx_word' id='word_1_914' title='bbox 1715 6443 1782 6494; x_wconf 88' lang='grc'><strong>6666.</strong></span> <span class='ocrx_word' id='word_1_915' title='bbox 1803 6443 1901 6508; x_wconf 86' lang='lat' dir='ltr'>Evang.</span> <span class='ocrx_word' id='word_1_916' title='bbox 1923 6447 1952 6494; x_wconf 90' lang='grc'><strong>66.</strong></span> <span class='ocrx_word' id='word_1_917' title='bbox 1975 6441 1984 6492; x_wconf 92' lang='grc'><strong>1</strong></span> <span class='ocrx_word' id='word_1_918' title='bbox 1994 6439 2034 6492; x_wconf 87' lang='grc'><strong>18.</strong></span> <span class='ocrx_word' id='word_1_919' title='bbox 2053 6453 2078 6490; x_wconf 92' lang='grc'><strong>6.</strong></span> <span class='ocrx_word' id='word_1_920' title='bbox 2105 6439 2128 6490; x_wconf 92' lang='grc'><strong>5.</strong></span> <span class='ocrx_word' id='word_1_921' title='bbox 2153 6443 2179 6490; x_wconf 88' lang='grc'><strong>66</strong></span> <span class='ocrx_word' id='word_1_922' title='bbox 2203 6439 2289 6496; x_wconf 85' lang='lat' dir='ltr'>Serrn.</span> <span class='ocrx_word' id='word_1_923' title='bbox 2316 6439 2376 6492; x_wconf 91' lang='grc'><strong>165.</strong></span> <span class='ocrx_word' id='word_1_924' title='bbox 2396 6439 2513 6508; x_wconf 77' lang='lat' dir='ltr'>(aliosi.</span> 
     </span>
     <span class='ocr_line' id='line_1_117' title="bbox 1559 6527 2515 6600; baseline 0 -18"><span class='ocrx_word' id='word_1_925' title='bbox 1559 6531 1590 6584; x_wconf 86' lang='grc'><strong>66</strong></span> <span class='ocrx_word' id='word_1_926' title='bbox 1612 6529 1704 6584; x_wconf 85' lang='lat' dir='ltr'>Verbis</span> <span class='ocrx_word' id='word_1_927' title='bbox 1723 6531 1851 6600; x_wconf 81' lang='lat' dir='ltr'>Apostoli)</span> <span class='ocrx_word' id='word_1_928' title='bbox 1871 6545 1893 6584; x_wconf 92' lang='grc'><strong>6.</strong></span> <span class='ocrx_word' id='word_1_929' title='bbox 1915 6529 1939 6582; x_wconf 93' lang='grc'><strong>1.</strong></span> <span class='ocrx_word' id='word_1_930' title='bbox 1956 6543 1983 6582; x_wconf 92' lang='grc'><strong>6.</strong></span> <span class='ocrx_word' id='word_1_931' title='bbox 2003 6527 2033 6594; x_wconf 89' lang='grc'><strong>1;</strong></span> <span class='ocrx_word' id='word_1_932' title='bbox 2053 6529 2188 6598; x_wconf 72' lang='lat' dir='ltr'>bernard,</span> <span class='ocrx_word' id='word_1_933' title='bbox 2208 6529 2292 6582; x_wconf 89' lang='lat' dir='ltr'>Serm.</span> <span class='ocrx_word' id='word_1_934' title='bbox 2315 6529 2343 6580; x_wconf 94' lang='lat' dir='ltr'>in</span> <span class='ocrx_word' id='word_1_935' title='bbox 2364 6529 2406 6580; x_wconf 91' lang='lat' dir='ltr'><strong>die</strong></span> <span class='ocrx_word' id='word_1_936' title='bbox 2425 6535 2515 6582; x_wconf 87' lang='lat' dir='ltr'>sancto</span> 
     </span>
     <span class='ocr_line' id='line_1_118' title="bbox 1558 6617 2547 6688; baseline -0.003 -16"><span class='ocrx_word' id='word_1_937' title='bbox 1558 6621 1684 6684; x_wconf 86' lang='lat' dir='ltr'>Paschae,</span> <span class='ocrx_word' id='word_1_938' title='bbox 1702 6633 1728 6670; x_wconf 94' lang='lat' dir='ltr'><strong>n.</strong></span> <span class='ocrx_word' id='word_1_939' title='bbox 1749 6621 1771 6672; x_wconf 88' lang='lat'><strong>3.</strong></span> <span class='ocrx_word' id='word_1_940' title='bbox 1794 6619 1849 6688; x_wconf 85' lang='grc'><strong>(666.</strong></span> <span class='ocrx_word' id='word_1_941' title='bbox 1870 6619 1979 6672; x_wconf 87' lang='grc'><strong>166666.</strong></span> <span class='ocrx_word' id='word_1_942' title='bbox 2000 6617 2042 6670; x_wconf 87' lang='grc'><strong>15.</strong></span> <span class='ocrx_word' id='word_1_943' title='bbox 2060 6617 2087 6670; x_wconf 89' lang='grc'><strong>16</strong></span> <span class='ocrx_word' id='word_1_944' title='bbox 2117 6617 2176 6684; x_wconf 90' lang='grc'><strong>666)</strong></span> <span class='ocrx_word' id='word_1_945' title='bbox 2196 6623 2222 6670; x_wconf 88' lang='grc'><strong>66</strong></span> <span class='ocrx_word' id='word_1_946' title='bbox 2242 6619 2307 6670; x_wconf 90' lang='lat' dir='ltr'>Vitis</span> <span class='ocrx_word' id='word_1_947' title='bbox 2337 6617 2440 6682; x_wconf 89' lang='lat' dir='ltr'>rnystic.</span> <span class='ocrx_word' id='word_1_948' title='bbox 2469 6619 2514 6686; x_wconf 79' lang='lat' dir='ltr'>(in-</span> <span class='ocrx_word' id='word_1_949' title='bbox 2533 6635 2547 6646; x_wconf 36' lang='lat' dir='ltr'>s</span> 
     </span>
     <span class='ocr_line' id='line_1_119' title="bbox 1559 6707 2081 6778; baseline -0.004 -16"><span class='ocrx_word' id='word_1_950' title='bbox 1559 6713 1596 6762; x_wconf 90' lang='grc'><strong>166</strong></span> <span class='ocrx_word' id='word_1_951' title='bbox 1616 6721 1696 6772; x_wconf 88' lang='lat' dir='ltr'>opera</span> <span class='ocrx_word' id='word_1_952' title='bbox 1714 6709 1851 6778; x_wconf 89' lang='lat' dir='ltr'>Bemardi)</span> <span class='ocrx_word' id='word_1_953' title='bbox 1871 6723 1893 6762; x_wconf 89' lang='grc'><strong>6.</strong></span> <span class='ocrx_word' id='word_1_954' title='bbox 1914 6709 1956 6760; x_wconf 91' lang='grc'><strong>16.</strong></span> <span class='ocrx_word' id='word_1_955' title='bbox 1976 6721 2000 6760; x_wconf 94' lang='lat' dir='ltr'><strong>n.</strong></span> <span class='ocrx_word' id='word_1_956' title='bbox 2021 6707 2081 6760; x_wconf 88' lang='grc'><strong>153.</strong></span> 
     </span>
    </p>
   </div>
   <div class='ocr_carea' id='block_1_14' title="bbox 2345 5815 2513 5872">
    <p class='ocr_par' dir='ltr' id='par_1_39' title="bbox 2345 5815 2513 5872">
     <span class='ocr_line' id='line_1_120' title="bbox 2345 5815 2513 5872; baseline 0.006 0"><span class='ocrx_word' id='word_1_957' title='bbox 2345 5815 2356 5848; x_wconf 82' lang='lat'>⁹</span> <span class='ocrx_word' id='word_1_958' title='bbox 2377 5819 2451 5872; x_wconf 79' lang='grc'><strong>11666.</strong></span> <span class='ocrx_word' id='word_1_959' title='bbox 2470 5821 2513 5872; x_wconf 90' lang='grc'><strong>31.</strong></span> 
     </span>
    </p>
   </div>
   <div class='ocr_carea' id='block_1_15' title="bbox 1558 6793 2514 7042">
    <p class='ocr_par' dir='ltr' id='par_1_40' title="bbox 1558 6793 2514 7042">
     <span class='ocr_line' id='line_1_121' title="bbox 1625 6793 2514 6858; baseline -0.002 -8"><span class='ocrx_word' id='word_1_960' title='bbox 1625 6793 1647 6826; x_wconf 74' lang='lat'><strong>¹⁵</strong></span> <span class='ocrx_word' id='word_1_961' title='bbox 1667 6801 1701 6850; x_wconf 92' lang='lat' dir='ltr'><strong>lta</strong></span> <span class='ocrx_word' id='word_1_962' title='bbox 1720 6797 1798 6850; x_wconf 85' lang='lat' dir='ltr'>etiam</span> <span class='ocrx_word' id='word_1_963' title='bbox 1817 6799 1844 6850; x_wconf 87' lang='grc' dir='ltr'><strong>Β.</strong></span> <span class='ocrx_word' id='word_1_964' title='bbox 1865 6795 1960 6850; x_wconf 80' lang='lat' dir='ltr'>tilbert.</span> <span class='ocrx_word' id='word_1_965' title='bbox 1982 6801 2006 6848; x_wconf 88' lang='lat' dir='ltr'><strong>et</strong></span> <span class='ocrx_word' id='word_1_966' title='bbox 2024 6797 2171 6858; x_wconf 89' lang='lat' dir='ltr'>Gorranus;</span> <span class='ocrx_word' id='word_1_967' title='bbox 2184 6797 2243 6850; x_wconf 89' lang='lat' dir='ltr'>Vat.</span> <span class='ocrx_word' id='word_1_968' title='bbox 2255 6807 2316 6846; x_wconf 85' lang='lat' dir='ltr'><strong>cum</strong></span> <span class='ocrx_word' id='word_1_969' title='bbox 2331 6795 2457 6858; x_wconf 90' lang='lat' dir='ltr'>Vulgata:</span> <span class='ocrx_word' id='word_1_970' title='bbox 2477 6793 2514 6848; x_wconf 83' lang='lat' dir='ltr'>di·</span> 
     </span>
     <span class='ocr_line' id='line_1_122' title="bbox 1558 6882 2508 6952; baseline -0.004 -12"><span class='ocrx_word' id='word_1_971' title='bbox 1558 6883 1631 6940; x_wconf 84' lang='lat' dir='ltr'>mitte</span> <span class='ocrx_word' id='word_1_972' title='bbox 1649 6883 1719 6950; x_wconf 84' lang='grc'><strong>16116,</strong></span> <span class='ocrx_word' id='word_1_973' title='bbox 1739 6899 1794 6940; x_wconf 85' lang='grc'><strong>666</strong></span> <span class='ocrx_word' id='word_1_974' title='bbox 1812 6883 1883 6940; x_wconf 82' lang='lat' dir='ltr'>enirn</span> <span class='ocrx_word' id='word_1_975' title='bbox 1901 6883 1998 6940; x_wconf 84' lang='grc'><strong>661661.</strong></span> <span class='ocrx_word' id='word_1_976' title='bbox 2010 6913 2047 6924; x_wconf 95' lang='grc'>-</span> <span class='ocrx_word' id='word_1_977' title='bbox 2060 6885 2181 6952; x_wconf 89' lang='lat' dir='ltr'>Sequitur</span> <span class='ocrx_word' id='word_1_978' title='bbox 2199 6885 2256 6938; x_wconf 86' lang='lat' dir='ltr'>isat.</span> <span class='ocrx_word' id='word_1_979' title='bbox 2270 6883 2319 6946; x_wconf 88' lang='grc'><strong>63,</strong></span> <span class='ocrx_word' id='word_1_980' title='bbox 2335 6882 2376 6950; x_wconf 74' lang='lat' dir='ltr'><strong>ta,</strong></span> <span class='ocrx_word' id='word_1_981' title='bbox 2395 6883 2421 6934; x_wconf 89' lang='lat' dir='ltr'>in</span> <span class='ocrx_word' id='word_1_982' title='bbox 2434 6883 2508 6938; x_wconf 85' lang='lat' dir='ltr'>onius</span> 
     </span>
     <span class='ocr_line' id='line_1_123' title="bbox 1558 6973 2051 7042; baseline 0.008 -18"><span class='ocrx_word' id='word_1_983' title='bbox 1558 6973 1611 7026; x_wconf 87' lang='lat' dir='ltr'>lina</span> <span class='ocrx_word' id='word_1_984' title='bbox 1628 6987 1677 7038; x_wconf 90' lang='lat' dir='ltr'><strong>pro</strong></span> <span class='ocrx_word' id='word_1_985' title='bbox 1695 6973 1803 7042; x_wconf 83' lang='grc'><strong>6666616</strong></span> <span class='ocrx_word' id='word_1_986' title='bbox 1820 6973 1903 7026; x_wconf 83' lang='lat' dir='ltr'><strong>ACH</strong></span> <span class='ocrx_word' id='word_1_987' title='bbox 1919 6973 2051 7030; x_wconf 82' lang='grc'><strong>66666616.</strong></span> 
     </span>
    </p>
   </div>
   <div class='ocr_carea' id='block_1_16' title="bbox 0 0 2954 8260">
    <p class='ocr_par' dir='ltr' id='par_1_41' title="bbox 0 0 2954 8260">
     <span class='ocr_line' id='line_1_124' title="bbox 0 0 2954 8260; baseline 0 0"><span class='ocrx_word' id='word_1_988' title='bbox 0 0 2954 8260; x_wconf 95' lang='lat' dir='ltr'><strong> </strong></span> 
     </span>
    </p>
   </div>
  </div>
 </body>
</html>
