5900 8266
1082 581 1276 650 COMMENT.
1299 583 1338 650 ΙΝ
1359 582 1598 652 EVANGELlUM
1620 583 1736 650 tacta
1763 583 1793 648 C.
1817 583 1915 650 XVlll.

507 755 660 826 vitiorum
689 761 956 848 impugnationem
986 757 1209 844 exstinguit»;
1239 757 1358 826 instans
1391 775 1466 826 vero

508 865 611 934 oratio
634 867 782 952 impetrat
804 867 927 934 reniam
950 865 989 932 de
1011 863 1164 950 peccatis,
1187 865 1361 932 secundum
1387 865 1466 930 illud

509 973 715 1042 Ecclesiastici
740 971 854 1040 tertia:
883 969 975 1054 «Qui
997 969 1098 1054 diligit
1120 971 1222 1036 Deum
1244 971 1391 1036 exorabit
1408 989 1465 1054 pro

507 1081 644 1164 peccatis
668 1087 696 1146 et
721 1079 752 1144 in
777 1077 917 1144 oratione
938 1075 1062 1142 dierum
1089 1075 1307 1142 exaudietur»
1339 1082 1396 1142 etc.

599 1187 626 1252 3.
654 1187 688 1250 Et
711 1183 781 1248 ideo
802 1183 879 1248 utile
911 1186 957 1248 est
988 1199 1080 1248 orare
1104 1199 1227 1266 semper
1250 1191 1378 1266 propter
1410 1181 1464 1246 de-

371 1301 484 1366 oatiouts,
508 1305 595 1368 cem,
618 1287 762 1354 videlicet
792 1285 867 1370 6666
898 1285 1047 1370 66666666
1068 1285 1305 1352 relaxationem
1331 1285 1465 1350 divinoe

357 1355 703 1470 ΙΠΙΙΙ,ἓξὲω6666666666,
730 1391 810 1458 sicut
836 1397 968 1476 apparet
989 1391 1021 1456 in
1046 1390 1176 1458 Ezechia
1192 1391 1287 1458 isaiae
1303 1393 1466 1476 trigesimo

507 1501 664 1564 octaro'1:
692 1523 709 1554 ι(
725 1495 834 1562 066666
857 1495 1002 1564 Ezechias
1027 1497 1191 1562 Dominum
1217 1503 1247 1564 66
1271 1497 1368 1564 dixit:
1403 1497 1464 1566 Ob-

506 1621 614 1682 secro,
638 1603 786 1682 Domine,
810 1609 985 1680 memento,
1009 1619 1145 1684 666666,
1172 1601 1330 1688 quonrodo
1352 1603 1464 1668 66666-

505 1709 636 1774 laverim
662 1725 766 1774 coram
792 1715 819 1774 66
836 1733 867 1788 »;
885 1713 1001 1792 etpost
1018 1705 1182 1788 subditur,
1208 1707 1292 1792 quod
1311 1709 1465 1776 Dominus

506 1813 667 1878 revocarit
681 1813 865 1880 sententiam
890 1813 928 1880 de
951 1819 1073 1892 morte;
1100 1821 1128 1880 et
1154 1813 1328 1898 Sapientiae
1344 1813 1464 1880 decimo

492 1923 636 1990 octavo:
667 1945 681 1976 o
698 1921 872 2004 Properans
888 1921 984 1984 homo
998 1919 1065 1984 sinc
1082 1920 1212 2002 querela
1227 1919 1388 2002 deprecari
1406 1939 1464 2004 pro

505 2023 647 2108 populis,
672 2023 835 2108 proferens
851 2023 1011 2090 servitutis
1028 2041 1103 2090 suae
1121 2031 1246 2092 scotum
1272 2025 1464 2104 orationem,

505 2135 539 2194 66
553 2147 610 2214 666
625 2129 788 2196 incensum
804 2129 1052 2212 deprecationem
1066 2131 1215 2214 allegans,
1227 2131 1343 2198 restitit
1354 2129 1419 2196 irae
1430 2157 1462 2196 ».

380 2251 487 2296 secana.
506 2271 551 2282 --
573 2233 807 2302 Remiaccbnern
841 2233 956 2320 aubroc
976 2243 1186 2320 perpetratae
1198 2259 1212 2314 ,·
1233 2235 1377 2302 Matthaei
1410 2235 1465 2302 de-

506 2341 588 2408 cimo
611 2341 790 2426 septim022
818 2367 835 2400 «
853 2341 914 2408 lloc
935 2359 1037 2426 genus
1057 2341 1213 2408 daemonii
1244 2361 1306 2410 non
1340 2341 1464 2410 elicitur

504 2447 564 2514 nisi
598 2447 855 2532 perorationem
887 2455 919 2512 et
948 2447 1102 2514 ieiunium
1117 2473 1149 2526 »3
1181 2465 1278 2532 super
1306 2467 1370 2534 quo
1395 2450 1463 2516 loco

505 2553 732 2638 Hieronymus:
752 2579 769 2610 (ι
786 2553 906 2620 leiunio
922 2557 1074 2620 sanantur
1098 2561 1200 2638 pestes
1218 2557 1374 2640 corporis,
1392 2575 1463 2620 ora-

505 2661 590 2728 tione
620 2667 724 2746 pestes
752 2659 867 2728 mentis
883 2685 915 2740 »;
940 2659 1101 2728 Psalmas:
1130 2687 1146 2720 o
1162 2661 1255 2728 Dixi:
1286 2661 1464 2728 Conlitebor

505 2765 674 2834 adversam
697 2785 747 2834 me
772 2765 955 2834 iniustitiam
980 2785 1080 2834 meam
1104 2767 1252 2848 Damion,
1271 2775 1300 2836 et
1316 2773 1352 2836 tu
1367 2767 1463 2836 remi-

505 2871 572 2940 sisti
597 2873 786 2958 impietatem
818 2871 935 2956 peccati
960 2871 1020 2938 mei
1038 2897 1068 2954 »3
1100 2881 1129 2940 et
1162 2881 1251 2958 post:
1282 2899 1296 2932 (t
1312 2875 1371 2940 Pro
1404 2875 1463 2940 hac

341 3015 342 3020 κ
406 2999 486 3042 666.
503 2979 608 3046 orabit
621 2981 661 3046 ad
677 2985 707 3046 te
724 2979 824 3046 corais
842 2987 968 3046 sanctus
983 3007 998 3040 a
1021 2985 1078 3048 666.
1097 3019 1139 3030 ·-
1157 2981 1381 3066 Repetisionern
1396 2979 1464 3066 spi-

504 3085 642 3152 ritualis
662 3105 816 3172 puprtoe;
841 3085 986 3152 Matthaei
1010 3087 1160 3172 rigesimo
1181 3089 1328 3154 666666Ι
1346 3113 1361 3146 o
1378 3087 1463 3172 Vigi-

505 3192 568 3258 late
593 3199 623 3260 66
646 3199 750 3272 66666,
773 3211 811 3258 66
835 3193 958 3260 intretis
981 3193 1237 3262 intentationem
1253 3219 1287 3274 »;
1314 3201 1347 3262 66
1367 3193 1462 3280 primi

505 3298 764 3365 Machabaeorum
783 3305 915 3382 quarto:
935 3325 951 3356 c<
969 3301 1055 3368 Tubu
1071 3301 1253 3370 cecinerunt
1275 3301 1306 3368 hi
1324 3301 1375 3388 qui
1394 3301 1462 3368 lue-

492 3411 581 3472 ·runt
613 3421 684 3472 cum
718 3405 808 3484 luda,
842 3410 871 3472 66
903 3405 1053 3472 666666666
1086 3417 1161 3474 sunt
1188 3415 1297 3492 gentes
1319 3415 1351 3474 66
1372 3409 1462 3492 fage-

397 3527 485 3580 ttuoa·
504 3519 581 3580 runt
598 3539 613 3570 a
641 3517 698 3578 etc.
725 3547 765 3560 -
794 3513 1047 3596 66666666666666
1068 3513 1205 3580 uirtutis
1228 3523 1372 3580 6666666
1379 3539 1392 3593 ;
1415 3515 1463 3578 la-

503 3615 570 3682 6666
590 3617 699 3700 quinto
713 3617 744 3682 4:
760 3615 867 3682 Oratio
883 3617 955 3682 lidei
974 3619 1104 3684 salvabit
1118 3613 1281 3684 infirmum
1293 3623 1325 3684 et
1337 3619 1462 3684 alleria-

502 3721 550 3788 bit
561 3739 633 3786 erim
647 3747 663 3780 »
680 3727 738 3788 666.
748 3745 756 3802 ;
775 3729 805 3788 66
821 3721 1026 3788 Ecclesiastioi
1043 3721 1202 3808 trigesimo
1219 3729 1345 3788 octavo:
1364 3747 1380 3780 o
1394 3721 1460 3802 Fili,

323 3897 324 3900 ,
503 3827 536 3892 66
559 3825 741 3894 infirmitate
764 3835 819 3894 tua
844 3845 881 3892 66
898 3825 1049 3912 despicias
1064 3835 1096 3894 66
1112 3829 1234 3912 ipsum,
1256 3829 1309 3896 sed
1327 3847 1383 3894 ora
1399 3829 1460 3894 Do-

397 3949 485 4006 aunca.
502 3933 642 4012 minuat,
674 3939 704 4000 et
736 3931 801 4018 ipse
834 3931 958 4000 curabit
989 3937 1019 4000 66
1044 3961 1073 4000 a.
1103 3973 1148 3982 -
1173 3933 1461 4000 Conceruott'cnene

497 4039 599 4126 66666
620 4029 664 4106 66
680 4045 820 4124 tempore
831 4063 845 4118 ;
866 4039 987 4122 primae
1008 4039 1263 4106 adTimotheum
1280 4039 1459 4106 seeundol:

508 4143 693 4222 «Obsecro,
710 4143 967 4228 primoomnium
988 4145 1056 4210 lieri
1072 4143 1319 4224 obsecrationes,
1345 4143 1461 4210 oratio-

503 4269 577 4330 nes,
603 4249 847 4336 postulationes,
877 4249 1051 4336 gratiarum
1083 4251 1237 4330 actiones,
1261 4257 1298 4318 ut
1320 4249 1459 4336 quietam

493 4363 535 4448 ¹et
557 4353 757 4440 tranquillam
783 4355 879 4422 vitam
903 4375 1033 4440 agamus
1055 4355 1087 4420 in
1109 4355 1191 4420 omni
1218 4355 1332 4438 pietate
1355 4363 1386 4420 66
1410 4375 1461 4422 66-

412 4479 485 4524 stara.
503 4459 609 4528 stitate
623 4485 638 4518 a
669 4465 727 4528 666.
751 4497 794 4510 -
821 4461 1090 4540 detractationem„
1108 4461 1361 4548 tranquillitatis
1384 4481 1459 4528 aoc-

502 4565 657 4632 scientiae
665 4589 676 4642 ;
698 4567 738 4632 ad
762 4565 976 4652 Philippenses
1006 4567 1168 4652 quartoss:
1196 4591 1213 4624 o
1229 4565 1310 4632 Nihil
1337 4565 1459 4634 solliciti

502 4673 588 4750 sitis,
613 4673 668 4738 sed
690 4673 723 4738 in
745 4673 829 4738 amni
855 4673 994 4740 oratione
1018 4679 1049 4740 et
1064 4673 1280 4740 obsecratione
1295 4673 1460 4756 petitiones

500 4783 624 4846 vestrae
647 4777 842 4846 innotescant
864 4777 948 4864 apud
971 4779 1080 4846 Deum.
1115 4779 1151 4846 Et
1179 4797 1243 4864 pax
1271 4777 1346 4858 Dei,
1376 4795 1460 4864 qaae

377 4903 483 4958 salama.
502 4891 675 4970 exsuperat
704 4903 828 4952 omnem
861 4903 1006 4962 sensum,
1039 4885 1191 4952 custodiat
1208 4911 1224 4944 a
1252 4891 1310 4950 eto.
1338 4921 1377 4930 -
1404 4885 1459 4950 ln-

500 4989 760 5076 pentateucum
785 4989 917 5058 divinae
929 4993 1083 5078 protana,-
1100 4991 1130 5056 in
1148 4991 1238 5058 onius
1261 4991 1397 5076 liguram
1412 4991 1460 5056 di-

500 5099 585 5166 66666
607 5099 645 5164 de
671 5099 734 5168 lilia
756 5099 841 5168 tertii
865 5099 984 5186 Regum
1006 5097 1127 5166 decimo
1152 5105 1260 5166 octavo
1274 5097 1307 5166 l:
1339 5098 1460 5166 «inro-

500 5205 577 5272 6666
602 5223 714 5272 nomen
737 5205 861 5272 Domini
885 5205 965 5284 mei,
997 5209 1029 5272 66
1057 5205 1160 5284 aeus,
1191 5205 1246 5290 qui
1279 5205 1457 5272 exaudierit

501 5325 560 5392 per
582 5311 703 5394 ignem,
729 5313 795 5398 ipse
818 5311 858 5378 sit
879 5311 965 5380 Deus
981 5337 1011 5374 a.
1037 5311 1121 5378 Unde
1145 5311 1278 5378 artuum
1296 5311 1398 5394 primo
1413 5311 1459 5376 di-

501 5413 603 5494 citur,
626 5417 711 5500 quod
740 5423 1007 5502 «perseverantes
1025 5425 1114 5484 erant
1127 5415 1319 5482 unanimiter
1336 5417 1367 5482 in
1388 5435 1460 5482 ora-

570 5917 579 5948 ¹
601 5919 676 5972 Mers.
693 5923 720 5972 2.
737 5935 794 5988 seq.
812 5927 837 5974 et
857 5923 888 5974 5:
908 5923 1002 5976 Atrdiri
1023 5927 1167 5978 orationem
1186 5919 1287 5980 66666...
1304 5941 1377 5994 6666,
1406 5941 1456 5992 ego

500 6007 621 6060 adiiciam
640 6021 721 6072 saper
743 6009 800 6060 dies
824 6013 882 6060 tuos
908 6011 1057 6076 qrrindeaim
1083 6027 1174 6068 aranos.
1191 6043 1229 6054 -
1246 6017 1369 6082 Sequitur
1395 6019 1456 6082 Sap.

501 6097 550 6162 la,
569 6097 613 6148 tr.

570 6181 581 6214 2
602 6187 675 6238 Mers
694 6187 746 6250 203
764 6185 836 6238 idem
857 6185 967 6238 habetur
986 6187 1062 6238 Marc.
1082 6189 1113 6254 9,
1132 6191 1180 6252 28,
1200 6204 1282 6254 saper
1299 6205 1354 6256 666
1377 6191 1457 6244 hahe-

499 6279 543 6326 tur
559 6273 683 6326 seatantia
701 6269 862 6336 Hieronymo
880 6271 993 6336 tributa3
1013 6277 1059 6326 etr.
1078 6265 1159 6340 su'pra
1172 6289 1233 6340 pag.
1246 6277 1296 6340 63,
1307 6285 1368 6330 nota
1382 6279 1409 6330 6.
1421 6307 1455 6316 -

500 6361 618 6416 Subinde
635 6365 780 6426 allegantur
799 6361 839 6412 Ps.
859 6361 902 6424 3l,
922 6361 945 6412 6.
965 6367 990 6414 et
1008 6363 1035 6414 6.

569 6447 580 6476 ³
601 6449 675 6502 Mers.
695 6447 738 6514 li,
755 6453 816 6514 post
835 6461 915 6516 66666
935 6451 950 6500 l.
971 6451 1053 6502 Maon.
1072 6451 1103 6516 i,
1123 6451 1165 6504 l3.
1184 6465 1240 6520 seq.

569 6535 581 6564 '²
601 6537 675 6590 Mers.
695 6537 738 6592 65.
756 6543 783 6590 66
801 6535 898 6590 deinde
917 6539 993 6590 Ecoli.
1010 6539 1059 6600 38,
1079 6539 1106 6592 9.

569 6623 580 6654 ⁵
600 6627 674 6680 Mers,
695 6629 719 6680 l.
739 6633 771 6680 et.
792 6631 816 6680 2.

569 6713 674 6770 l'Vers.
693 6717 720 6768 6.
737 6731 807 6784 serp,
827 6715 871 6770 arbi
890 6731 938 6782 pro
957 6719 984 6772 66
1000 6713 1181 6770 obsecratione
1211 6715 1281 6784 (Vat.
1302 6727 1363 6768 6666
1389 6717 1455 6768 Vul-

495 6811 559 6868 gata
577 6805 652 6860 addit
671 6819 732 6862 curn
750 6803 907 6874 6666666666
925 6805 1041 6870 actione)
1058 6803 1110 6858 CD
1127 6817 1190 6858 666
1210 6801 1400 6858 obsecratione.

573 6893 583 6924 r
605 6895 679 6950 Mers.
697 6895 741 6950 26.
761 6897 819 6962 ipra
839 6895 948 6950 Domini
971 6895 1025 6950 6666
1049 6893 1100 6950 CD
1122 6893 1235 6950 Domini
1254 6893 1368 6962 nostri),
1394 6899 1454 6960 post

605 7003 635 7060 S.
648 7007 752 7060 Bonan.
762 7033 799 7048 -·
811 7007 887 7060 Tam.
901 7005 953 7062 Vll.

2414 591 2478 656 tta

1530 757 1611 826 tione
1628 781 1658 838 »3
1682 763 1829 842 etpost:
1856 785 1874 816 o
1890 759 1967 824 Cum
1991 761 2223 844 complerentur
2248 761 2314 828 dies
2337 763 2481 830 Penteco-

1529 871 1608 942 steS,
1633 869 1849 948 apparuerunt
1880 863 1941 930 illis
1968 863 2149 946 dispertitae
2171 865 2295 946 linguae
2313 893 2328 924 a
2354 873 2412 932 etc.
2439 903 2478 916 -·

1529 969 2175 1054 illustrationemsupernoacapientiue:
2194 969 2283 1036 cuius
2298 973 2477 1054 exemplum
2499 991 2585 1042 anau.

1529 1075 1662 1140 habetur
1686 1075 1718 1140 in
1742 1075 1905 1140 Salomone
1928 1075 2013 1140 tertii
2032 1075 2151 1158 Regum
2166 1073 2303 1154 tertiol,
2330 1075 2383 1140 abi
2405 1075 2478 1142 dici-

1529 1187 1598 1260 tur,
1622 1181 1708 1264 quod
1729 1179 1832 1246 ararit
1853 1185 1886 1246 et
1909 1181 1995 1264 petiit
2020 1179 2218 1262 sapientiam,
2243 1197 2337 1262 quam
2354 1179 2480 1246 etobti-

1528 1287 1598 1352 nuit
1609 1309 1617 1364 ;
1643 1293 1671 1352 et
1696 1285 1794 1352 iacobi
1819 1285 1941 1370 primo:
1970 1309 1986 1342 o
2003 1283 2032 1350 Si
2057 1285 2130 1368 quis
2145 1289 2284 1350 restrum
2300 1283 2416 1368 indiget
2432 1303 2481 1352 sa·-

1530 1391 1661 1476 pientia,
1679 1393 1817 1476 postulet
1832 1409 1849 1456 6
1864 1391 1947 1470 Deo,
1964 1391 2018 1474 qui
2033 1389 2088 1456 dat
2101 1389 2249 1456 omnibus
2267 1389 2432 1456 affluenter
2450 1417 2478 1456 a.

1529 1535 1572 1546 —-
1602 1497 1872 1582 Adaperitioncm
1903 1497 2047 1564 66666666
2079 1499 2220 1574 ianuae,
2253 1513 2334 1582 arrae
2363 1497 2479 1566 virtute
2502 1513 2570 1560 tona.

1529 1603 1676 1668 orationis
1709 1603 1863 1668 clauditur
1896 1603 1983 1668 malis
2016 1609 2044 1666 66
2077 1601 2217 1686 66666666
2245 1599 2354 1678 bonis3
2381 1601 2477 1666 iacobi

1529 1709 1684 1794 quinto⁹r
1715 1709 1829 1774 «Elias
1850 1713 1917 1774 erat
1943 1709 2035 1774 homo
2059 1709 2168 1792 similis
2185 1707 2289 1786 nobis,
2307 1707 2478 1792 passibilis,

1529 1813 1558 1878 in
1584 1813 1723 1880 oratione
1746 1813 1864 1892 orarit,
1890 1819 1926 1878 ut
1949 1831 2011 1880 non
2033 1813 2157 1898 plueret
2178 1831 2274 1898 super
2297 1821 2433 1892 terram,
2450 1821 2480 1882 et
2529 1845 2530 1850 ,

1528 1935 1590 1984 non
1612 1919 1693 2002 pluit
1717 1935 1814 1986 annos
1838 1925 1902 1984 tres
1923 1925 1956 1984 66
1977 1937 2100 1986 menses
2123 1937 2190 1986 sex.
2217 1921 2252 1984 Et
2275 1937 2388 1986 rursus
2409 1939 2479 1986 ora-

1529 2023 1590 2102 rit,
1619 2031 1654 2088 66
1678 2024 1798 2090 caelum
1832 2023 1914 2090 dedit
1946 2025 2084 2108 pluviam
2099 2051 2132 2090 ».
2156 2063 2200 2074 --
2222 2025 2477 2112 acquisitionem
2500 2037 2593 2086 Decima.

1528 2127 1686 2194 rnercedio
1711 2135 1861 2194 66666666
1873 2151 1887 2206 ,·
1909 2127 2052 2194 Matthaei
2080 2131 2228 2196 sexto10:
2261 2155 2275 2188 ‹<
2291 2133 2477 2212 suentem,

1528 2233 1889 2314 consoranensium
1917 2233 1950 2298 in
1980 2233 2162 2302 cubiculum
2187 2239 2296 2314 taam,
2322 2243 2350 2302 et
2374 2238 2478 2304 clauso

1528 2341 1622 2420 ostio,
1649 2359 1704 2406 ora
1724 2341 1846 2406 Patrem
1863 2347 1956 2406 tuum
1972 2339 2003 2404 in
2021 2341 2217 2420 abscondita,
2234 2347 2267 2406 66
2281 2341 2370 2406 Pater
2388 2349 2478 2422 tuus,

1528 2449 1580 2532 qui
1599 2447 1680 2514 ridet
1698 2447 1726 2512 in
1743 2447 1934 2524 abscondito,
1952 2447 2058 2514 reddet
2076 2447 2131 2512 tibi
2143 2471 2173 2524 ³³3
2192 2448 2347 2514 Psalmus:
2369 2449 2478 2530 «Quo-

1527 2551 1608 2618 niam
1644 2561 1696 2632 66,
1727 2553 1811 2618 Deus
1844 2569 1951 2632 meuS,
1979 2551 2138 2620 exaudisti
2160 2551 2333 2620 orationem
2355 2571 2477 2632 meam;

1527 2657 1635 2724 dedisti
1661 2659 1862 2726 hereditatem
1890 2659 2073 2724 timentibus
2093 2677 2207 2724 namen
2224 2663 2313 2725 tuum
2331 2681 2360 2736 »;
2379 2665 2409 2724 et
2425 2659 2478 2724 Ec-

1527 2763 1687 2830 clcsiastici
1713 2765 1844 2830 ultimo:
1873 2791 1890 2822 a
1906 2763 2049 2832 Laudabo
2075 2783 2187 2830 namon
2210 2763 2333 2830 Domini
2354 2761 2478 2830 assidue

1527 2875 1556 2938 et
1580 2869 1762 2938 collauclaho
1785 2869 1861 2938 illud
1892 2871 1921 2936 in
1955 2871 2162 2950 contessione,
2195 2877 2224 2952 et
2256 2869 2403 2938 enarrdita
2432 2879 2479 2938 est

1526 2977 1624 3044 oratio
1650 2995 1718 3042 ntea
1734 3003 1764 3042 a.
1782 3013 1825 3024 -
1841 2977 1872 3042 66
1897 2977 2030 3060 liguram
2052 2983 2158 3042 autem
2183 2977 2295 3042 harum
2314 2977 2418 3042 decem
2435 2975 2478 3042 el·
2498 2981 2582 3036 listra-

1526 3081 1705 3148 Mcaciarum
1729 3084 1776 3149 sol
1796 3083 1837 3148 ad
1858 3083 2030 3148 orationem
2055 3081 2205 3148 Ezechiae
2226 3083 2342 3166 legitur
2372 3081 2476 3148 decem

1526 3189 1673 3274 gradibus
1697 3189 1929 3268 retrocessisse‚
1955 3189 2058 3274 qrrarti
2083 3189 2411 3276 Regumrigesimo11.
2430 3187 2475 3254 Er
2496 3189 2603 3248 Elium·

1526 3295 1642 3380 quibus
1664 3295 1839 3382 colligitur,
1862 3297 1948 3382 quod
1970 3297 2069 3364 oratio
2097 3297 2255 3382 praevalet
2277 3301 2406 3364 naturae
2430 3295 2477 3360 in-

1526 3402 1650 3482 feriori,
1673 3403 1833 3488 praevalet
1849 3403 1959 3470 virtuti
1975 3403 2069 3484 caeli,
2086 3403 2218 3488 imperat
2232 3411 2363 3470 6666666
2388 3401 2478 3484 spiri·

1527 3509 1620 3586 66666,
1653 3511 1783 3576 attrahit
1812 3509 1964 3592 Spiritum
1995 3515 2157 3590 sanctum,
2189 3509 2316 3574 inclinat
2346 3507 2400 3574 Dei
2429 3505 2476 3570 Fi-

1526 3615 1602 3680 liam
1617 3621 1650 3680 66
1664 3615 1785 3698 mitigat
1806 3615 1927 3682 Patrem
1946 3621 2126 3694 aeternum,
2144 3633 2178 3682 ac
2196 3631 2250 3698 666
2268 3615 2328 3682 666
2341 3611 2478 3698 quodam

1526 3719 1616 3786 moda
1640 3721 1809 3786 dominium
1835 3721 1929 3786 habet
1953 3727 2096 3804 respectu
2120 3719 2355 3786 universorum,

1613 3823 1644 3888 ln.
1669 3823 1771 3908 (Vere.
1802 3825 1857 3904 2.).
1884 3825 2029 3890 66616612
2060 3823 2199 3912 6666666
2222 3831 2295 3888 erat
2318 3830 2374 3890 eto.
2407 3821 2476 3888 Post
2495 3823 2642 3928 ,Sfflidg

1520 3931 1676 3996 rationem
1702 3929 1866 4014 parabolae
1895 3931 2138 3996 introducendae
2168 3929 2315 3996 subditur
2345 3929 2397 3996 hic
2427 3927 2477 3992 in-
2528 3973 2531 3988 .

1526 4037 1686 4102 traductio
1713 4037 1819 4120 epotos·
1839 4035 2041 4120 parobolam
2066 4037 2150 4104 66666
2180 4037 2271 4104 cuius
2300 4033 2476 4120 expressio-

1524 4159 1596 4212 nem
1618 4143 1679 4210 tria
1704 4141 1967 4222 introducuntur,
1990 4141 2107 4210 scilicet
2123 4141 2253 4210 duritia
2270 4141 2409 4220 indicia,
2426 4139 2477 4206 in-

1524 4249 1650 4314 6666666
1668 4247 1834 4332 pauperia
1856 4255 1888 4314 et
1910 4247 2058 4336 66666666
2079 4249 2199 4334 precio.
2380 4309 2381 4312 ,

1611 4355 1716 4420 Primo
1727 4361 1880 4438 66666666
1895 4353 1932 4420 ad
1950 4353 2112 4420 (detritione
2127 4353 2250 4420 iudicis
2267 4353 2355 4420 dicit:
2372 4351 2475 4420 Indae
2496 4345 2629 4442 wilgisi·

1524 4461 1662 4550 qnidam
1685 4469 1758 4526 6666
1781 4459 1817 4526 in
1841 4459 1988 4546 6666666
2013 4459 2160 4540 ctoritate,
2195 4459 2254 4548 666
2285 4459 2386 4528 Denrn
2409 4477 2475 4524 666

1526 4567 1684 4646 66666666,Ι
1707 4573 1836 4652 6666666
1858 4565 2008 4632 duritiam
2033 4567 2154 4644 cordis,
2177 4585 2259 4652 qcrae
2280 4567 2352 4634 lacit
2375 4567 2474 4632 Deum

1523 4691 1587 4738 non
1608 4671 1737 4752 timere,
1763 4671 1935 4738 secundum
1961 4671 2036 4738 illud
2064 4669 2159 4738 Isaiae
2190 4671 2384 4756 sexagesimo
2411 4675 2475 4736 666-

1524 4777 1566 4844 666
1580 4777 1626 4842 13:
1657 4777 1842 4844 «Indurasti
1865 4789 1920 4844 cor
1943 4785 2105 4856 nostram,
2130 4795 2169 4844 ne
2193 4777 2374 4844 timeremus
2398 4779 2427 4840 te
2444 4801 2473 4840 6.

1523 4885 1611 4950 Tales
1634 4885 1779 4950 obdurati
1802 4883 1902 4950 Deum
1925 4901 1986 4948 non
2013 4885 2142 4964 timent,
2165 4883 2219 4950 sed
2243 4881 2346 4968 potius
2370 4887 2475 4948 conte-

1523 4995 1656 5072 mnunt;
1679 4989 1713 5056 in
1736 5007 1872 5074 quorum
1901 5007 2034 5074 persona
2056 4989 2109 5056 Iob
2133 4989 2281 5076 vigesimo
2312 4989 2474 5074 primo¹4t

1523 5095 1599 5182 Quis
1621 5101 1669 5164 est
1692 5095 1915 5182 Omnipotens,
1940 5103 1975 5162 ut
1991 5095 2166 5164 serviamus
2182 5095 2210 5164 ei
2225 5103 2265 5162 »7
2280 5101 2310 5160 66
2328 5091 2475 5178 vigesimo

1523 5203 1678 5268 secundo:
1710 5227 1726 5260 a
1741 5201 1836 5284 erasi
1859 5201 1937 5266 nihil
1961 5207 2064 5284 posset
2089 5199 2307 5284 Omnipotens
2332 5197 2475 5266 aestima-

1523 5309 1598 5376 bant
1618 5327 1692 5376 eum
1710 5335 1739 5374 ».
1765 5307 1852 5374 Tales
1875 5313 1950 5374 sant
1973 5307 2027 5392 qui
2049 5307 2159 5374 dicunt
2180 5307 2258 5374 illud
2282 5307 2474 5374 Deuterono-
2523 5361 2524 5364 ,

1523 5413 1576 5482 mii
1600 5415 1759 5502 trigesimo
1790 5415 1948 5482 secundo:
1977 5441 1993 5474 l
2009 5415 2117 5480 Manus
2142 5421 2248 5482 nostra
2272 5413 2412 5490 excelsa,
2444 5421 2475 5480 et

1519 5941 1598 5996 quem
1614 5931 1677 5994 6666.
1693 5929 1717 5992 6,
1736 5929 1780 5982 tt.
1796 5935 1822 5980 et
1842 5933 1871 5992 6,
1893 5931 1921 5982 t:
1947 5929 1981 5984 El
1998 5943 2061 5986 com
2087 5929 2284 5998 complerentur·
2303 5935 2352 5982 666.
2363 5949 2370 5992 ;
2390 5945 2416 5980 r.
2437 5933 2472 5982 3:

1517 6019 1716 6082 appar-uernat
1731 6021 1782 6070 666.

1531 6133 1533 6138 -
1590 6103 1693 6154 8Vera.
1715 6105 1756 6154 ll.
1777 6117 1831 6170 seq.
1851 6109 1875 6154 et
1895 6103 1989 6158 deinde
2009 6107 2058 6156 lea.
2078 6105 2102 6170 l,
2122 6105 2147 6156 5.
2164 6133 2202 6144 —
2221 6103 2346 6170 Superius
2365 6117 2412 6168 pro
2426 6103 2472 6160 lto-

1520 6189 1596 6244 66666
1613 6189 1664 6242 CD
1682 6189 1773 6244 66666.

1591 6275 1692 6328 9Mers.
1716 6277 1757 6328 67.
1776 6283 1800 6328 66
1820 6277 1866 6340 68;
1887 6289 1933 6342 pro
1955 6277 2120 6330 moratione
2146 6279 2203 6328 Vat.
2228 6291 2287 6328 earm
2314 6279 2423 6342 Vulgata
2449 6283 2474 6332 ot

1519 6361 1650 6418 66666666.
2253 6375 2256 6382 ·

1590 6449 1611 6480 1⁰
1631 6451 1706 6502 Mers.
1725 6451 1754 6512 6,
1775 6457 1929 6516 postquem
1951 6451 1989 6502 Ps.
2010 6451 2057 6514 60,
2078 6451 2102 6502 6.
2121 6456 2148 6502 66
2166 6451 2240 6502 Ε6666.
2261 6451 2301 6516 56,
2324 6451 2363 6502 65.

1590 6535 1610 6566 ¹²
1629 6537 1704 6588 Mers.
1727 6537 1815 6588 ll.-
1835 6537 1960 6602 Superius
1972 6551 2021 6600 pro
2034 6539 2064 6590 ln
2083 6535 2204 6606 6666666
2222 6535 2302 6588 CDG
2322 6541 2352 6590 ln
2369 6537 2471 6608 666666.
2512 6595 2517 6604 ,

1589 6623 1610 6654 ¹²
1628 6623 1680 6680 Cir.
1701 6639 1781 6688 sopra
1799 6639 1861 6690 pag.
1882 6625 1948 6688 668,
1967 6625 2071 6676 66665.

1589 6711 1610 6742 ¹³
1629 6715 1704 6768 Vero.
1727 6715 1769 6766 67.
1787 6741 1822 6754 -
1841 6713 1891 6766 Clr.
1910 6715 2032 6778 aragon,
2050 6713 2118 6764 XlV.
2138 6715 2226 6766 Maral.
2243 6727 2268 6766 6.
2288 6715 2330 6766 67.
2349 6729 2374 6766 6.
2396 6715 2441 6766 36.

1589 6801 1611 6832 ¹⁴
1630 6805 1706 6856 Vere.
1727 6805 1775 6868 65,
1793 6809 1853 6868 past
1864 6817 1944 6868 quem
1960 6805 2007 6866 nt,
2024 6801 2065 6854 67.
2081 6801 2151 6868 (post
2161 6805 2251 6868 666666
2265 6803 2324 6856 Vat.
2336 6817 2397 6856 cum
2410 6803 2471 6856 Val-

1518 6895 1580 6960 gala
1597 6893 1669 6948 addit
1685 6893 1787 6962 fucere)
1805 6901 1832 6946 et
1850 6895 1923 6948 Deut.
1943 6895 1991 6956 37,
2012 6891 2053 6946 at.

2330 6997 2364 7052 57
