5908 8266
979 671 1171 740 colluitur.
1199 677 1234 740 tu
1261 677 1496 742 EVANGELIUM
1522 673 1638 742 tuctu
1661 671 1695 738 C.
1720 671 1779 734 Vll.
2312 673 2373 736 177

390 845 605 932 ignorantia·
627 845 724 914 Isaiae
745 847 1007 932 quinquagesimo
1039 865 1120 914 nono
1140 851 1172 912 ¹:
1208 875 1223 908 «
1243 851 1350 932 Palpe-

391 951 495 1018 vimus
526 949 615 1040 qnasi
649 953 731 1020 caeci
760 951 792 1018 in
822 951 1003 1030 meridie»;
1030 959 1059 1020 et
1091 953 1350 1040 quinquagesimo

390 1067 498 1126 sexto:
521 1085 537 1118 «
554 1059 771 1142 Speculatores
788 1057 855 1124 eius
869 1057 951 1124 caeci
977 1075 1084 1124 omnes
1100 1085 1130 1124 a.
1148 1095 1191 1106 -
1209 1062 1239 1125 ln
1257 1077 1350 1126 cura-

391 1163 477 1232 tione
491 1181 565 1250 ergo
588 1163 683 1230 huius
698 1163 915 1250 quadruplicis
936 1163 1142 1248 aegritudinis
1165 1163 1351 1248 intelligitur

389 1271 528 1356 perfecta
551 1271 672 1336 caeratio
690 1269 860 1354 originalis,

481 1377 534 1442 bd.
558 1377 717 1458 Quantum
742 1373 779 1440 ad
797 1373 989 1440 curationem
1015 1373 1182 1456 perfectam
1201 1373 1241 1438 ab
1256 1381 1350 1438 acta-

260 1499 346 1544 cuano
361 1511 373 1542 a
390 1481 440 1546 ali
461 1489 549 1560 nota,
571 1481 656 1564 qnod
680 1481 711 1546 iu
736 1477 1002 1544 consummatione
1018 1477 1185 1560 impietatis
1209 1477 1240 1542 in
1260 1487 1350 1544 actu-

250 1555 336 1670 11ῗὲἷῖΫο
351 1565 373 1594 θ’
390 1585 432 1652 ali
455 1585 598 1670 quinque
621 1592 695 1651 srrnt
718 1583 844 1670 grados.
863 1583 985 1648 Primos
1007 1589 1055 1648 est
1076 1583 1220 1648 dcciatio
1243 1583 1279 1648 in
1294 1581 1350 1646 eli-

233 1667 378 1772 Qiiiqiiasscssii
389 1691 513 1778 paullo,
539 1699 570 1756 et
594 1691 672 1756 haec
694 1709 750 1774 per
774 1689 960 1754 coecitatem
985 1687 1183 1772 designatum
1208 1689 1350 1754 Throno-

246 1763 339 1812 ³⁰t¹¹³¹¹⁵'
391 1813 506 1862 norum
523 1803 636 1882 quarto
650 1799 678 1862 ²:
698 1789 714 1854 «¹
734 1795 925 1862 Erravernnt
940 1793 1019 1860 caeci
1040 1793 1068 1856 in
1097 1793 1203 1876 plateis
1222 1817 1257 1872 »3
1274 1793 1350 1876 quia

398 1917 520 1964 «error
553 1907 582 1966 et
617 1901 760 1968 tenebrae
794 1899 1007 1982 peccatoribus
1031 1907 1194 1964 concreata
1223 1905 1296 1962 sunt
1312 1925 1349 1976 a,

392 2003 567 2070 secundnm
589 2003 668 2070 illud
695 2003 895 2072 Ecclesiastici
923 2003 1095 2068 undecimo.
1117 2039 1161 2048 -
1187 2003 1350 2068 Secundus

392 2117 441 2176 est
455 2109 662 2174 ricordiuatio
682 2111 717 2176 iu
731 2109 971 2192 prosequendo,
995 2123 1074 2192 quae
1091 2107 1275 2192 intelligitur
1293 2123 1350 2188 per

392 2213 552 2288 clarrrt0.s;
578 2213 718 2280 Psalmus
737 2213 762 2276 ³:
794 2237 809 2270 «
824 2211 887 2276 Filii
914 2211 1003 2282 alieni
1029 2211 1191 2276 inveterati
1217 2217 1293 2276 sunt
1317 2215 1350 2276 et

392 2317 648 2384 claudicaverunt
672 2335 690 2382 a
716 2315 834 2382 semitis
863 2315 929 2382 suis
951 2339 987 2392 »3
1010 2315 1094 2382 unde
1118 2317 1200 2382 tertii
1232 2317 1349 2398 Regum

392 2419 513 2488 decimo
536 2429 663 2486 octavo:
693 2447 706 2478 «
725 2421 892 2504 Usquequo
916 2419 1095 2486 claudicatis
1120 2421 1150 2486 in
1175 2421 1253 2486 duas
1276 2437 1349 2504 par-

393 2533 467 2594 tes»
486 2533 543 2592 etc.
560 2563 600 2576 -··
619 2527 756 2602 Tertius,
779 2525 931 2610 corrtapio
952 2525 990 2588 in
1011 2527 1246 2604 tereramunda
1268 2543 1350 2608 quae

392 2631 591 2716 perlapsum
616 2629 813 2714 intelligitur;
829 2629 1060 2696 Deuteronomii
1080 2631 1230 2714 vigesimo
1253 2651 1350 2714 quur-

392 2737 460 2802 tol:
479 2735 647 2802 «Observa
662 2735 835 2818 diligenter,
848 2751 888 2798 ne
902 2733 1047 2798 incurras
1063 2735 1189 2818 plagam
1199 2735 1305 2818 leprae
1316 2759 1348 2814 »3

394 2837 563 2906 Ezechielis
585 2839 746 2924 trigesimo
768 2843 881 2902 sexto:
902 2863 918 2894 «
936 2837 1123 2902 llundamini
1140 2839 1181 2904 ab
1202 2837 1350 2904 ornnibus

393 2943 637 3028 inquinamentis
653 2943 765 3008 vestris
780 2969 811 3006 a.
830 2979 871 2990 -
887 2943 1024 3026 Quartus
1048 2951 1093 3008 est
1118 2941 1293 3010 obduratio
1314 2945 1349 3008 ia

352 3083 353 3086 π
390 3047 621 3132 perticaraado,
637 3067 717 3132 quae
732 3063 789 3130 pcr
806 3047 1001 3112 surditatem
1022 3047 1215 3132 intelligitur,
1238 3045 1353 3116 secun?

346 3161 348 3164 ’
392 3151 468 3218 dum
492 3151 570 3218 illud
593 3151 747 3218 Psalmi⁵:
776 3175 792 3208 r<
814 3149 897 3216 Sicut
920 3151 1034 3234 aspidis
1058 3149 1171 3218 surdae
1192 3159 1233 3242 et
1256 3151 1347 3218 obtu-

394 3255 492 3320 rantis
515 3275 609 3320 aures
634 3275 706 3322 suas
730 3281 761 3318 a.
790 3255 991 3338 -Quintus
1021 3263 1068 3322 est
1097 3255 1279 3338 desperatio
1313 3257 1347 3322 iu

394 3361 642 3438 condemnando,
674 3359 750 3446 quia
779 3359 949 3444 «impiae,
980 3377 1053 3426 cum
1085 3361 1118 3426 in
1154 3361 1345 3446 profundum

393 3465 515 3531 venerit
543 3473 763 3548 peccatorum,
791 3465 1007 3542 contemnit»,
1031 3461 1269 3532 proverbiorum
1294 3465 1347 3532 de-

394 3569 474 3634 cimo
490 3575 600 3636 octavo
612 3571 636 3634 ⁶.
662 3569 697 3636 Et
713 3573 789 3636 haec
810 3569 989 3654 designatur
1013 3589 1068 3656 per
1084 3555 1236 3646 mortem:
1254 3569 1347 3636 isaiae

354 3667 356 3670 ’
394 3673 542 3758 vigesimo
566 3683 693 3742 octavo:
713 3675 956 3740 «percussimus
972 3675 1083 3742 foedus
1104 3693 1176 3742 cnm
1196 3683 1293 3742 niorto
1311 3701 1345 3754 »3

394 3785 423 3844 et
448 3781 507 3844 hoc
535 3805 549 3836 «
567 3785 613 3846 est
639 3787 798 3864 peccatum
824 3779 859 3844 ad
884 3785 1017 3846 mortem
1035 3807 1069 3860 »,
1091 3781 1131 3848 de
1152 3797 1215 3864 quo
1231 3781 1346 3846 dicitnr

394 3885 514 3968 primae
536 3887 658 3950 loannis
682 3887 801 3968 quinto.
830 3923 873 3932 —
899 3885 942 3950 hb
965 3885 1107 3952 omuibus
1133 3893 1221 3950 curat
1248 3887 1347 3950 virius

394 3989 508 4056 Christi
531 3989 735 4076 pergratiam
762 4007 863 4066 suant,
883 4007 962 4074 qnae
984 3989 1143 4076 designata
1165 3989 1224 4056 iuit
1246 3989 1276 4056 in
1300 3989 1347 4074 pi-

394 4097 492 4172 scina,
517 4097 553 4162 de
578 4115 642 4180 qna
661 4095 778 4162 dicitur
800 4095 1053 4180 loannisaquinto
1067 4097 1088 4174 ⁷,
1112 4097 1196 4180 quod
1221 4099 1347 4180 «ringo-

393 4199 443 4266 lus
466 4201 588 4268 Domini
611 4201 835 4280 descendebat,
857 4207 889 4268 et
911 4201 1094 4268 movebatur
1117 4221 1213 4286 aqua,
1237 4209 1269 4268 et
1291 4203 1346 4286 qni

393 4305 480 4390 prior
503 4307 712 4374 descendebat
725 4325 822 4374 sanus
844 4307 952 4386 fiebat,
968 4325 986 4372 a
1005 4325 1206 4392 quacumque
1228 4307 1346 4374 detinc-

393 4397 487 4478 batnr
512 4409 747 4478 infirmitate».
776 4411 810 4476 ut
834 4411 910 4478 baec
932 4417 979 4478 est
1007 4411 1164 4490 «virtus,
1197 4431 1278 4496 quae
1308 4411 1347 4478 de

395 4515 447 4580 illo
471 4515 578 4580 exibat
601 4521 631 4580 et
656 4517 783 4582 sanabat
798 4533 906 4590 omnes
920 4541 953 4594 »‚
977 4517 1148 4582 secundnm
1171 4517 1256 4598 quod
1272 4517 1347 4582 dici-

395 4625 451 4694 tur
473 4637 569 4705 snpra
593 4625 693 4686 sexto.

482 4725 537 4790 b7.
563 4727 602 4790 Et
623 4745 699 4790 cant
724 4715 945 4792 discessissent
966 4733 1023 4792 otc.
1048 4727 1173 4810 Supra8
1205 4745 1348 4812 compro-

243 4837 337 4882 Secvvlo
352 4829 480 4898 trbavit
494 4831 710 4898 testimoninm
733 4829 854 4898 loannis
869 4849 924 4916 per
948 4831 1133 4898 evidentiam
1155 4831 1292 4898 veritatis
1315 4831 1346 4898 in

252 4891 369 4934 stimonium

235 4943 381 5052 ffligffg
394 4955 444 5052 se3
470 4937 521 5002 hic
539 4937 681 5002 'secundo
708 4937 889 5018 comprobat
909 4955 965 5018 per
995 4935 1190 5002 euidentiam
1214 4937 1348 5002 uirtutis

235 5047 379 5144 ggqqgtgguq
394 5059 430 5106 tu
454 5039 644 5124 testificante
669 5041 798 5108 iocoue.
824 5039 864 5104 Et
878 5039 955 5106 haec
971 5057 1044 5122 pars
1067 5039 1161 5106 habet
1182 5039 1260 5104 cluss
1277 5057 1347 5126 par-

236 5151 379 5250 dillfflffl'
394 5153 459 5222 tes,
484 5145 515 5210 in
540 5165 675 5230 quarum
699 5147 802 5228 prima
827 5145 1040 5228 multipliciter
1062 5145 1228 5210 extollitur
1249 5163 1347 5228 prae-

394 5249 549 5334 rogatiua
566 5243 702 5316 uirtutis
719 5251 750 5318 io
769 5249 912 5324 loarcne,·
934 5249 967 5314 in
989 5249 1123 5316 secunda
1140 5267 1215 5316 vero
1230 5249 1348 5314 reclar-

392 5353 511 5438 guitur
542 5353 684 5438 perfidia
714 5353 954 5420 incredulitatis
977 5351 1011 5420 iu
1034 5353 1139 5438 plebe,
1171 5355 1212 5420 ibi
1226 5353 1251 5418 ⁹:
1287 5355 1350 5420 Cui

393 5477 472 5542 erpo
494 5459 618 5524 similes
641 5459 753 5524 dicam
776 5457 948 5522 homiues?

485 5563 730 5648 Praerogatica
761 5569 867 5630 autern
899 5561 1032 5628 uirtutis
1054 5563 1229 5630 ostenditur
1250 5561 1347 5630 inisse

394 5669 642 5752 quadrupliciter
668 5669 697 5732 in
724 5671 834 5736 loanne
848 5691 856 5744 ;
872 5669 974 5750 primo
996 5667 1112 5734 scilicet
1131 5673 1285 5752 quantum
1307 5667 1347 5732 ad

234 5537 304 5602 Ptirno
317 5549 381 5590 extol·

248 5591 296 5654 lttnr
308 5595 375 5654 ipsius

234 5651 300 5692 riuus
313 5651 381 5702 moad

261 5705 357 5752 quatuor.

466 6047 476 6078 ²
497 6051 570 6104 Vers.
593 6049 638 6110 10,
659 6053 717 6112 post
736 6061 815 6116 quem
835 6049 881 6110 ut,
902 6049 942 6100 to.

464 6133 477 6166 ²
498 6137 570 6190 Vers.
591 6137 632 6188 lt.
651 6163 687 6174 -
705 6137 827 6202 Sequitur
847 6137 924 6188 Eccli.
946 6137 990 6202 tt,
1010 6137 1053 6190 16.
1068 6165 1104 6176 -
1117 6137 1243 6200 Superius
1260 6139 1350 6200 plures

394 6223 474 6276 codd.
499 6223 622 6277 omittunt
648 6223 731 6288 aoht,
758 6221 829 6288 quod
855 6221 881 6274 in
906 6221 1134 6276 coartatamotioua
1160 6221 1302 6290 impieta-tis
1319 6221 1350 6276 in

393 6309 504 6364 actuali.

464 6393 588 6450 ³Psalm.
610 6397 655 6458 tr,
676 6395 721 6458 16,
741 6395 782 6450 cui
802 6395 967 6460 subiungitur
986 6397 1023 6448 lll.
1042 6397 1107 6458 fleg.
1127 6397 1174 6460 -18,
1194 6397 1236 6446 21.

464 6479 477 6512 ⁴
496 6485 570 6536 Vers.
589 6485 617 6536 8.
635 6505 672 6522 -·-“
690 6483 808 6536 Subinde
825 6483 950 6546 allegatur
968 6485 1060 6534 Erech
1079 6481 1125 6546 36,
1145 6481 1188 6534 25.

464 6567 588 6624 ⁵rsatm.
611 6569 658 6632 57,
680 6569 704 6620 5.

464 6653 476 6684 ⁶
497 6659 572 6710 Vers.
589 6659 619 6722 3,
638 6663 698 6722 post
714 6669 795 6722 quem
815 6657 870 6716 lsai.
889 6657 937 6720 28,
959 6657 999 6708 15.
1019 6659 1045 6706 et
1063 6655 1078 6704 l.
1100 6657 1167 6706 loon.
1185 6653 1213 6716 6,
1237 6655 1283 6704 lb:
1298 6657 1348 6722 Qui

394 6743 450 6808 scit,
468 6747 575 6796 tratrem
593 6757 672 6796 sunm
691 6755 801 6808 peccare
818 6749 954 6806 peccatum
973 6755 1027 6800 non
1040 6741 1073 6792 ad
1086 6729 1210 6802 mortem,
1226 6745 1308 6806 petat,
1321 6749 1348 6796 et

394 6829 501 6884 dabitur
518 6833 542 6882 ei
561 6831 614 6882 trita
633 6831 751 6896 peccanti
763 6843 813 6880 non
826 6829 860 6880 ad
879 6835 999 6880 mortem.
1011 6829 1055 6878 Est
1073 6833 1209 6890 peccatum
1229 6827 1260 6878 ad
1276 6841 1346 6882 mor·

394 6923 460 6980 tem3
479 6931 532 6968 non
551 6929 600 6980 pro
619 6917 661 6968 illo
681 6917 755 6982 dico,
773 6921 802 6968 ut
820 6921 894 6980 roget
911 6915 979 6982 quis.
1052 6977 1057 6984 Ι

502 7019 531 7074 S.
549 7021 652 7074 Bonae.
665 7047 701 7058 —
714 7021 792 7070 Tam.
811 7019 863 7070 vlt.

1413 851 1571 916 meritum
1588 849 1694 926 citac;
1718 845 1853 912 secundo
1871 863 1964 924 tero,
1987 857 2141 934 qnantum
2164 849 2204 914 ad
2227 845 2373 936 officiam

1413 953 1602 1034 doctrinae,
1628 953 1667 1020 ibi
1683 953 1727 1016 1⁰:
1753 953 1816 1018 Sed
1838 951 1918 1040 qrtid
1942 953 2056 1016 esistis
2079 953 2211 1020 uiolare?
2226 951 2373 1036 Propbc-
2409 1005 2410 1008 ,

1415 1067 1482 1124 tam
1515 1067 1593 1140 etc.;
1616 1057 1727 1136 tertie,
1751 1065 1906 1142 qnantum
1929 1055 1969 1124 ad
1991 1059 2116 1124 tionum
2139 1061 2288 1146 gratiaco,
2306 1057 2370 1124 ibi:

1414 1163 1494 1232 Dico
1511 1165 1599 1230 euim
1615 1163 1722 1230 nobis:
1740 1163 1942 1228 internatas
1962 1163 2142 1230 oratiarum
2158 1169 2227 1242 etc.;
2246 1171 2370 1248 quarto,

1413 1277 1567 1352 quantum
1592 1269 1628 1334 ad
1652 1271 1869 1352 praeconium
1886 1267 2019 1352 soritae,
2043 1271 2103 1334 ibi:
2131 1271 2168 1334 Et
2192 1269 2298 1334 ontrtis
2311 1289 2370 1352 po

1410 1373 1515 1456 pratas
1538 1373 1677 1440 arabimus
1702 1381 1760 1440 etc.

1502 1481 1662 1562 Quantum
1684 1481 1725 1546 ad
1748 1481 1885 1562 primum
1911 1479 2100 1558 notaudum,
2121 1481 2205 1564 qttod
2223 1477 2369 1544 meritum
2391 1487 2505 1582 baffio

1414 1583 1495 1652 vitae
1511 1583 1678 1668 dupliciter
1694 1585 1930 1650 continendatnr
1947 1585 1977 1648 in
1996 1585 2124 1652 loannc:
2144 1583 2255 1668 primo,
2273 1601 2371 1666 qnan-

1415 1695 1482 1754 tum
1495 1689 1536 1754 sd
1547 1691 1770 1754 conscientiam
1784 1697 1928 1772 respectu
1940 1687 2127 1766 climatum
2139 1689 2277 1756 secundo
2286 1705 2369 1766 vcro,

1415 1799 1566 1874 quantum
1591 1789 1628 1856 ad
1653 1793 1883 1858 abstinentium
1911 1799 2054 1874 respectu
2079 1793 2321 1880 delectabilium.

1502 1895 1555 1960 ts.
1580 1895 1681 1976 (l'ers.
1709 1897 1786 1966 att
1810 1895 2025 1962 introducitur
2047 1913 2121 1978 ergo
2156 1895 2255 1978 primo
2286 1913 2368 1960 cont·
2390 1905 2537 2000 ,ucsslgffidgj

1415 1999 1569 2084 mendatio
1601 1999 1805 2064 constantiae
1837 2001 1958 2064 loannis
1986 1999 2015 2062 in
2040 2001 2179 2066 absentis
2202 1999 2369 2082 discipulo·
2390 2009 2488 2054 taetus·

1415 2123 1503 2180 rum;
1530 2109 1659 2188 propter
1682 2105 1766 2186 quod
1790 2105 1881 2170 dicit:
1902 2105 1938 2168 tt
1955 2123 2032 2168 cunt
2047 2105 2271 2168 discessissent
2286 2123 2370 2170 ltlttt-

1415 2207 1452 2272 tii
1470 2207 1607 2272 loannis
1619 2209 1656 2286 11,
1676 2207 1828 2274 solutione
1846 2207 2037 2292 quaestionis
2051 2209 2192 2286 obtenta,
2213 2217 2369 2276 reverten-

1415 2319 1460 2378 tes
1478 2319 1624 2398 tanquant
1641 2315 1713 2379 boni
1733 2313 1831 2378 nuntii
1850 2313 1887 2378 ad
1904 2331 1987 2390 crim,
2003 2333 2026 2378 a
2039 2333 2103 2396 quo
2118 2313 2202 2378 missi
2228 2315 2368 2394 lue1²ant3

1413 2417 1450 2482 dc
1475 2415 1592 2502 quibus
1616 2417 1668 2482 lob
1702 2417 1863 2502 trigesimo
1896 2423 2022 2482 octavo:
2054 2417 2231 2498 «Nunquid
2268 2417 2370 2486 mittes

1414 2521 1557 2606 fulgura,
1580 2529 1613 2588 et
1634 2521 1727 2588 ilumt
1755 2531 1788 2588 et
1818 2523 2008 2588 reverantia
2040 2523 2142 2588 dicent
2168 2523 2244 2588 tihi:
2274 2523 2370 2588 ldsn-

1413 2645 1485 2694 mars
1497 2635 1534 2692 a?
1546 2665 1590 2678 -
1604 2627 1632 2692 lo
1652 2631 1765 2694 borum
1783 2627 1923 2694 absentia
1939 2627 2057 2692 landari
2075 2627 2208 2694 debebat
2225 2629 2369 2706 inermes,

1414 2739 1448 2798 ut
1472 2735 1656 2802 ostendatur
1681 2733 1748 2800 leus
1776 2753 1844 2800 esse
1875 2753 1962 2812 vera,
1989 2753 2050 2798 non
2080 2735 2272 2810 adulatori-u
2302 2733 2370 2802 ideo

1412 2837 1548 2906 dicitnr:
1573 2839 1683 2924 Coepit
1704 2841 1745 2906 de
1769 2839 1891 2904 lociana
1916 2839 2021 2906 nlicere
2045 2839 2091 2902 ad
2114 2839 2252 2914 turbas;
2268 2837 2370 2922 coepit

1414 2943 1523 3026 utique
1560 2945 1662 3026 ipsum
1699 2943 1803 3008 turbis
1824 2943 1970 3020 laudare,
1996 2963 2034 3010 ue
2058 2943 2219 3010 videretur
2243 2941 2370 3010 ioarmes

1412 3065 1453 3114 ex
1478 3049 1672 3134 dubitatione
1701 3047 1872 3132 discipulos
1901 3049 1941 3114 ad
1964 3049 2123 3114 Cluisturn
2151 3047 2368 3114 transmisisse.

1412 3189 1455 3200 —
1472 3155 1542 3220 ideo
1566 3155 1674 3236 incipit
1696 3171 1769 3218 eum
1786 3153 1824 3218 de
1839 3155 2011 3218 constantia
2028 3155 2262 3218 reornrneudare:
2284 3153 2370 3234 Quid

1411 3257 1524 3324 cuiatis
1550 3261 1584 3324 iu
1609 3259 1773 3322 desertum
1799 3257 1930 3322 vitiare?
1948 3259 2157 3326 :lrvtrtdt'uctu
2181 3267 2272 3324 'tietdo
2298 3257 2369 3344 api·

1412 3365 1541 3428 tutam?
1566 3363 1652 3448 classi
1679 3365 1776 3430 dicat:
1808 3381 1869 3428 non
1898 3371 1946 3430 est
1979 3365 2106 3432 loannes
2136 3363 2247 3432 similis
2273 3383 2370 3428 orun-

1411 3467 1494 3546 dini,
1517 3479 1555 3536 nt
1577 3469 1716 3554 quolibet
1751 3469 1888 3552 impulsu
1927 3473 2060 3554 trepidet
2089 3477 2121 3536 et
2150 3469 2368 3548 conscrilatur,

1411 3573 1464 3638 sed
1490 3575 1578 3642 sortis
1601 3583 1633 3642 et
1657 3575 1744 3642 linus
1765 3573 1797 3638 in
1821 3573 1882 3638 lide
1904 3581 1937 3640 et
1958 3575 1989 3640 in
2006 3577 2087 3642 omni
2109 3577 2260 3652 bonitate
2279 3575 2370 3642 iusta

1411 3677 1497 3762 qnod
1520 3677 1617 3746 iacobi
1643 3679 1746 3764 [trimo
1762 3679 1804 3742 ¹2:
1832 3678 2004 3746 «Postulat
2027 3679 2058 3746 in
2082 3681 2142 3746 lide
2167 3681 2245 3746 nibil
2268 3679 2370 3746 baresi-

1411 3787 1499 3860 tans3
1523 3785 1577 3866 qni
1594 3785 1677 3850 enim
1697 3783 1827 3848 lrtaesitat
1851 3783 1960 3850 similis
1985 3791 2030 3852 est
2048 3785 2156 3852 sstrolni
2187 3785 2298 3862 imnis,
2315 3787 2368 3868 qui

1410 3905 1430 3950 a
1453 3895 1545 3952 veruo
1564 3893 1707 3954 rnovotur
1731 3893 1762 3952 et
1784 3885 2009 3954 circumfertur
2026 3917 2056 3952 ».
2078 3917 2092 3946 r
2114 3889 2166 3954 l'ir
2182 3899 2286 3956 autom
2312 3889 2370 3954 du-

1410 3993 1485 4074 plex
1517 3993 1620 4058 animo
1651 3993 1830 4058 inconstans
1858 3999 1905 4058 θεῖ
1938 3995 1965 4058 iu
1996 3995 2141 4061 cuntibus
2177 3995 2367 4062 dissuis».

1410 4097 1493 4162 Talis
1517 4115 1589 4164 vere
1613 4106 1659 4164 est
1685 4099 1833 4176 rtratrado,
1859 4117 1919 4164 non
1946 4099 2016 4166 talis
2036 4107 2104 4166 crat
2130 4101 2270 4178 loannes,
2297 4121 2369 4166 curn

1410 4209 1491 4268 esset
1508 4203 1731 4280 sanctissimus,
1758 4221 1829 4268 ctrnr
1852 4203 1974 4269 dicatur
2002 4205 2202 4272 Ecclesiastici
2219 4205 2370 4286 vigesimo

1411 4311 1542 4388 septimo
1558 4307 1597 4370 ¹³:
1628 4333 1643 4364 «
1657 4307 1753 4372 llonro
1766 4313 1896 4376 ,sanctus
1911 4307 1943 4372 in
1960 4307 2111 4392 sapientia
2128 4315 2267 4376 reinanet
2287 4309 2370 4376 sicut

1411 4413 1473 4490 sol;
1499 4433 1571 4478 rrum
1602 4413 1719 4480 stultus
1751 4411 1831 4478 sicut
1864 4411 1938 4478 lurra
1961 4421 2101 4478 rtrtrlatur
2120 4443 2148 4476 a.
2175 4415 2264 4480 'iales
2294 4421 2369 4478 sunt

1410 4535 1519 4584 ornnes
1541 4517 1659 4594 Sancti,
1685 4517 1856 4582 secundum
1890 4517 1965 4581 illud
1997 4517 2034 4582 ad
2069 4517 2215 4600 Ephesios
2240 4525 2368 4602 quarto:

1415 4621 1509 4688 «Nrtn
1538 4621 1638 4688 simus
1668 4619 1790 4704 parvuli
1825 4619 2014 4688 fluctuantes
2045 4629 2076 4686 et
2105 4621 2370 4708 circurufcramur

1410 4725 1492 4792 onrui
1512 4733 1604 4792 vento
1620 4727 1780 4792 doctrinae
1803 4727 1833 4790 in
1850 4727 1989 4808 nequitia
2009 4727 2169 4791 lrotninum
2186 4755 2214 4790 a.
2234 4723 2301 4790 ldco
2321 4745 2370 4790 ro-

1411 4831 1503 4916 gabat
1528 4831 1642 4898 lanius
1664 4831 1820 4898 secundae
1842 4831 1879 4896 ad
1904 4830 2196 4898 Thessalonicenses
2212 4829 2367 4898 secundo:

1416 4937 1602 5020 «Rogamus
1628 4953 1699 5012 vos,
1717 4937 1846 5012 iratres,
1865 4955 1920 5018 par
1937 4937 2106 5000 trdvcntum
2132 4937 2251 5000 Dornini
2271 4935 2367 5000 rrtrstri

1411 5037 1479 5102 lesu
1502 5037 1629 5114 Clnisti,
1655 5047 1689 5102 ut
1715 5059 1774 5102 non
1790 5039 1851 5104 cito
1870 5039 2052 5104 rnotrcamini
2072 5057 2089 5102 a
2107 5045 2211 5104 vestro
2226 5055 2321 5104 sensu
2336 5063 2367 5100 r.

1411 5143 1492 5208 Hanc
1517 5149 1620 5210 autem
1647 5143 1851 5208 corruantur
1875 5143 1928 5228 qui
1957 5145 2022 5210 vult
2045 5141 2172 5226 atlipisci
2199 5143 2289 5210 debet
2321 5159 2369 5208 re·

1411 5247 1553 5332 linquere
1570 5247 1723 5312 mundum
1748 5255 1779 5312 ct
1802 5247 1892 5314 rixirc
1907 5249 1946 5312 ad
1972 5249 2114 5312 loauncm
2142 5249 2170 5312 in
2196 5247 2367 5324 desertum,

1411 5355 1586 5420 secundum
1609 5353 1692 5436 quod
1715 5351 1831 5420 dicitnr
1855 5355 1947 5436 primi
1973 5353 2229 5420 llachabaeorurn
2256 5369 2367 5418 sacrm-

1411 5453 1449 5520 do
1460 5459 1501 5520 ¹⁴:
1522 5455 1739 5520 «Exclamavit
1753 5457 1938 5522 llatbathius
1953 5477 2026 5524 voce
2039 5477 2164 5540 nrngua:
2182 5457 2300 5532 Omnis,
2314 5453 2367 5540 qrvi

1412 5559 1503 5630 babet
1529 5560 1629 5626 telum
1655 5561 1759 5644 Legio,
1794 5565 1888 5628 exeat
1922 5571 1990 5644 ptest
2017 5579 2064 5626 me
2082 5585 2111 5636 »;
2142 5571 2171 5628 et
2204 5561 2367 5648 serpitur,

1412 5665 1494 5750 quod
1524 5663 1645 5732 «rnulti
1667 5665 1816 5732 exierunt
1841 5667 1869 5732 in
1895 5665 2053 5734 desertum
2075 5695 2103 5730 a.

1482 6043 1491 6074 ²
1514 6049 1587 6098 Vers.
1608 6045 1631 6096 1.
1653 6073 1685 6084 -
1707 6045 1830 6110 Sequitur
1849 6047 1912 6098 Luc.
1929 6047 1962 6108 6,
1984 6047 2024 6098 19.

1483 6131 1562 6186 ⁸Clr.
1583 6145 1663 6196 supra
1682 6147 1710 6184 u.
1729 6133 1772 6184 33.
2198 6125 2211 6156 ⁹
2230 6131 2304 6182 l'ers.
2325 6127 2367 6178 at.

1483 6215 1504 6248 ¹⁰
1524 6221 1600 6272 Vers.
1618 6221 1666 6282 263
1685 6219 1790 6272 tertium
1809 6217 1920 6270 babetur
1939 6233 1965 6268 r.
1985 6221 2033 6280 985
2051 6223 2174 6282 qrmrturn
2194 6231 2221 6266 v.
2240 6215 2284 6266 29.
2309 6231 2310 6234 ’

1483 6305 1503 6338 1¹
1523 6309 1560 6360 De
1570 6307 1680 6360 lectione
1689 6305 1768 6362 codd.
1783 6305 1828 6358 cir.
1844 6319 1923 6368 supra
1937 6319 1998 6368 pag.
2019 6305 2079 6368 tlt,
2092 6311 2152 6356 nola
2166 6305 2190 6356 3.
2203 6329 2238 6342 -
2251 6299 2368 6354 Subinde

1412 6395 1538 6460 allegatur
1556 6393 1602 6446 lob
1619 6395 1668 6460 38,
1686 6395 1731 6450 36.

1483 6477 1503 6510 ¹²
1523 6481 1599 6534 Vere.
1618 6483 1641 6532 6.
1663 6487 1687 6534 el
1700 6485 1728 6536 8.
1747 6509 1782 6518 -
1801 6477 1853 6530 Cir.
1871 6479 1958 6544 Beda,
1979 6479 2004 6530 ΙΙ.
2025 6479 2050 6530 in
2068 6479 2130 6530 Luc.
2150 6477 2179 6540 7,
2200 6477 2241 6528 2-1.

1484 6565 1504 6598 ¹³
1526 6569 1599 6620 vers,
1622 6569 1660 6622 12.
1676 6599 1707 6608 -
1723 6573 1872 6632 Sequuntur
1892 6569 1957 6630 pr.
1979 6565 2007 6628 1,
2032 6563 2069 6618 tt.
2095 6563 2151 6626 lubi
2165 6577 2214 6630 pro
2233 6561 2258 6616 iu
2279 6559 2368 6628 'sceptu'-

1412 6655 1449 6710 tia
1467 6653 1549 6710 ACD
1566 6653 1596 6710 iu
1613 6657 1731 6726 astralia,
1748 6653 1796 6720 qui
1814 6653 1893 6704 etlam
1914 6651 2026 6704 subinde
2045 6653 2168 6704 omittunt
2179 6647 2239 6704 ldae
2252 6647 2369 6716 rogabat

1410 6743 1527 6806 Paulas)
1553 6749 1577 6794 et
1597 6745 1623 6794 ll.
1652 6745 1743 6800 Thess.
1769 6743 1800 6802 2,
1828 6741 1850 6792 l.
1874 6753 1931 6806 seq.
1955 6739 2006 6792 Cir.
2032 6741 2151 6804 Gregor„
2178 6741 2195 6790 l.
2222 6737 2316 6790 llonnl.
2342 6737 2367 6788 in

1412 6833 1510 6896 Evang.
1532 6831 1622 6884 homil.
1640 6833 1667 6884 6.
1685 6847 1710 6884 n.
1731 6835 1754 6886 2.

1482 6915 1503 6948 ¹⁴
1524 6919 1599 6974 Vens.
1619 6919 1662 6974 27.
1676 6927 1700 6974 a
1714 6923 1761 6980 29,
1782 6913 1826 6966 ubi
1840 6927 1888 6980 pro
1902 6913 2028 6968 eximunt
2041 6915 2152 6980 Vulgata
2167 6913 2367 6970 descenderunt.

2226 7023 2258 7072 23
