5900 8266
448 565 513 632 266

447 741 621 810 secundum
638 741 717 808 illud
731 741 812 808 inira
829 741 1038 810 uudettm01:
1056 743 1183 822 «Beati,
1202 741 1257 830 qui
1274 743 1408 812 audiunt

447 847 582 914 verbum
606 847 661 914 Dei
683 853 717 916 et
739 847 921 916 custodiunt
944 847 1023 914 illud
1038 873 1069 914 a.
1101 849 1188 916 Unde
1219 849 1322 928 beati,
1352 849 1408 934 qui

447 969 504 1036 per
530 951 621 1018 sideru
647 953 805 1022 Christum
836 951 983 1018 uiderunt
1016 957 1044 1018 el
1076 953 1245 1020 audierunt
1277 953 1308 1019 iu
1340 953 1407 1032 via,

345 1071 347 1074 ·
449 1057 622 1126 seeundum
659 1057 735 1124 illud
772 1057 1015 1126 Prorerhloram
1049 1059 1212 1126 astarot:
1253 1085 1271 1120 u
1295 1057 1409 1146 Beatus

448 1165 558 1244 homo,
587 1163 639 1250 qui
663 1163 750 1230 audit
774 1181 823 1232 me
852 1169 884 1230 et
914 1165 969 1250 qni
1000 1165 1107 1250 vigilat
1139 1165 1176 1232 ad
1209 1165 1292 1234 lares
1324 1183 1408 1232 meas

448 1269 589 1354 quotidie
611 1277 643 1336 et
665 1269 810 1336 observat
834 1269 870 1336 ad
897 1277 1001 1356 postes
1024 1271 1094 1338 ostii
1118 1269 1180 1338 mei
1197 1297 1227 1336 s.
1253 1271 1311 1338 Sed
1337 1269 1409 1338 bea-

449 1375 589 1456 tissimi,
612 1377 668 1462 qui
690 1369 844 1444 videbunt
864 1375 899 1442 in
921 1375 1041 1462 patria,
1074 1377 1164 1444 iuxta
1191 1377 1271 1444 illud
1292 1379 1408 1462 apoca-

447 1483 545 1568 lypsis
566 1483 687 1552 decimo
712 1501 813 1548 nano:
844 1483 979 1564 «Beati,
1004 1483 1057 1570 qui
1083 1483 1120 1550 ad
1139 1501 1268 1552 coenam
1284 1483 1408 1570 nuptia·

448 1605 524 1654 rum
545 1585 621 1672 tigni
647 1585 744 1654 uocati
771 1593 846 1656 sunt
860 1613 894 1654 u.

533 1791 650 1852 Secunda
666 1813 728 1870 pars
746 1795 804 1866 agit
825 1797 854 1852 do
872 1795 936 1852 dala
957 1795 1093 1870 discipulis
1111 1799 1195 1856 forna
1213 1801 1320 1858 vivendi

852 1885 1001 1958 dupliciter.

538 2065 592 2130 43.
618 2067 750 2142 Etenna,
770 2065 909 2154 qetitlam
932 2065 1142 2154 legisperitus
1163 2075 1222 2136 etc.
1239 2071 1407 2154 Postquam

447 2171 612 2256 descripsit
641 2173 836 2258 Euangelista
863 2173 997 2242 formam
1030 2173 1246 2260 praedicandi,
1278 2173 1331 2238 hic
1360 2189 1409 2238 se-

449 2277 551 2344 cunda
574 2277 714 2346 insinuat
734 2275 886 2364 farmani
908 2281 1041 2348 nioettdi
1052 2281 1077 2344 ³.
1100 2279 1275 2364 Dupliciter
1301 2283 1407 2344 aulem

448 2391 549 2470 potest
581 2385 652 2472 quis
681 2385 845 2452 informari
875 2387 915 2454 ad
947 2393 1032 2454 recte
1066 2385 1255 2464 vivendum,
1290 2383 1408 2452 seilicet

337 2517 427 2564 attvtstu.
447 2491 543 2558 uerba
567 2499 600 2560 et
620 2491 767 2578 enerrtpto
779 2517 790 2572 ;
812 2493 883 2560 ideo
908 2491 1102 2576 Evangelista
1124 2491 1227 2574 primo
1251 2491 1290 2556 ad
1310 2489 1407 2558 inlar-

447 2599 616 2668 mationem
641 2599 812 2686 praemittit
836 2599 986 2666 atutuun
1007 2605 1245 2682 pt·aeeeptum;
1271 2597 1407 2664 secunda

448 2723 525 2774 vero
547 2705 711 2790 subiungit
725 2701 913 2770 bramanum
928 2701 1134 2788 enentplam,
1151 2703 1194 2770 ibi
1206 2703 1239 2768 4:
1266 2703 1407 2770 Factam

448 2815 513 2890 ast,
538 2811 618 2876 darn
643 2811 744 2888 irent,
772 2809 913 2874 intrauit
934 2815 993 2876 ela.

537 3019 577 3076 tr
596 3019 800 3076 informationem
820 3017 1003 3088 praemittitur
1022 3017 1139 3076 divinum
1156 3019 1321 3092 praeseptum

764 3107 903 3178 dupliciter
919 3109 1087 3180 propositum.

537 3287 689 3370 Quoniam
714 3295 821 3354 autem
845 3287 1040 3376 informatio
1061 3289 1232 3374 praerepti
1247 3307 1308 3354 nou
1326 3289 1407 3356 valet

447 3393 507 3460 nisi
532 3393 732 3480 intelligenti,
756 3393 826 3462 ideo
842 3395 945 3480 prima
962 3395 1173 3480 praemittitur
1191 3403 1407 3480 praeseptum

449 3501 607 3588 reputans
628 3501 666 3568 ad
691 3501 879 3580 nitendum3
905 3501 1042 3568 secundo
1059 3519 1136 3570 tera
1151 3501 1335 3586 adiungitur
1349 3503 1407 3568 da-

448 3613 640 3674 cantantum
656 3607 826 3674 adiuvans
848 3607 888 3674 ad
910 3607 1165 3694 intelligendum,
1183 3607 1251 3674 ihi⁵
1267 3631 1274 3674 :
1290 3607 1407 3692 Suspi-

308 3713 536 3784 statutt-otene
565 3719 675 3780 antem
709 3715 810 3778 lesus.
836 3751 881 3762 -
911 3713 1001 3780 Circa
1031 3715 1269 3800 expressionem
1299 3719 1406 3780 aulem

290 3785 613 3904 bbbdfflibpraeeepti
636 3815 817 3904 repulatiei
840 3825 976 3904 quatuor
1001 3819 1266 3900 introducuntur,
1289 3819 1407 3886 scilicet

292 3895 391 3944 ‘W'
447 3925 618 4012 inquisitio
653 3925 803 3992 *ueritatis
839 3925 1039 4006 salutiferae,
1080 3925 1221 3992 inventio
1257 3925 1407 3992 ueritatis

447 4029 624 4116 quaesitae,
649 4029 845 4116 approbatio
867 4029 1020 4098 ueritatis
1041 4029 1206 4110 intentae,
1230 4029 1407 4116 inuestiga-

449 4135 492 4202 tio
516 4135 667 4202 ueritatis
689 4135 891 4222 approbatae.

536 4243 591 4328 44.
614 4243 717 4328 (Mers.
741 4243 820 4326 en).
845 4241 950 4308 Primo
972 4261 1047 4328 erga
1072 4219 1224 4328 quantum
1241 4243 1280 4310 ad
1296 4243 1406 4330 inqui-

323 4367 426 4410 ramus.
446 4349 599 4416 sitientem
613 4347 764 4416 ueritatis
779 4347 975 4436 salutiferae
991 4349 1088 4416 dicit:
1106 4351 1146 4416 at
1161 4369 1250 4428 ecce,
1268 4349 1406 4438 puidam

448 4455 657 4544 legisperitus
684 4457 855 4536 surremit,
893 4465 1022 4524 tentans
1055 4457 1160 4524 iiluna.
1195 4457 1255 4524 Iste
1284 4457 1406 4540 peritus

448 4573 523 4630 erat
536 4569 567 4630 et
592 4563 728 4648 peritum
751 4581 785 4630 se
800 4561 997 4648 reputabat,·
1015 4567 1044 4630 al
1061 4563 1137 4648 quia
1151 4561 1288 4648 peritum
1304 4581 1339 4630 se
1353 4581 1405 4628 re

443 4669 605 4756 putabat,
638 4669 707 4736 ideo
729 4687 791 4736 nou
817 4669 1019 4756 requirebat,
1040 4675 1079 4736 ut
1100 4669 1253 4748 disceret,
1284 4669 1340 4736 sed
1371 4675 1407 4736 ut

448 4767 614 4862 probaret,
648 4775 729 4842 sicul
751 4777 849 4842 moris
872 4781 919 4842 est
944 4775 1106 4860 superba,
1132 4777 1305 4844 secundum
1331 4775 1406 4842 illud

432 4879 654 4958 ¹Ecclesiastici
676 4879 797 4948 decimo
822 4881 940 4948 tertia6
958 4879 995 4948 de
1012 4879 1128 4948 divite:
1150 4905 1164 4938 t
1182 4881 1227 4946 Ex
1245 4881 1345 4948 multa
1361 4881 1406 4946 lo-

1057 565 1251 634 cannam.
1277 567 1314 634 ΙΝ
1340 567 1578 636 EVdNGELlUM
1598 569 1717 636 tutat
1740 567 1773 634 C.
1796 565 1833 634 X.

1471 763 1552 812 num
1577 741 1776 832 possidebat
1808 741 2010 830 blnpistrnnt
2032 757 2106 808 eum
2132 745 2238 820 tucat,
2262 741 2336 826 quia
2369 745 2430 812 hoa

1472 849 1539 934 ipso
1563 855 1682 934 spectat
1706 849 1743 916 ad
1767 865 1857 928 eum,
1884 853 1918 916 ut
1942 847 1979 914 ad
2003 847 2196 934 interrogata
2221 847 2430 932 respondeat,

1472 953 1564 1022 iuxta
1577 955 1660 1040 quod
1676 953 1792 1022 dicitur
1810 955 1955 1022 Matthaei
1970 953 2122 1038 vigesimo
2138 951 2274 1020 secunda
2286 953 2319 1020 ⁷:
2338 979 2355 1012 «
2369 957 2432 1022 Ma-

1471 1061 1587 1146 gister,
1609 1063 1746 1140 scimus,
1770 1061 1844 1146 quia
1867 1079 1965 1128 verax
1991 1077 2024 1126 es
2046 1065 2079 1126 et
2101 1059 2184 1126 viam
2210 1059 2266 1126 Dei
2290 1057 2324 1126 in
2346 1061 2432 1128 teari-

1472 1173 1535 1234 tate
1558 1167 1651 1234 doces
1665 1193 1698 1230 u.
1721 1167 1809 1234 Unde
1832 1167 1905 1252 quia
1928 1165 2145 1252 magisterium
2168 1165 2279 1232 salutis
2303 1167 2432 1252 prolite-

1472 1273 1568 1340 hatur
1590 1273 1753 1352 Christus,
1781 1273 1850 1340 ideo
1883 1273 2095 1360 quaestionem
2129 1269 2202 1336 facit
2229 1271 2268 1338 de
2299 1271 2432 1340 veritate

1472 1377 1612 1446 salutari.
1650 1377 1786 1444 Similem
1823 1381 2034 1462 quaestionem
2076 1377 2192 1446 dicitur
2228 1377 2432 1462 proposuisse

1472 1485 1652 1552 adolescens
1674 1483 1821 1550 Matthaei
1843 1481 1963 1552 decimo
1986 1485 2118 1552 non0⁸:
2138 1511 2154 1550 ,a
2171 1483 2318 1570 lllagister
2332 1483 2430 1562 hane,

1472 1591 1549 1676 quid
1566 1591 1674 1658 faciam
1689 1643 1698 1670 ,
1713 1597 1751 1656 ut
1766 1589 1897 1654 habeam
1913 1591 2011 1656 vitam
2025 1599 2187 1658 aeternam
2202 1597 2243 1654 »t
2264 1589 2317 1654 lsti
2332 1605 2431 1674 quse-

1472 1699 1585 1766 rehant
1606 1697 1764 1776 studiose,
1786 1715 1848 1762 non
1874 1695 2013 1776 curiose,
2036 1699 2114 1780 quia
2136 1715 2199 1762 non
2220 1697 2261 1762 de
2279 1695 2432 1782 operibus

1471 1803 1580 1882 laath,
1602 1803 1656 1870 sed
1679 1801 1828 1870 faciendis
1849 1807 1978 1884 propter
2003 1801 2150 1868 meritum
2174 1803 2301 1882 salutm,
2318 1819 2433 1870 seeun-

1471 1909 1547 1974 dum
1580 1909 1656 1974 illud
1688 1907 1894 1974 Ecclesiastici
1921 1905 2062 1974 terti0⁹:
2090 1933 2106 1966 t<
2124 1909 2155 1974 ln
2181 1909 2326 1990 pluribus
2355 1925 2432 1992 ope-

1472 2013 1563 2080 ribus
1592 2011 1661 2080 eius
1697 2029 1734 2078 ne
1770 2011 1869 2080 tueris
1902 2011 2070 2092 curiosas;
2108 2011 2161 2080 sed
2194 2029 2274 2098 quae
2303 2029 2431 2098 praese-

1471 2119 1519 2202 pit
1541 2119 1595 2184 tihi
1621 2119 1722 2196 Deus,
1755 2119 1808 2186 illa
1831 2119 1932 2204 cogita
1954 2135 2127 2204 semper».
2149 2117 2237 2184 Unde
2259 2119 2310 2184 isti
2332 2137 2432 2206 quae·

1471 2229 1548 2290 ruat
1571 2225 1608 2292 de
1631 2223 1680 2292 via
1697 2223 1788 2290 eundi
1806 2225 1844 2292 ad
1861 2227 1974 2306 sitam,
1993 2227 2084 2292 iuxta
2099 2225 2264 2292 consilium
2280 2225 2430 2294 leremlae

1471 2335 1585 2396 sexta:
1614 2331 1730 2398 «State
1756 2349 1850 2416 super
1874 2331 1941 2400 rias
1962 2339 1995 2398 et
2017 2331 2121 2400 ridete
2136 2337 2166 2398 et
2183 2331 2374 2418 interrogate
2388 2331 2429 2398 de

1470 2437 1590 2506 semitis
1613 2437 1769 2524 antiquis,
1792 2455 1875 2524 quae
1896 2439 1938 2506 sit
1959 2439 2010 2506 ria
2031 2437 2132 2518 bama,
2153 2445 2187 2506 et
2212 2437 2375 2504 ambulate
2395 2437 2430 2504 in

1470 2563 1526 2624 ea,
1541 2551 1575 2612 et
1589 2545 1756 2614 invenietis
1775 2545 1974 2630 refrigerium
1993 2545 2156 2612 animabus
2172 2539 2285 2612 vestris
2301 2571 2331 2608 ».
2348 2545 2431 2614 Haec

1470 2653 1553 2718 enim
1580 2659 1653 2720 sunt
1676 2671 1759 2738 qaae
1780 2653 1935 2720 Dominus
1956 2651 2045 2718 docet
2070 2653 2163 2718 Isaiae
2189 2651 2430 2736 quadragesimo

1469 2765 1581 2826 octavo
1593 2761 1642 2824 l⁰:
1670 2785 1687 2818 <t
1703 2759 1766 2842 Ego
1788 2757 1941 2824 Dominus
1961 2757 2077 2824 docens
2099 2763 2132 2824 te
2152 2755 2289 2822 utilia».

1560 2863 1612 2932 ts.
1640 2863 1740 2944 (Vera.
1766 2863 1842 2942 inp.
1874 2863 2015 2928 Secundo
2036 2879 2113 2928 varo
2136 2869 2289 2946 quantum
2315 2859 2353 2926 ad
2378 2859 2430 2926 in·
2446 2877 2575 2926 secutum.

1469 2967 1650 3034 cantionem
1672 2965 1824 3034 ueritatis
1853 2965 2021 3054 quaesitae
2049 2965 2177 3034 subdit:
2201 2969 2247 3032 At
2267 2965 2320 3032 ilie
2341 2965 2431 3032 aluit

1469 3075 1517 3140 ad
1538 3093 1637 3140 enen:
1659 3073 1703 3138 in
1723 3073 1805 3160 Lepe
1828 3073 1908 3160 puitl
1928 3073 2090 3160 seriptum
2114 3071 2186 3140 esti
2207 3071 2370 3160 quomoda
2385 3071 2396 3138 l
2413 3109 2430 3122 ·

1467 3177 1548 3266 pis?
1575 3181 1618 3244 Ex
1645 3199 1708 3264 quo
1730 3183 1879 3264 apparet,
1909 3179 1996 3262 qnod
2018 3177 2162 3262 Magister
2188 3177 2328 3244 ueritatis
2360 3183 2429 3244 erat

1469 3287 1590 3354 amicus
1614 3283 1719 3370 LegiS,
1744 3285 1834 3352 iuxta
1849 3285 1928 3352 illud
1944 3285 2088 3354 Matthaei
2105 3285 2214 3372 quinta
2230 3289 2276 3352 ¹1:
2304 3285 2430 3352 «retu-

1469 3393 1528 3472 tis,
1553 3393 1628 3478 quia
1650 3391 1719 3460 teni
1754 3393 1875 3460 salvara
1904 3393 2016 3478 Legem
2048 3399 2103 3458 aut
2134 3393 2331 3478 Prophetas?
2358 3393 2426 3460 Mon

1445 3499 1540 3568 ‘reni
1566 3501 1704 3578 soluere,
1736 3497 1789 3566 sed
1814 3499 1983 3584 adimplere
2000 3525 2029 3564 ».
2057 3499 2088 3566 ln
2114 3517 2178 3586 quo
2201 3499 2299 3566 verbo
2322 3499 2429 3564 Salva·
2447 3517 2577 3562 statatum.

1458 3611 1521 3672 tur
1543 3613 1657 3690 captat
1688 3605 1940 3672 beneuolentiatn
1968 3605 2137 3692 legisperiti
2170 3607 2202 3672 in
2234 3607 2311 3686 hac,
2342 3605 2430 3690 quod

1469 3711 1623 3790 ostendit,
1647 3729 1681 3778 se
1705 3711 1893 3778 conlarmari
1916 3713 1945 3778 ei
1968 3711 2002 3778 in
2024 3731 2132 3778 amare
2153 3711 2259 3798 Legis;
2286 3711 2430 3778 suscitat

1469 3819 1563 3884 etiam
1595 3817 1823 3898 attentionem,
1846 3817 1923 3886 dum
1949 3819 2043 3886 mittit
2072 3817 2111 3884 ad
2140 3821 2253 3904 Legem
2281 3819 2365 3886 sinat
2387 3809 2427 3886 ad

1469 3921 1659 4008 scripturam
1690 3925 1923 4002 authenticam3
1945 3931 2136 4010 praeparat
2156 3925 2251 3990 etiam
2273 3925 2425 3990 docilita-

1470 4035 1551 4108 tem,
1583 4027 1659 4096 dum
1691 4027 1802 4096 tribuit
1832 4029 1913 4096 tiam
1938 4029 1976 4096 ad
2001 4031 2164 4097 veritatem
2189 4029 2425 4112 invertendum,

1469 4141 1503 4202 et
1525 4135 1584 4202 hoe
1607 4135 1734 4222 quidem
1759 4135 1794 4200 m
1811 4135 1941 4222 legendo
1955 4135 2057 4222 legem
2073 4135 2218 4202 divinam.
2239 4135 2322 4204 Unde
2337 4135 2427 4204 loan-
2441 4155 2593 4220 statutum

1469 4243 1519 4310 nis
1541 4241 1652 4328 quinto
1665 4243 1693 4282 ¹²
1714 4241 1796 4308 dixit
1819 4241 2022 4328 legisperitis:
2054 4241 2271 4308 «Scrutamini
2288 4243 2430 4330 Scriptu—
2447 4211 2593 4326 bibbibbbb

1469 4367 1539 4428 ras,
1565 4347 1595 4416 in
1612 4347 1728 4434 quibus
1745 4347 1862 4432 putatis
1879 4349 1973 4416 vitam
1990 4355 2148 4416 aeternam
2167 4349 2283 4416 habere
2303 4377 2330 4414 a.
2348 4351 2430 4420 Haec
2447 4321 2469 4360 u
2480 4315 2592 4360 Μ

1470 4455 1554 4522 enim
1578 4461 1626 4522 est
1648 4455 1700 4522 via
1718 4453 1863 4522 veniendi
1887 4453 1926 4522 ad
1949 4457 2114 4536 ueritatem
2137 4461 2169 4522 et
2192 4471 2248 4540 per
2263 4455 2430 4524 veritatem

1469 4563 1512 4630 ad
1534 4561 1640 4630 ritem.
1661 4561 1750 4630 Unde
1772 4563 1896 4630 Darush
1919 4569 2056 4648 quarta:
2084 4563 2171 4630 «llio
2198 4563 2277 4630 liber
2302 4561 2430 4630 manda-

1470 4671 1578 4734 torum
1608 4669 1663 4738 Dei
1698 4673 1727 4736 et
1758 4669 1830 4748 len,
1853 4687 1936 4756 quae
1957 4675 2006 4736 est
2027 4669 2060 4734 in
2083 4675 2269 4748 aeternum;
2303 4687 2429 4750 omnm,

1467 4773 1526 4858 qui
1552 4779 1657 4842 teuent
1680 4791 1766 4854 eam,
1790 4773 1974 4858 pervenient
1991 4773 2027 4840 ad
2044 4773 2162 4852 vitam;
2181 4773 2233 4858 qui
2252 4781 2357 4840 autem
2373 4773 2427 4840 de-

1470 4879 1657 4964 reliquerint
1690 4897 1775 4958 eam‚
1808 4881 1838 4946 in
1868 4887 2011 4946 mortem.
2039 4879 2247 4958 Centuriam,
2269 4879 2375 4960 Iacob,
2397 4886 2431 4948 et

449 4989 542 5072 quela
565 4987 698 5056 tentabit
721 4993 751 5052 te
769 5015 797 5050 a.
830 4987 890 5054 Sed
911 5005 1044 5066 rursus,
1071 4987 1146 5072 quia
1169 4985 1290 5070 peritus
1316 4993 1406 5066 erat,
1439 4975 1443 5066 Ι
1469 4985 1671 5070 apprehende
1696 5005 1795 5052 eam»
1825 4993 1884 5052 etc.
1950 5029 1953 5034 -

449 5093 519 5160 ideo
540 5095 652 5160 idonee
673 5097 706 5162 et
727 5097 813 5162 reate
839 5093 1031 5178 quaerebat;
1055 5099 1187 5176 propter
1203 5091 1287 5176 quod
1303 5091 1406 5158 addit:

452 5203 488 5266 at
512 5199 645 5266 dicens:
668 5199 852 5292 Magister,
869 5197 953 5286 qaid
980 5197 1136 5284 faciendo
1165 5197 1271 5264 uitam
1302 5205 1407 5266 aeter·

521 5527 624 5580 1Mers.
646 5529 687 5582 28.
707 5555 741 5568 -
761 5527 845 5592 Beda,
865 5529 904 5580 lll.
921 5527 950 5578 in
968 5529 1031 5580 Lua
1052 5529 1098 5594 t0,
1119 5527 1171 5580 Sd:
1192 5529 1263 5596 Quos
1280 5543 1344 5582 vera
1358 5531 1406 5582 Lu·

449 5635 492 5674 ces
512 5619 607 5672 tnttltos
626 5619 771 5684 Prophetas
788 5623 814 5670 et
832 5631 909 5682 reges
928 5617 1004 5684 dicit,
1024 5619 1167 5670 Matthaeus
1188 5617 1213 5688 [t
1220 5619 1249 5686 3,
1265 5617 1321 5688 tn]
1334 5633 1407 5684 aper

449 5711 499 5762 tius
520 5711 662 5774 Prophetas
680 5713 707 5762 et
726 5707 807 5760 itrstos
827 5707 957 5772 appellat;
975 5707 1026 5772 ipsi
1043 5707 1115 5760 enlm
1136 5713 1196 5760 sant
1212 5719 1290 5772 reges
1304 5707 1406 5772 magui,
1424 5715 1425 5718 ’

448 5797 510 5866 quie
530 5797 700 5850 tentationum
719 5809 828 5848 suarum
855 5795 972 5848 tualibus
1000 5809 1052 5848 non
1080 5797 1268 5850 consentienda
1286 5809 1407 5850 succum-

448 5887 525 5956 bere,
542 5887 591 5940 sed
608 5887 725 5952 regendo
744 5899 867 5950 praeesse
887 5891 1025 5938 noverunt.

520 5973 625 6028 ‘Vens
645 5973 685 6028 34.
706 6001 740 6014 -
761 5973 878 6026 Subinde
896 5973 1023 6040 allegatur
1040 5973 1122 6040 elpes.
1145 5975 1190 6042 te,
1210 5975 1234 6028 9.

521 6061 617 6116 ³Vide
638 6077 717 6128 supra
734 6077 764 6114 n.
783 6063 807 6124 l.

521 6149 532 6180 ⁴
550 6153 626 6204 Vere.
647 6151 687 6204 38.
709 6151 795 6202 Verbo
815 6149 926 6204 intrauit
947 6151 1058 6216 Vulgata
1078 6157 1102 6202 et
1121 6151 1181 6204 Vnt.
1209 6151 1359 6216 praeligant
1385 6153 1407 6204 et

449 6241 503 6310 epse
524 6241 567 6310 (ita
587 6241 664 6292 etiam
685 6241 763 6294 codd.
783 6239 846 6292 inire
866 6253 895 6292 n.
913 6241 977 6308 lib).

520 6327 624 6382 ⁶Vers.
646 6329 686 6382 30.
707 6331 755 6400 Pro
773 6325 927 6398 Suspiciones
950 6329 993 6396 (lta
1014 6329 1091 6382 etiam
1109 6329 1197 6398 Beda,
1220 6327 1297 6382 Card.
1319 6331 1406 6396 illigo,

448 6421 477 6472 B.
494 6419 606 6482 Athesi,
626 6421 654 6472 S.
674 6419 771 6472 Thom.
788 6421 816 6470 et
833 6419 961 6486 tyranus)
983 6419 1092 6482 Vulgata
1112 6421 1177 6472 etH
1201 6419 1230 6486 (D
1252 6419 1292 6472 hle
1313 6419 1407 6482 solum,

449 6523 501 6562 non
522 6511 588 6560 intra
605 6523 633 6558 n.
653 6505 708 6574 52.)
726 6505 883 6574 Sttsarpt'ens
903 6503 1101 6574 prauam),
1115 6507 1188 6574 qaod
1202 6507 1347 6562 secundum
1361 6509 1408 6560 Eu·

449 6601 532 6662 lhpm.
550 6597 621 6650 idem
641 6601 678 6650 est
698 6609 728 6646 ac
747 6593 894 6664 Enctpiens
911 6607 1074 6650 sarmatum.

520 6683 624 6738 ⁶Vers.
652 6683 693 6754 44.
716 6711 747 6722 -
771 6683 859 6736 Glossa
886 6681 1068 6736 interlinearis
1094 6679 1137 6748 (ex
1154 6685 1290 6748 Ambros,
1310 6685 1363 6736 llll.
1383 6683 1407 6736 iu

449 6775 510 6826 Luc.
524 6789 547 6826 n.
569 6773 621 6840 cs.)
635 6789 641 6822 s
660 6775 697 6826 Et
707 6785 777 6838 ecce,
790 6769 901 6840 quidam
914 6769 1106 6842 legisperitus,
1115 6771 1199 6826 verba
1211 6773 1287 6838 Legis
1302 6779 1407 6840 terrem,

449 6859 504 6914 rim
523 6863 600 6926 Legis
617 6861 753 6926 igriorem.
1388 6857 1389 6860 ’

1561 5091 1613 5156 46.
1639 5091 1740 5176 (Mers.
1765 5095 1840 5174 in).
1868 5091 1888 5158 E
1926 5089 1985 5156 isla
2009 5089 2060 5158 tia
2089 5107 2162 5156 eum
2195 5089 2233 5156 ad
2264 5089 2429 5158 veritatem
2447 5113 2577 5158 statutt.

1470 5195 1680 5278 manuduxit;
1718 5203 1848 5282 propter
1883 5195 1967 5282 quad
2003 5195 2147 5262 additur:
2186 5195 2428 5264 librantem1³

1541 5525 1551 5556 ³
1573 5529 1646 5582 Vere.
1666 5529 1707 5582 46.
1721 5557 1757 5568 -
1775 5527 1885 5580 interius
1902 5541 1952 5592 pro
1964 5527 2064 5582 salutis
2076 5527 2096 5578 Α
2109 5525 2238 5590 ueritatis,
2253 5533 2277 5580 et
2291 5543 2338 5592 pro
2354 5527 2430 5584 Citri-

1469 5621 1527 5672 stas
1546 5619 1569 5672 Η
1586 5617 1614 5672 in
1637 5617 1756 5686 Claristo,
1774 5619 1797 5670 D
1817 5617 1879 5682 legit
1898 5615 1981 5670 Unde
1992 5615 2056 5686 qnia
2074 5617 2240 5686 tuetpt'slrnm
2257 5617 2355 5672 salutis
2365 5633 2430 5686 pro·

1469 5705 1596 5776 fitebatnr
1616 5707 1764 5764 Ultristnnt.

1541 5793 1553 5824 ⁸
1575 5801 1648 5852 l'ers.
1669 5799 1709 5850 lb.
1727 5827 1761 5836 -
1780 5797 1830 5850 Pro
1848 5795 1948 5852 dicitur
1962 5793 2139 5864 proposuisse
2157 5797 2181 5848 Η
2198 5795 2261 5866 [enit
2278 5795 2313 5850 ei.

1541 5881 1553 5914 ⁹
1574 5887 1647 5940 Vers.
1667 5889 1709 5950 22.
1728 5915 1765 5926 —
1783 5885 1900 5938 Stabiude
1919 5887 2046 5950 allegatur
2066 5887 2111 5938 ler.
2131 5887 2160 5952 S,
2185 5887 2233 5950 46,
2252 5887 2277 5938 in
2297 5899 2349 5954 qno
2370 5891 2431 5950 post

1469 5973 1528 6030 nius
1548 5975 1662 6030 anast
1682 5977 1783 6028 addant
1802 5979 1914 6030 oestrus.

1539 6059 1563 6090 ¹⁰
1581 6063 1655 6116 Vers.
1677 6063 1717 6114 47.
1733 6091 1767 6100 -
1778 6063 1871 6114 Glossa
1889 6061 2031 6118 ordinaria
2051 6061 2121 6126 apud
2134 6063 2265 6126 Lyrauum
2287 6063 2327 6130 (en
2346 6061 2430 6130 Beda)

1470 6151 1499 6202 in
1517 6153 1579 6204 Luc.
1599 6153 1647 6216 ta,
1666 6151 1716 6204 25:
1737 6151 1914 6216 Legisperitus
1943 6151 2107 6202 occasionem
2135 6153 2252 6204 tentandi
2279 6151 2375 6214 accipit
2397 6163 2430 6202 en

1470 6235 1563 6290 verbis
1580 6241 1699 6302 Domini,
1718 6239 1764 6292 tabi
1781 6241 1818 6292 ait
1836 6237 1875 6306 [v.
1894 6235 1968 6306 20.]:
1991 6237 2123 6304 Gaudete,
2135 6239 2199 6306 qaia
2211 6235 2324 6292 nomina
2337 6237 2430 6292 nestra

1469 6325 1574 6394 sar·ipta
1590 6331 1656 6382 sueti
1674 6327 1703 6382 ia
1721 6325 1822 6394 caelis,·
1840 6327 1887 6380 sed
1905 6325 1962 6392 ipse
1992 6327 2016 6378 iu
2045 6341 2091 6378 sau
2122 6327 2259 6380 tentatione
2287 6331 2429 6390 monstrat,

1470 6431 1551 6482 quam
1580 6419 1704 6470 rerusit
1732 6417 1860 6470 consessio
1889 6415 2009 6480 Domini,
2034 6431 2086 6484 qua
2112 6417 2213 6470 Patrem
2233 6415 2341 6468 laudans
2368 6415 2430 6470 dicit

1470 6503 1512 6572 [v.
1532 6503 1606 6572 tl.]:
1628 6503 1796 6560 abscondisti
1814 6505 1879 6560 haee
1895 6517 1913 6556 a
1932 6505 2095 6570 sapientibus
2116 6511 2166 6558 etc.
2292 6509 2293 6514 ’

1542 6591 1566 6622 ²1
1585 6595 1659 6646 Mers.
1681 6595 1713 6646 47
1724 6611 1731 6644 ι
1752 6593 1837 6646 tlblile
1851 6595 1965 6664 putam,
1987 6593 2117 6664 quanam
2134 6593 2195 6646 aeni
2212 6603 2262 6646 etc.

1542 6679 1566 6712 ¹²
1586 6683 1658 6734 Mers.
1681 6683 1721 6736 39.
1742 6709 1776 6722 -
1796 6683 1918 6748 Sequitur
1937 6685 2038 6736 Darush
2060 6683 2090 6746 4,
2114 6685 2136 6736 4.
2157 6697 2213 6750 seq.

1542 6769 1566 6802 ¹³
1586 6773 1711 6838 vitigem,
1731 6787 1813 6838 qaam
1831 6773 1853 6822 Η
1874 6777 1897 6826 et
1917 6775 1974 6826 Vel.
1995 6777 2154 6838 sequuntur,
2168 6773 2375 6832 omittilaalent.
2393 6803 2430 6816 -

1470 6861 1528 6914 Dua
1548 6877 1624 6928 seqq.
1641 6861 1692 6914 loci
1709 6865 1769 6912 sunt
1787 6861 1863 6914 Dent.
1883 6861 1912 6924 b,
1934 6861 1956 6912 5.
1976 6869 2002 6912 et
2019 6853 2106 6914 llalllt.
2127 6863 2175 6930 ii,
2195 6861 2238 6916 40.
