5900 8266
782 669 845 724 Apo
1162 581 1199 648 ut
1222 577 1512 646 communiamus
1538 579 1566 646 S.
1592 579 1816 648 staticulum
2144 671 2205 724 App
2426 583 2485 648 671

548 787 584 800 -··
602 763 696 826 parant
713 761 813 824 pascha
829 773 878 826 per
895 759 1056 814 documenta
1068 759 1134 812 4044·
1172 771 1202 810 ex
1221 757 1401 824 praedictione
1420 769 1540 810 recessus
1562 755 1658 812 Christi
1676 757 1736 810 iacti
1752 761 1812 810 suut
1850 771 1864 808 0
1881 757 1992 822 04400440
2006 757 2058 810 540
2071 757 2106 810 55
2117 787 2155 796 -
2167 759 2298 812 Christum
2315 761 2489 826 apparentem

497 847 555 902 tatis
572 851 597 900 et
617 847 681 900 dum
700 853 798 902 rocant
809 849 843 902 ad
857 847 1048 902 medicamenta
1065 849 1134 900 salu·
1172 859 1224 900 non
1244 847 1389 912 diligentes,
1409 847 1456 898 sed
1475 845 1625 898 4440400454
1646 847 1674 898 44
1691 845 1812 900 -Chri-
1850 859 1903 898 0044
1926 847 2013 898 statim
2041 845 2236 910 cognoscebant
2262 847 2313 900 540
2345 847 2359 898 6
2383 875 2420 886 ·-·
2446 847 2489 898 ali·

497 935 528 988 tis
546 935 589 988 Vll
610 935 660 988 544
683 937 714 988 48
734 967 768 976 -
787 937 822 990 04
839 935 1069 990 manducationem
1089 949 1134 1000 pa·
1172 939 1227 988 stus
1245 935 1424 1000 multipliciter
1436 937 1584 988 consolatur
1597 935 1740 1000 4400400400
1751 949 1813 988 000·
1850 933 1895 1002 qui
1920 933 2074 988 dubitabant
2102 935 2135 988 de
2162 935 2353 988 resurrectione
2378 933 2488 998 Christi,

495 1025 573 1078 004400
584 1025 747 1080 4004444044404
758 1023 948 1080 discubuerunt
958 1035 1019 1078 cum
1031 1023 1134 1078 Christo
1172 1029 1210 1078 tra
1235 1021 1413 1078 turbationem
1439 1029 1464 1076 et
1492 1023 1681 1078 desolationem
1704 1023 1740 1078 de
1762 1037 1812 1078 000
1850 1021 2016 1076 aestimantes
2026 1025 2109 1076 totum
2120 1023 2274 1090 iilud,quod
2283 1021 2410 1078 videbant
2419 1021 2489 1078 Chri·

496 1111 548 1164 545
567 1113 598 1166 40
1172 1125 1277 1168 4000000
1297 1111 1331 1168 44.
1352 1113 1384 1166 40
1785 1151 1787 1156 .
1851 1117 1920 1164 stum
1939 1113 2036 1174 400040,
2048 1123 2126 1176 00000
2138 1123 2196 1164 esse
2216 1111 2338 1178 aspicito
2357 1111 2442 1180 aliquo
2464 1113 2488 1166 in

550 1229 585 1240 -
603 1201 806 1256 aemulabantur
830 1213 882 1266 pro
908 1197 1013 1254 04444040
1040 1203 1135 1254 4040040
1224 1201 1402 1256 -000004044
1422 1201 1515 1254 Christi
1534 1201 1683 1266 praesentia
1704 1201 1741 1252 Vl
1760 1199 1812 1254 454
1850 1201 1966 1252 00004040
1985 1211 2097 1264 0040040
2120 1199 2173 1252 548
2192 1197 2227 1252 64
2244 1227 2282 1238 -
2299 1213 2348 1264 004
2364 1201 2489 1254 ostensio·

496 1289 606 1342 elatione
632 1291 676 1342 Vll
704 1291 757 1342 445
781 1289 811 1340 04
833 1289 1024 1342 -carnaliter
1043 1289 1136 1342 allicie·
1174 1291 1217 1342 44.
1243 1289 1293 1342 608
1313 1291 1328 1342 4
1347 1319 1383 1328 -
1400 1287 1570 1342 tristabantur
1593 1291 1620 1342 in
1644 1287 1738 1342 Christi
1755 1303 1813 1354 pas·
1850 1299 1896 1340 nes
1908 1285 2001 1342 Christi
2014 1299 2067 1338 non
2080 1285 2339 1340 habebautrationes
2356 1293 2488 1352 cogentes,

496 1373 591 1432 bantur
609 1379 679 1432 cirea
697 1377 828 1430 Christum
845 1375 881 1428 44
899 1375 951 1428 460
963 1377 1007 1430 44.
1025 1375 1070 1430 Vll
1082 1377 1134 1430 458
1173 1377 1262 1442 04000,
1279 1377 1326 1432 0044
1345 1377 1395 1430 0440
1417 1377 1535 1444 gavisuri
1553 1381 1626 1432 04004
1638 1377 1742 1432 400400
1759 1379 1813 1442 glo·
1850 1375 1896 1428 sed
1917 1375 2082 1440 inducentes,
2104 1375 2163 1428 ideo
2181 1373 2322 1428 credebant
2335 1375 2386 1428 fide
2406 1389 2490 1428 resor-

497 1465 529 1518 48
548 1495 584 1506 ·-
611 1465 741 1534 4400404ἰο
767 1477 829 1518 0040
857 1465 895 1516 040
924 1465 971 1518 4044
995 1465 1135 1530 4404444000,
1173 1465 1317 1518 4440044000
1340 1465 1398 1518 0440
1424 1467 1616 1522 resurrectione
1643 1467 1748 1520 46433
1777 1495 1813 1506 -
1850 1465 1992 1518 4004400004
2010 1459 2073 1518 4044.

497 1567 558 1607 0004
582 1553 718 1606 carnaliter
742 1551 886 1618 diligebant
908 1559 936 1606 et
960 1567 1009 1618 per
1036 1551 1136 1606 subu-a·
1174 1555 1291 1620 gaudent
1309 1555 1333 1606 in
1353 1559 1490 1608 aeternum
1502 1555 1536 1606 de
1549 1555 1642 1608 Christi
1655 1553 1739 1622 gloria
1750 1553 1812 1610 4444.
1902 1553 2026 1606 -intus
2045 1549 2170 1606 amabant
2190 1549 2340 1616 Christum,
2358 1555 2382 1604 et
2402 1557 2488 1606 tamen

497 1643 616 1708 ctionem,
630 1639 793 1708 praesentiae
806 1641 950 1708 corporalis
961 1641 1136 1708 disponeban·
1173 1671 1208 1682 -
1226 1643 1313 1696 tristes
1329 1645 1437 1696 44404004
1454 1657 1486 1696 en
1504 1641 1599 1698 Christi
1619 1645 1750 1710 passione,
1769 1657 1813 1710 ga·
1850 1639 2004 1696 dubitabant
2032 1641 2075 1694 Vll
2096 1641 2147 1694 504
2169 1639 2210 1704 40,
2231 1639 2257 1692 44
2282 1667 2316 1680 --
2336 1645 2396 1694 0004
2413 1639 2490 1694 cerli-

497 1737 545 1802 tur
557 1729 591 1784 ad
608 1729 770 1796 spiritualem
788 1743 907 1782 amorem
922 1735 948 1782 et
958 1731 994 1784 ad
1010 1729 1136 1798 receptio·
1173 1733 1222 1786 visi
1241 1733 1431 1787 resurrectione
1448 1747 1480 1786 044
1499 1733 1557 1786 0400
1567 1733 1670 1788 risione
1682 1735 1734 1786 640
1749 1735 1758 1786 4
1776 1741 1813 1772 ·-··
1849 1731 1920 1784 440044
1936 1729 1971 1784 40
1988 1729 2180 1784 resurrectione
2196 1729 2292 1784 Christi
2310 1741 2360 1794 per
2375 1729 2497 1782 mandu-¹

497 1831 558 1872 0004
578 1819 789 1884 804400000οο44
809 1819 840 1872 Vl
861 1819 912 1872 544
933 1819 965 1872 40
1173 1819 1287 1876 4444404044
1307 1821 1332 1874 40
1346 1825 1466 1886 40400040
1479 1823 1624 1888 000040040,
1642 1823 1767 1876 000004044
1785 1823 1811 1874 40
1849 1819 1979 1872 rationem
1997 1819 2049 1872 600
2067 1819 2103 1872 53
2121 1847 2157 1858 -
2176 1819 2200 1870 40
2219 1819 2311 1874 Christi
2324 1819 2489 1884 apparitione

497 1949 513 1978 4
549 1939 585 1978 ·-
603 1905 749 1984 diligebant
769 1905 901 1960 Christum
931 1921 1020 1962 amore
1047 1909 1136 1962 sociali
1173 1911 1215 1964 die
1234 1909 1433 1964 resurrectionis
1450 1909 1532 1962 6084
1557 1925 1570 1962 0
1850 1907 1931 1960 4044444
1949 1911 2024 1974 0004,
2044 1907 2106 1976 quia
2129 1921 2191 1960 0040
2210 1913 2346 1960 mortuum
2363 1907 2391 1960 40
2411 1921 2489 1960 044400

497 2001 523 2050 04
540 2011 633 2050 040040
656 1995 801 2062 0044440044,
820 1999 891 2050 unde
912 1995 1076 2050 laudabiliter
1093 1999 1136 2050 tri·
1224 2027 1261 2036 —-
1278 1997 1446 2050 scandalizati
1463 1999 1494 2050 40
1516 1999 1638 2062 passione
1662 1997 1756 2052 Christi
1781 2013 1812 2050 04
1849 1993 1969 2048 viderant
1993 1995 2045 2048 500
2073 1993 2109 2048 44
2125 2025 2163 2036 ··-
2180 1993 2306 2050 timebant
2332 1995 2361 2048 iu
2386 1995 2498 2062 000044·

497 2083 633 2138 0404400404
650 2083 834 2150 0040004400440
852 2083 963 2150 Christo,
982 2085 1028 2138 sed
1049 2085 1136 2138 minus
1174 2085 1323 2140 infirmitate
1341 2087 1385 2140 Vll
1405 2085 1455 2138 446
1478 2085 1510 2138 44
1528 2113 1565 2124 -
1581 2083 1683 2138 Caritas
1700 2085 1813 2152 discipu·
1850 2083 1920 2136 tione
1937 2081 2040 2152 Christi,
2058 2083 2120 2152 44040
2147 2089 2269 2138 venerat
2282 2085 2367 2138 ianuis
2386 2085 2488 2152 ¹clausis

497 2173 567 2228 bene
584 2175 697 2228 nolendo
723 2171 759 2228 ab
785 2189 818 2228 00
841 2173 958 2242 separari
977 2175 1011 2226 444
1029 2173 1081 2226 463
1101 2173 1135 2226 36
1173 2175 1259 2228 404040
1277 2173 1346 2228 laesa
1368 2177 1451 2228 4440404
1467 2173 1496 2226 40
1514 2173 1775 2240 temporepassionis
1788 2179 1813 2226 et
1849 2169 1910 2226 ibid.
1929 2201 1964 2210 —-
1983 2173 2069 2240 primo
2087 2173 2169 2226 territi
2191 2179 2259 2242 post,
2279 2171 2389 2226 ostensis
2409 2173 2498 2224 mani·v

497 2293 531 2302 —
544 2263 609 2332 Quia
624 2261 756 2318 Christum
773 2263 907 2318 carnaliter
922 2263 1074 2328 diligebant,
1085 2261 1135 2314 dis
1172 2265 1330 2316 reformatur
1359 2263 1384 2314 in
1412 2263 1455 2316 die
1483 2263 1681 2316 resurrectionis
1706 2263 1812 2316 44644
1849 2259 1899 2314 4400
1919 2267 1944 2314 04
1961 2261 2050 2326 404040,
2063 2259 2222 2326 suntgavisi
2242 2257 2273 2314 44.
2295 2261 2327 2314 48
2348 2291 2382 2300 -
2401 2247 2488 2326 gratu·

498 2351 609 2420 plicebat
629 2353 672 2416 040,
694 2353 765 2420 44004
783 2349 897 2406 debebat
915 2359 964 2416 pro
977 2349 1055 2404 nobis
1069 2351 1135 2404 mori
1172 2365 1199 2404 v.
1218 2351 1253 2404 40
1270 2381 1306 2390 -
1324 2351 1446 2404 uidentes
1472 2351 1623 2416 passionem
1650 2349 1746 2404 Christi
1767 2353 1813 2404 ho·
1848 2349 1935 2402 400404
1951 2363 1985 2402 ex
2009 2353 2118 2416 0000040
2144 2349 2251 2402 Domini
2277 2349 2379 2402 444544
2400 2349 2429 2400 44
2451 2377 2488 2388 --

497 2441 540 2494 Vll
561 2439 609 2492 460
632 2437 717 2492 ai-
737 2435 829 2494 tristati
847 2453 880 2494 ex
902 2439 1010 2492 caritate
1026 2439 1062 2492 de
1079 2453 1136 2504 pas·
1172 2439 1261 2502 minis,
1278 2437 1436 2506 credebant,
1454 2437 1527 2506 quod
1557 2439 1647 2492 volens
1667 2439 1721 2504 pati
1742 2443 1765 2492 04
1784 2445 1814 2492 04
1851 2437 2044 2504 0400400404040
2070 2437 2217 2492 reverentia
2237 2437 2368 2490 Christum
2393 2449 2489 2502 cogno·

499 2529 573 2582 sione
589 2527 684 2582 Christi
703 2527 735 2580 444
756 2529 807 2582 608
827 2529 840 2580 4
860 2543 930 2580 0-
941 2527 1135 2594 04004004044440
1172 2529 1243 2582 Deus
1261 2541 1355 2594 000000
1375 2531 1413 2580 004
1433 2527 1483 2578 446
1505 2525 1536 2578 48
1849 2527 1978 2580 suentium
1991 2527 2042 2578 543
2057 2527 2088 2578 43
2101 2557 2137 2566 -
2150 2541 2244 2580 004000
2255 2525 2397 2592 participes
2416 2531 2489 2578 040444

499 2617 706 2672 desiderantium
723 2617 819 2672 caritas
836 2617 1002 2684 approbatur
1019 2617 1065 2668 Vll
1083 2615 1135 2668 438
1226 2643 1262 2656 -
1289 2615 1466 2668 somnolentia
1491 2615 1679 2680 Apostolorum
1701 2615 1814 2668 instante
1850 2615 1983 2680 gaudiiex
1995 2615 2167 2680 apparitione,
2185 2629 2253 2684 quae
2271 2617 2337 2668 40040
2358 2619 2395 2668 004
2413 2617 2488 2668 Petro

498 2707 546 2770 38,
567 2707 715 2760 30-4040
733 2707 832 2760 amoris
848 2705 945 2760 Christi
962 2705 1077 2770 accensi,
1095 2705 1134 2758 in·
1173 2705 1315 2758 tentatione
1337 2703 1458 2772 arguitur
1486 2705 1528 2758 4444
1556 2705 1607 2758 558
1636 2703 1670 2758 58
1688 2733 1723 2744 -··
1752 2705 1815 2770 404·
1850 2705 1893 2758 4444
1906 2705 1956 2758 508
1972 2703 2212 2758 44-40404044004
2227 2707 2345 2758 44404000
2360 2703 2489 2758 4404000444

498 2795 702 2848 flammabantur
717 2797 753 2850 ad
771 2795 1018 2860 detonsionem,sed
1031 2791 1134 2848 dubita·
1172 2791 1288 2848 miebant
1307 2809 1358 2846 non
1378 2807 1407 2848 04
1427 2793 1550 2860 crapula,
1568 2795 1617 2848 sed
1634 2807 1664 2846 044
1684 2793 1813 2848 moestitia
1850 2793 1965 2858 Domini,
1986 2797 2013 2848 04
2033 2793 2181 2848 400444οο040
2202 2793 2351 2848 videntium
2370 2793 2489 2848 crederet

497 2883 561 2938 bant
579 2885 612 2938 40
632 2887 688 2938 0400
706 2887 838 2940 voluntate
857 2885 909 2938 550
930 2885 963 2938 64
1172 2881 1236 2938 ibid.
1849 2883 2067 2938 resurectionem
2084 2883 2120 2936 Vl
2138 2881 2190 2936 543
2211 2881 2246 2934 44

549 3003 587 3012 -
603 2971 721 3028 Christus
740 2973 877 3040 discipulis
894 2972 1022 3038 praedixit
1033 2969 1137 3042 000040-
1224 3001 1262 3020 -.
1288 2971 1401 3038 dispersi
1429 2977 1490 3026 0004
1517 2977 1542 3024 04
1570 2971 1683 3038 00004044
1706 2971 1760 3026 4440
1787 2977 1814 3024 04
1901 2999 1939 3010 -
1974 2975 2034 3038 post
2069 2971 2285 3026 resurrectionem
2321 2971 2490 3024 crediderunt

496 3075 564 3132 440444,
584 3077 615 3114 40
635 3061 720 3116 0044440
739 3061 848 3116 veniens
861 3075 906 3116 eos
919 3061 1026 3114 omnino
1040 3073 1137 3114 concu-
1172 3073 1284 3126 corpore
1303 3061 1337 3114 Vl
1356 3061 1407 3112 465
1436 3059 1467 3112 40
1487 3059 1659 3116 -Christus
1685 3061 1814 3126 praedixit
1850 3061 2022 3126 praedictioni
2042 3059 2136 3114 Christi
2154 3061 2197 3114 Vll
2217 3061 2268 3112 500
2291 3061 2316 3112 44

497 3149 543 3202 4404
562 3149 604 3202 444
623 3149 674 3202 444
696 3149 727 3202 83
747 3149 945 3202 -excitantur
968 3151 1005 3202 ad
1022 3151 1136 3216 00044044-
1172 3151 1211 3202 040
1229 3149 1437 3214 dispersionem,
1454 3163 1508 3202 0044
1526 3155 1557 3202 444
1570 3151 1750 3216 desperarent,
1765 3151 1813 3202 sed
1901 3153 2029 3202 -erant
2048 3149 2198 3214 congregati
2210 3149 2307 3202 clausis
2322 3147 2408 3200 ianuis
2430 3163 2489 3214 pro·

499 3237 561 3288 dam
584 3239 699 3288 40404040
719 3235 868 3300 passionem
890 3235 953 3292 ibid.
969 3235 1137 3292 -Christus
1172 3243 1203 3290 ut
1220 3237 1248 3290 in
1265 3251 1296 3290 eo
1316 3237 1476 3292 conliderent
1496 3235 1529 3292 40.
1550 3237 1582 3290 44
1849 3243 1906 3302 0404
1927 3237 2079 3292 4004004444
2108 3237 2159 3290 544
2180 3235 2211 3290 34
2232 3265 2266 3276 -
2290 3251 2382 3290 eorum
2401 3235 2490 3304 tinror,
2600 3273 2601 3276 ,

497 3323 626 3388 praedicit
643 3323 773 3388 apostolis
784 3323 964 3378 imminentem
976 3324 1137 3392 passionem,
1226 3325 1371 3376 -divina
1388 3325 1560 3390 dispositione
1583 3339 1637 3378 nou
1656 3325 1815 3392 sepelierunt
1849 3339 1911 3378 cum
1932 3339 1984 3378 000
2003 3331 2071 3378 esset
2093 3325 2235 3378 necessitas
2258 3323 2415 3388 confitendi,
2433 3331 2489 3378 erat

497 3417 528 3466 ut
539 3415 672 3466 armentur
686 3419 712 3466 et
723 3411 873 3466 animentur
887 3411 939 3466 555
953 3413 984 3466 40
1000 3415 1138 3466 -044400
1174 3409 1316 3478 Christum,
1342 3413 1404 3478 quia
1433 3411 1560 3466 timebant
1586 3413 1707 3478 ludaeos,
1735 3419 1762 3466 04
1778 3427 1814 3464 00
1848 3413 2008 3466 infirmitatis
2025 3413 2077 3466 503
2098 3413 2133 3466 64

498 3505 586 3554 tantur
595 3499 628 3554 ad
639 3499 794 3554 imitandum
805 3499 937 3552 Christum
948 3499 1092 3564 44444446,
1104 3503 1137 3552 48
1174 3499 1343 3554 crederentur
1375 3513 1470 3566 004000
1502 3501 1559 3556 0400
1589 3501 1666 3554 4444044
1695 3515 1753 3556 0000
1778 3501 1815 3554 Vi
1901 3531 1937 3540 -
1955 3515 2049 3554 omues
2066 3505 2211 3568 sequuntur
2230 3503 2334 3556 Petrum
2354 3501 2388 3556 ad
2405 3501 2490 3566 pisca-

551 3619 587 3628 -
605 3601 658 3642 non
677 3585 853 3652 intelligebant
872 3587 966 3640 Christi
986 3589 1138 3652 passionem
1175 3589 1225 3640 503
1246 3589 1278 3640 66
1849 3591 1947 3644 4400040
1965 3589 2001 3642 Vl
2019 3589 2071 3642 540
2090 3589 2107 3642 4
2126 3619 2160 3628 -
2180 3591 2205 3642 40
2231 3605 2329 3644 vanum
2355 3589 2489 3642 laborare·

498 3677 595 3742 partim
622 3677 658 3730 ob
685 3691 804 3730 amorem
830 3675 958 3742 caritatis,
974 3675 1078 3742 ‘partim
1102 3675 1139 3730 ob
1228 3673 1744 3742 -cognoveruntresurreciioaemper
1758 3691 1816 3730 400·
1848 3681 1918 3744 4004,
1938 3683 2079 3744 0040440040
2105 3677 2206 3732 veniret
2233 3677 2351 3732 Christus
2370 3675 2432 3732 ibid.
2450 3707 2486 3716 -

498 3765 581 3818 iidem
606 3765 769 3830 Divinatione,
794 3763 892 3828 0044440
918 3763 956 3818 ob
981 3769 1139 3818 consuetum
1174 3765 1252 3818 440400
1270 3764 1303 3820 Vi
1324 3765 1375 3818 540
1395 3765 1439 3818 48.
1457 3765 1502 3820 Vll
1520 3765 1572 3818 500
1592 3765 1626 3818 44
1639 3793 1674 3802 -
1693 3779 1746 3818 nou
1759 3779 1815 3818 cre·
1848 3771 1926 3820 antea
1940 3769 2031 3820 trustra
2045 3765 2488 3834 laborantes,obtemperandoim·

401 3879 402 3882 ¹
485 3853 609 3908 -rnodum
619 3853 743 3922 loquendi
754 3853 779 3906 in
788 3851 921 3918 parabolis
932 3853 974 3906 4444
992 3853 1042 3906 443
1057 3853 1140 3906 84-
1175 3853 1500 3908 4044004400044004400040
1513 3867 1562 3920 per
1571 3855 1690 3910 auditum
1703 3867 1752 3908 000
1765 3869 1814 3920 004
1848 3853 1923 3922 440440
1942 3853 2034 3910 Christi
2060 3853 2211 3910 mirabiliter
2229 3859 2357 3922 ceperunt
2375 3853 2487 3906 multitu·

336 3969 340 3976 ·
416 3993 417 3998 ,
498 3955 552 3994 000
572 3941 713 4018 capiebant
735 3941 893 4008 mysterium
914 3941 1139 4006 redemptionisa
1175 3947 1312 4008 aspectum
1331 3943 1376 3996 Vll
1394 3943 1443 3994 504
1466 3943 1510 4006 44,
1529 3943 1564 3994 45
1582 3973 1618 3982 -
1637 3943 1737 3998 0044404
1757 3957 1817 3996 0444·
1850 3943 1939 3998 440004
1963 3943 2076 4010 04004040
2093 3941 2173 4010 ibi,
2193 3945 2207 3994 8
2228 3973 2262 3982 -
2279 3943 2323 3996 0444
2340 3955 2392 3996 000
2412 3949 2488 3996 04004

499 4031 601 4084 Christo
624 4033 663 4084 eis
680 4031 840 4098 revelatum,
857 4035 918 4084 ante
937 4031 1140 4084 cousummatio-
1174 4033 1269 4084 4404040
1278 4031 1313 4084 40
1325 4031 1515 4084 resumectione
1524 4045 1578 4084 non
1589 4029 1741 4096 credebaut,
1754 4031 1815 4100 quia
1850 4033 1884 4088 ita
1903 4035 2033 4086 terrentes
2052 4039 2081 4086 04
2097 4033 2190 4086 Petrus
2206 4033 2259 4084 540
2279 4033 2307 4084 44

498 4133 560 4172 nem
581 4119 632 4172 444
653 4119 684 4174 35
698 4149 732 4158 -
745 4135 798 4172 nou
810 4119 989 4186 intelligebant
1001 4119 1138 4174 veritatem
1174 4125 1230 4174 erat
1249 4119 1369 4174 mirabile
1388 4121 1461 4188 44004
1478 4119 1601 4174 dicebant
1619 4119 1653 4174 44.
1673 4121 1706 4174 44
1724 4149 1761 4158 ··-
1778 4121 1817 4174 44·
1902 4147 1940 4162 -·
1955 4123 2083 4174 laetantur
2101 4121 2136 4174 de
2152 4121 2305 4174 ascensione
2322 4125 2433 4186 propter
2450 4119 2489 4174 44-

500 4207 534 4260 40
552 4209 638 4262 404040
657 4209 779 4274 00004000
795 4205 892 4270 Christi
904 4223 933 4262 04
948 4209 1072 4262 caecitate
1085 4221 1139 4262 cor·
1174 4209 1236 4262 vina
1265 4207 1437 4274 dispositione
1464 4207 1620 4262 mulieribus
1646 4221 1699 4262 non
1726 4209 1815 4262 crede·
1849 4211 1959 4264 04044040
1976 4209 2088 4274 Domini,
2101 4221 2184 4276 quem
2195 4209 2322 4262 videbant
2334 4213 2487 4274 penetrasse

499 4297 541 4348 dis
566 4297 615 4348 460
646 4295 678 4350 54
697 4325 732 4334 -
755 4295 911 4362 credebant,
939 4295 1073 4352 Christum
1096 4309 1139 4348 re·
1174 4295 1247 4362 bant,
1265 4301 1293 4349 ut
1311 4297 1396 4348 maior
1413 4303 1441 4348 et
1458 4297 1553 4348 certior
1571 4297 1689 4350 veritatis
1706 4295 1815 4348 assertio
1848 4311 1972 4366 suprema
1992 4299 2124 4352 caelorum
2142 4297 2188 4350 4444
2206 4297 2256 4348 603
2275 4297 2311 4348 65
2328 4325 2365 4334 --
2382 4295 2489 4350 benedi·

499 4385 667 4450 demptorem
686 4389 713 4436 et
730 4385 888 4438 salvatorem
907 4385 944 4438 ire
957 4385 981 4438 in
994 4387 1137 4438 ierusalem
1174 4385 1337 4438 obtineretur
1348 4399 1398 4450 040
1409 4383 1487 4438 nobis
1499 4399 1547 4450 per
1559 4387 1642 4438 multa
1659 4389 1816 4450 argumenta
1848 4387 1885 4440 cti
1901 4391 1962 4438 sunt
1980 4399 1997 4438 a
2015 4385 2116 4438 Christo
2134 4389 2286 4438 antesuam
2307 4385 2488 4438 ascensionem

499 4471 534 4526 ad
560 4485 624 4524 suae
654 4473 743 4536 regiae
775 4473 909 4538 potestatis
938 4471 1138 4526 ostentationem
1169 4471 1239 4528 ibid.
1848 4471 1884 4528 ib.
1901 4475 1937 4526 63

499 4561 550 4614 444
572 4559 603 4612 44
623 4589 660 4600 ·-·
674 4561 804 4614 timebant
821 4561 906 4614 lesum
923 4561 1088 4626 interrogare
1104 4561 1140 4612 de
1229 4587 1266 4600 --
1291 4561 1381 4614 audita
1408 4561 1477 4612 404440
1502 4559 1701 4614 resurrectionis
1725 4561 1815 4626 potius
1901 4589 1939 4600 -
1957 4561 1982 4614 40
2003 4561 2099 4626 4040040
2120 4567 2193 4614 04004
2210 4561 2245 4614 04
2264 4559 2393 4614 04044004
2405 4567 2433 4614 04
2444 4573 2489 4614 ex-

499 4663 548 4702 sua
566 4649 689 4714 passione
709 4649 759 4702 434
780 4647 813 4702 84
832 4677 867 4688 -
886 4653 1012 4716 tanquam
1030 4647 1139 4702 sensibi·
1174 4653 1236 4702 sunt
1253 4647 1385 4714 perterriti
1402 4661 1482 4714 quam
1505 4649 1590 4714 gavisi
1603 4651 1647 4702 Vll
1658 4647 1711 4702 504
1724 4651 1767 4714 40,
1779 4649 1813 4702 30
1848 4649 2021 4714 spectandum
2039 4649 2165 4716 Spiritum
2189 4655 2308 4702 sanctum
2328 4649 2373 4702 4444
2384 4649 2436 4702 604
2453 4649 2487 4702 66

498 4739 538 4792 400
554 4751 607 4792 nou
619 4737 807 4806 perquirebant
820 4737 957 4792 veritatem
971 4737 1003 4790 de
1017 4737 1140 4804 passione
1173 4741 1308 4790 —erant
1336 4735 1415 4790 territi
1444 4737 1536 4790 nuntio
1568 4737 1723 4802 mulierum,
1751 4735 1814 4804 quia
1848 4765 1886 4774 ·—
1901 4741 2061 4804 acceperunt
2078 4751 2092 4790 a
2111 4737 2211 4792 Christo
2225 4735 2353 4808 Spiritum
2367 4743 2487 4792 sanctum

498 4825 604 4890 Christi,
620 4841 690 4894 quae
710 4831 765 4880 erat
783 4825 821 4880 eis
840 4823 992 4880 abscondita
1023 4825 1073 4878 460
1103 4825 1138 4878 57
1176 4825 1302 4880 horribile
1321 4831 1377 4878 erat
1395 4825 1432 4878 eis
1451 4837 1548 4890 corpus
1569 4825 1671 4878 Domini
1685 4825 1814 4892 amisisse,
1847 4825 1875 4878 in
1895 4827 1958 4880 tiata
1975 4825 2145 4880 0000440504
2165 4825 2418 4892 04·-004400οη4
2432 4825 2489 4880 dies

499 4943 536 4954 -
553 4927 606 4966 000
626 4915 797 4980 intelligentes
824 4921 954 4984 quaerunt
980 4915 1015 4968 de
1032 4927 1139 4968 recessu
1175 4919 1202 4968 04
1219 4913 1385 4978 incredibile,
1404 4913 1478 4980 quod
1502 4913 1656 4966 surrexisset
1673 4911 1708 4968 ib.
1726 4915 1761 4966 30
1778 4943 1815 4952 -
1849 4915 2000 4968 4044004004
2017 4927 2044 4968 00
2064 4927 2220 4982 0400004040
2240 4915 2274 4968 04
2286 4915 2412 4982 Spiritum
2432 4927 2489 4968 san·

498 5003 594 5058 Christi
606 5005 639 5056 Vl
660 5003 711 5056 434
724 5005 739 5056 5
752 5003 960 5070 -nesciebant
977 5003 1050 5072 quod
1069 5003 1140 5058 Chri·
1174 5017 1227 5056 non
1246 5001 1352 5056 4040040
1370 5015 1483 5068 0040040
1502 5001 1596 5056 Christi
1614 5001 1777 5056 404404400404
1788 5007 1815 5056 04
1850 5011 1920 5058 ctum
1951 5003 2135 5070 accipiendum
2162 5003 2328 5058 abundanter
2354 5008 2490 5070 04000440

480 5125 481 5128 =
498 5097 555 5146 stus
572 5093 651 5146 vellet
668 5091 749 5156 mori,
770 5095 829 5148 ideo
854 5093 1019 5146 instruuntur
1037 5097 1062 5146 et
1081 5105 1140 5146 cou-
1174 5089 1348 5156 terrebantur,
1367 5091 1414 5146 004
1434 5107 1484 5146 000
1498 5089 1704 5146 laetificabantur
1715 5091 1768 5144 505
1780 5090 1809 5144 34
1849 5091 1911 5146 4044.
1924 5121 1961 5132 -
1972 5107 2025 5146 non
2037 5091 2170 5146 debebant
2183 5093 2335 5160 procedere,
2346 5097 2487 5160 antequam

500 5185 627 5236 sociantur
635 5219 642 5246 ,
662 5187 690 5236 ul
711 5195 765 5236 non
783 5183 891 5236 timeant
909 5181 961 5236 308
980 5181 1014 5234 48
1035 5227 1037 5234 .
1173 5179 1437 5234 -resurrectionem
1451 5195 1504 5234 4400
1514 5179 1665 5244 0404044004,
1677 5181 1725 5234 004
1736 5179 1772 5234 de
1783 5193 1814 5232 00
1850 5183 2022 5236 induerentur
2033 5183 2132 5236 uirtute
2144 5181 2257 5248 Spiritus
2268 5181 2349 5236 sancti
2364 5181 2414 5234 603
2429 5183 2463 5236 64

553 5299 589 5308 -
607 5269 726 5324 Christus
741 5275 798 5326 erat
814 5285 830 5324 a
849 5269 985 5336 discipulis
1003 5269 1035 5322 ad
1055 5269 1141 5322 modi·
1175 5269 1340 5322 haesitabant
1361 5275 1388 5322 et
1414 5269 1586 5322 conterebant
1606 5265 1669 5322 ibid.
1694 5299 1729 5308 -
1754 5283 1815 5322 non·
1903 5299 1940 5308 -
1958 5269 2113 5326 Convocatis
2132 5273 2159 5324 in
2177 5285 2262 5326 00040
2279 5271 2356 5324 40404
2377 5269 2488 5336 Spiritus

500 5371 561 5412 cum
587 5359 750 5426 separandus
778 5365 803 5414 et
834 5359 885 5412 cito
912 5371 1067 5411 reversurus
1095 5359 1139 5410 Vll
1175 5359 1240 5410 dum
1260 5357 1400 5422 sapiebant
1416 5357 1545 5424 caelestia,
1565 5357 1612 5410 004
1632 5363 1734 5410 40440440
1753 5355 1815 5410 4044.
1850 5365 1958 5414 0000400
1975 5359 2020 5412 Vll
2037 5359 2090 5412 444
2108 5361 2125 5410 4
2143 5359 2218 5414 -in
2230 5359 2359 5412 descensu
2378 5359 2489 5424 Spiritus

500 5447 552 5500 556
571 5449 606 5502 53
623 5479 660 5488 -
677 5463 729 5502 000
747 5449 832 5502 visuri
857 5451 931 5500 erant
959 5445 1090 5500 Christum
1112 5447 1140 5500 in
1175 5453 1296 5500 -erant
1308 5447 1375 5500 tardi
1396 5447 1489 5512 corde,
1509 5445 1571 5514 quia
1584 5445 1757 5500 0404040000
1769 5461 1817 5500 ro-
1850 5449 1933 5502 sancti
1961 5449 2106 5502 contirmati
2134 5454 2204 5512 sont,
2220 5453 2248 5502 et
2273 5449 2379 5514 linguae
2396 5449 2489 5514 igneae

499 5541 619 5602 tempore
631 5537 812 5602 tribulationis,
826 5535 873 5590 004
885 5533 968 5588 040044
980 5533 1006 5586 40
1020 5539 1140 5602 40400040
1175 5533 1263 5590 4044004
1290 5533 1385 5590 Christi
1412 5535 1525 5602 gloriam
1553 5541 1580 5590 et
1596 5535 1815 5590 resurrectionem
1850 5543 2031 5604 apparuerunt
2047 5537 2082 5590 444
2099 5537 2151 5590 544
2170 5539 2205 5590 50

499 5627 681 5680 consolationis
710 5629 742 5680 Vl
761 5623 812 5680 464
840 5625 887 5690 30,
916 5625 945 5676 34
969 5653 1003 5662 -·
1022 5623 1140 5680 Christus
1175 5623 1211 5678 40.
1229 5623 1263 5676 34
1288 5653 1324 5662 -
1348 5623 1419 5676 00440
1448 5623 1529 5678 40040
1555 5623 1680 5678 volebant
1708 5625 1816 5678 0404040
1904 5629 2034 5680 —erunt
2061 5623 2160 5680 iudices
2183 5641 2244 5680 0040
2270 5625 2372 5680 Christo
2399 5627 2424 5678 in
2450 5641 2490 5682 04·

500 5713 670 5780 praedicebat
686 5727 762 5766 suam
790 5713 1006 5766 resurrectionem
1027 5713 1140 5780 discipu·
1175 5713 1397 5766 resurrectionem
1415 5713 1449 5764 'Vl
1469 5711 1573 5764 44648
1850 5719 1935 5768 440040
1955 5713 2049 5770 4044040
2070 5715 2112 5768 4444
2132 5715 2183 5768 460
2205 5715 2245 5768 44.
2266 5715 2313 5770 404
2336 5713 2370 5768 45
2384 5743 2417 5754 -
2429 5719 2490 5770 0004

499 5803 600 5856 440000
620 5801 833 5868 intelligentibus,
853 5807 880 5856 ot
899 5807 988 5868 postea
1001 5803 1140 5856 crederent
1228 5831 1266 5840 -
1283 5803 1338 5856 duo
1363 5803 1579 5878 0000404004οε
1604 5801 1707 5856 auditui
1730 5815 1816 5856 curre·
1850 5815 1996 5856 assessores
2015 5803 2040 5856 in
2060 5803 2157 5856 iudicio
2177 5803 2211 5858 444
2229 5805 2281 5858 434
2299 5819 2328 5860 44.
2349 5805 2358 5856 4
2378 5803 2491 5858 -4044-

500 5889 736 5944 4463544444
759 5889 930 5944 -Christus
956 5891 1084 5958 praedicit
1101 5891 1140 5944 eis
1175 5888 1239 5944 bant
1258 5891 1292 5944 04
1304 5899 1506 5944 4000004004οη4
1520 5891 1554 5946 ad
1567 5891 1749 5958 inquirendam
1764 5905 1817 5944 004·
1851 5893 1950 5946 0044004
1970 5893 2045 5958 quasi
2075 5891 2215 5946 assessorie
2243 5893 2294 5946 554
2315 5893 2385 5946 4-
2402 5893 2431 5946 40
2452 5893 2491 5946 iu·

499 5979 734 6046 resurrectionem,
750 5995 786 6034 ne
803 5993 835 6034 044
853 5979 976 6046 passione
992 5985 1139 6034 4044000404
1176 5977 1314 6032 titudinem
1343 5995 1391 6046 per
1414 5984 1550 6046 aspectum
1576 5981 1620 6034 Vll
1649 5979 1696 6034 504
1729 5979 1764 6032 45
1781 6009 1817 6018 -
1851 5981 1920 6034 dicio
1950 5977 2103 6034 iudicabunt
2126 5995 2174 6046 per
2203 5981 2377 6034 excellentiam
2405 5981 2490 6048 digni·

500 6069 546 6124 4444
564 6069 616 6122 464
634 6071 678 6124 53.
698 6069 748 6122 460
769 6069 802 6120 56
821 6097 857 6108 -
875 6069 1002 6122 Dominus
1022 6071 1140 6123 hortatur
1175 6067 1320 6122 00040004
1340 6073 1541 6122 monumentum
1564 6069 1753 6124 confirmarunt
1780 6073 1818 6120 40·
1851 6069 1910 6122 40440
1927 6067 1972 6120 Vll
2000 6067 2046 6120 554
2072 6067 2104 6122 40
2130 6067 2338 6124 —iudicabunt
2361 6069 2491 6136 approba·

501 6159 658 6226 discipulos,
677 6163 705 6214 ut
724 6151 831 6224 propter
849 6169 982 6210 recessum
994 6171 1073 6210 00004
1086 6171 1137 6210 non
1175 6157 1329 6210 stimonium
1357 6157 1498 6210 mulierum
1518 6157 1570 6210 504
1590 6157 1617 6210 34
1643 6187 1677 6196 -
1696 6157 1749 6212 400
1769 6157 1816 6210 sol-
1851 6157 1922 6210 tione
1940 6157 1975 6210 444
2003 6157 2053 6208 343
2075 6155 2106 6208 56
2125 6157 2241 6222 -quia
2270 6157 2410 6224 participes
2438 6161 2491 6210 ioe-

475 6247 623 6304 ,vacillcnt
640 6247 668 6300 in
689 6247 756 6310 lide,
783 6247 830 6298 sed
857 6247 942 6310 magis
971 6247 1078 6298 credant
1105 6247 1139 6298 Vl
1175 6245 1243 6300 licite
1261 6251 1392 6300 uenerunt
1410 6245 1444 6298 ad
1457 6251 1659 6300 monumentum
1677 6245 1712 6298 Vl
1730 6243 1815 6298 5054
1852 6249 1913 6298 4004
1929 6241 2127 6296 tribulationum
2141 6241 2244 6308 Christi,
2258 6245 2400 6310 participes
2411 6249 2489 6298 eruut

501 6333 555 6388 435
573 6335 599 6388 4.
619 6333 669 6388 436
688 6335 703 6386 3
1175 6361 1212 6388 ,-·
1229 6339 1402 6388 cucurrerunt
1418 6333 1453 6386 04
1478 6325 1692 6396 40000040040444,
1711 6331 1816 6400 quando
1852 6331 1893 6386 sui
1910 6331 2026 6384 convivii
2042 6335 2070 6382 04
2087 6330 2145 6384 solii
2162 6331 2271 6388 honoris
2282 6331 2327 6386 Vil
2339 6331 2387 6386 554
2409 6331 2443 6384 40
2456 6361 2490 6372 -·-

555 6451 591 6460 -
617 6421 651 6478 de
677 6421 795 6478 absentia
820 6421 915 6478 Christi
940 6423 1019 6478 040440
1045 6423 1137 6478 44404044
1176 6421 1359 6474 0000404οῑ004
1382 6421 1439 6484 4044,
1465 6435 1561 6488 004000
1586 6421 1681 6478 Christi
1700 6421 1816 6474 ablatum
1852 6420 2006 6476 iudicabunt
2023 6423 2052 6474 04
2070 6419 2130 6474 40044
2150 6421 2201 6474 484
2219 6421 2248 6474 64
2266 6451 2300 6460 -
2313 6427 2374 6476 0004
2392 6421 2490 6476 iudices

500 6515 573 6574 sum,
602 6511 664 6578 quia
690 6525 744 6564 0044
775 6509 978 6566 considerabant
1005 6511 1139 6568 absentiae
1177 6509 1224 6562 544
1247 6509 1293 6576 34,
1310 6511 1535 6562 34-40004004
1552 6509 1588 6562 ad
1605 6515 1816 6574 mouumentum,
1851 6513 1961 6578 propter
1977 6509 2094 6564 veritatis
2111 6511 2300 6574 perlectionem
2321 6511 2366 6564 404
2393 6509 2425 6562 45

501 6601 616 6652 trucium
635 6599 669 6652 Vl
687 6599 739 6652 458
759 6601 803 6662 44,
821 6599 864 6652 43.
883 6599 966 6652 46344
985 6613 1071 6668 sq.-
1087 6607 1140 6652 tan·
1175 6601 1206 6650 nt
1215 6595 1330 6664 aliquam
1341 6597 1544 6650 consolationem
1556 6597 1706 6662 reciperent
1718 6595 1770 6650 504
1784 6597 1816 6650 48
1906 6597 2040 6652 4444444440
2058 6597 2175 6652 -dicit
2200 6599 2328 6652 actionem
2352 6603 2379 6652 et
2397 6597 2490 6662 signifi·

501 6691 558 6740 4040
575 6683 675 6740 40444044
688 6689 764 6738 ’04004
791 6685 825 6740 40
852 6687 985 6754 040044οι0
1001 6685 1139 6760 passione,
1230 6715 1266 6724 -
1279 6685 1418 6754 Discipulis
1430 6685 1599 6752 congregatis
1610 6685 1734 6756 0044044444
1746 6683 1818 6740 Chri·
1853 6689 1990 6754 cationem,
2010 6693 2036 6742 et
2052 6695 2181 6758 quantum
2201 6687 2233 6742 ad
2253 6691 2321 6742 hane
2333 6691 2418 6754 potest
2430 6701 2488 6742 0000

502 6775 576 6844 quod
594 6775 657 6828 nihil
675 6773 825 6842 cogitabant
845 6775 974 6840 degloria
989 6775 1039 6828 450
1058 6777 1140 6830 43-
1177 6781 1233 6830 0400
1252 6777 1287 6830 44
1304 6775 1357 6830 544
1376 6773 1419 6828 34.
1444 6775 1496 6828 546
1517 6775 1551 6828 55
1567 6805 1605 6814 -
1622 6775 1746 6828 viderunt
1771 6775 1818 6828 Do·
1854 6779 1931 6832 unius
1951 6791 2079 6846 personae
2097 6777 2154 6832 sine
2176 6779 2256 6832 altera
2280 6777 2313 6832 444
2334 6777 2386 6832 340
2405 6775 2438 6830 45
2456 6805 2491 6816 -
2520 6817 2521 6820 .

503 6853 613 6918 desolati
629 6863 665 6918 40
682 6877 787 6918 recessu
806 6861 902 6918 Christi
921 6863 966 6916 444
991 6865 1034 6932 48,
1052 6863 1086 6916 40
1105 6895 1140 6904 -
1178 6865 1290 6934 minum,
1303 6863 1456 6918 0004040404
1469 6869 1555 6918 000004
1567 6865 1629 6918 0440
1643 6865 1724 6920 40040
1736 6865 1819 6932 quieti
1857 6867 1926 6922 Deus
1945 6871 2094 6936 frequenter
2105 6867 2227 6934 apparuit
2239 6865 2267 6920 iu
2279 6865 2365 6934 effigie
2378 6869 2492 6920 humana
