5900 8266
336 1343 406 1388 Radix
415 1355 491 1390 seeun-

503 515 566 590 3712
1082 519 1276 590 contristat.
1302 523 1338 590 ΙΝ
1364 519 1602 592 EVtNGtttdtl
1624 521 1742 590 tutta
1765 523 1799 592 C.
1820 523 1897 590 Xtt.

503 691 655 778 Propheta
679 693 708 760 in
734 691 900 760 Psalmo1:
932 689 1028 762 «Non
1061 695 1197 764 declines
1219 713 1273 764 oor
1298 713 1404 764 meum
1427 697 1458 762 in

502 799 597 864 rerba
626 797 761 866 malitiae
784 797 824 864 ad
845 799 1044 866 exoumndas
1073 799 1295 868 exeusationes
1323 801 1356 866 in
1386 817 1458 884 peo-

502 903 577 970 eatis
591 929 624 970 ».
647 903 685 970 Ει
705 903 774 970 ideo
799 921 816 970 ε
838 901 997 972 contrario
1015 903 1132 972 dieitur
1146 907 1187 972 de
1201 905 1269 972 viro
1286 905 1369 972 iusto
1385 907 1458 972 Pro-

503 1009 682 1076 verbiorum
712 1009 833 1078 deoimo
865 1015 996 1078 octavo:
1022 1035 1040 1068 n
1056 1009 1161 1078 Iustus
1184 1009 1270 1096 prior
1295 1015 1457 1078 aecusator

502 1121 549 1180 est
571 1115 620 1180 sui
635 1141 666 1180 s.
1320 1143 1322 1146 ·

588 1219 642 1288 lli.
675 1221 775 1306 (Vers.
812 1219 886 1306 la).
918 1219 1061 1288 seeundo
1091 1227 1245 1306 quantum
1273 1219 1313 1286 ad
1342 1239 1457 1288 seen-n·

502 1327 579 1394 dum
602 1327 868 1406 enementionem,
884 1345 965 1412 quae
982 1327 1068 1394 uenit
1082 1345 1125 1394 ex
1140 1325 1361 1394 sollieitudine
1376 1345 1456 1394 ooo·

350 1397 391 1444 dae
403 1407 489 1444 exousa·
527 1431 534 1446 .
554 1433 561 1446 .

349 1451 423 1498 lionis.

325 1929 326 1934 ¹
350 1873 480 1918 Nomadum.

501 1441 617 1514 ratane,
648 1431 774 1502 subdit:
809 1435 848 1500 ut
879 1431 962 1500 niter
995 1431 1102 1500 dimit:
1122 1435 1224 1520 'lupo
1259 1431 1357 1498 boun
1393 1431 1459 1498 erni

501 1539 651 1626 quinque.
685 1537 865 1606 Sollicitudo
894 1555 1031 1624 namquo
1066 1537 1214 1606 avaritiae
1250 1537 1339 1618 laoit,
1373 1537 1456 1624 quod

501 1645 573 1730 quis
593 1663 656 1710 non
688 1643 813 1730 quaerit
834 1643 901 1710 nisi
934 1651 1060 1710 terrena
1082 1649 1241 1722 traotare;
1264 1641 1333 1710 ideo
1358 1643 1455 1712 labori

502 1751 595 1816 bouum
629 1757 845 1836 eomparatur,
878 1767 1014 1836 quorum
1038 1755 1085 1816 est
1121 1758 1239 1818 terram
1271 1749 1395 1818 sulcare
1427 1755 1456 1820 et

502 1873 660 1924 exeruere.
695 1857 729 1922 Et
760 1853 909 1922 dieantur
933 1855 1077 1944 quinque
1100 1855 1184 1942 iope
1206 1855 1305 1924 bonm
1327 1863 1456 1942 propter

501 1961 642 2046 quinque
675 1979 786 2028 sensus
821 1979 990 2028 conversos
1023 1961 1064 2028 ad
1097 1963 1175 2030 haee
1204 1969 1338 2030 terrena.
1372 1963 1456 2032 Unde

502 2067 652 2134 desset:
692 2067 810 2134 «Haeo
839 2065 924 2154 iupa
952 2065 1053 2134 'bourn
1091 2067 1263 2150 dieantur,
1295 2069 1370 2156 quia
1399 2085 1457 2154 per

502 2173 561 2240 bos
582 2179 708 2240 terrena
731 2179 909 2260 reguntur3
934 2173 1029 2242 hores
1045 2173 1129 2242 enim
1146 2181 1264 2242 terram
1280 2181 1409 2242 versant
1425 2203 1455 2242 a.

502 2279 568 2348 Diui
590 2281 683 2348 eliam
708 2287 839 2368 possunt
863 2281 964 2368 iope,
989 2281 1065 2368 quia
1087 2283 1203 2350 oollum
1225 2283 1323 2370 ligant
1342 2289 1374 2350 et
1390 2285 1457 2350 oer-

503 2385 601 2454 rioem
626 2387 753 2454 domant
775 2395 807 2456 et
830 2395 930 2456 totum
955 2389 1137 2474 deprimunt
1160 2389 1192 2456 iu
1208 2395 1326 2456 terram
1343 2395 1376 2456 et
1391 2389 1456 2454 ani-

503 2511 585 2558 mam
607 2493 749 2560 vendunt
771 2511 829 2578 pro
845 2501 951 2574 terra;
968 2495 1172 2562 Ecclesiastioi
1190 2495 1310 2560 decimo
1322 2495 1352 2560 ³:
1376 2495 1457 2560 «Ni-

502 2599 545 2666 hil
578 2605 626 2666 est
654 2599 794 2686 iniquius
826 2619 921 2686 quam
953 2617 1059 2666 amare
1085 2601 1273 2684 pecuniam3
1298 2599 1349 2666 hio
1374 2599 1455 2666 enirn

501 2703 636 2770 animam
668 2703 759 2772 suam
785 2707 927 2772 uenalem
951 2705 1064 2784 babet,
1086 2707 1236 2790 quoniam
1259 2705 1290 2770 in
1315 2705 1379 2770 vita
1400 2721 1458 2770 sua

501 2809 632 2894 proieoit
658 2809 768 2876 intima
798 2827 855 2878 sua
872 2835 902 2874 ε.
935 2811 1087 2892 Quoniam
1112 2809 1213 2888 enim,
1238 2809 1320 2874 siout
1341 2809 1457 2874 dieitur

501 2917 647 2984 llattbaei
670 2923 779 2994 sexto,
810 2941 826 2974 α
840 2917 895 2982 uhi
919 2921 966 2982 εει
989 2917 1159 2980 ιεεεεεεεε
1182 2919 1274 2992 ιεεε,
1298 2913 1340 2980 ihi
1356 2919 1404 2980 est
1427 2917 1458 2980 et

502 3039 555 3088 eor
580 3027 718 3100 tauma
743 3027 774 3088 ει
797 3021 968 3088 thesaurus
983 3019 1069 3086 arari
1086 3025 1134 3086 est
1149 3025 1242 3086 extra
1265 3037 1317 3096 se,
1340 3019 1457 3084 seilicet

503 3127 532 3192 in
557 3133 663 3192 terra:
688 3127 758 3192 ideo
779 3125 889 3190 intima
910 3125 1047 3192 hominis
1070 3123 1155 3190 avari
1180 3123 1320 3208 proieota
1335 3129 1409 3190 sunt
1425 3123 1457 3190 in

503 3239 597 3298 terra.
621 3231 708 3298 Unde
730 3247 858 3298 neeesse
881 3235 945 3310 est,
969 3231 1053 3314 quod
1077 3229 1151 3316 iugo
1174 3229 1335 3298 servitutis
1350 3229 1457 3316 oppri-

503 3343 625 3414 matur,
649 3335 723 3420 quia
746 3335 887 3402 vendidit
908 3337 1112 3420 semetipsum
1129 3361 1137 3416 ;
1152 3335 1236 3400 unde
1255 3335 1457 3402 aeclesiastici

501 3441 651 3526 vigesimo
666 3441 798 3528 septimo
811 3443 845 3508 4:
868 3469 885 3502 «
899 3443 981 3508 lnter
1001 3439 1140 3508 medium
1154 3441 1320 3526 emptionis
1335 3447 1366 3510 et
1384 3461 1457 3510 ven-

495 3547 625 3622 ditionis
641 3547 870 3634 angustiabitur
887 3547 1021 3634 peooatis
1031 3573 1063 3612 a.
1076 3585 1120 3596 --
1133 3547 1240 3616 Reddit
1257 3547 1340 3616 enim
1355 3547 1458 3616 evari-

500 3655 542 3720 tia
558 3653 724 3722 sollicitum
749 3661 780 3722 et
794 3653 967 3734 boriosam,
982 3653 1051 3720 ideo
1068 3655 1187 3720 subdit:
1210 3657 1250 3720 m
1265 3673 1298 3720 eo
1311 3655 1458 3740 probare

501 3759 579 3840 illo,
610 3759 685 3844 qnia
716 3759 897 3826 continuam
929 3777 1039 3826 euram
1074 3759 1168 3826 hahet
1203 3759 1240 3826 de
1275 3761 1455 3844 superfluis.

500 3865 587 3934 Unde
607 3865 761 3934 Glossa⁵:
790 3889 805 3924 ει
824 3867 914 3932 lteote
931 3883 987 3950 per
1005 3865 1146 3952 quinque
1165 3883 1277 3934 sensus
1292 3865 1458 3934 euriositas

418 3999 419 4002 ¹
500 3971 702 4058 designatur,
725 3989 824 4058 quae,
840 3971 916 4038 dum
932 3973 1077 4038 exterius
1091 3973 1257 4058 investigat
1273 3973 1366 4038 uitam
1385 3989 1458 4058 pro·

344 4303 435 4348 Etleotns
453 4315 486 4348 ea·

336 4357 407 4400 ritatis
419 4361 441 4400 et
452 4369 486 4402 ou·

337 4411 449 4454 riosrtatis.

500 4077 595 4160 nimi,
629 4089 686 4144 sua
716 4077 827 4144 intima
856 4079 973 4158 nesoit;
998 4083 1030 4146 ει
1051 4077 1167 4146 curiosi
1192 4077 1315 4146 animus
1339 4087 1457 4164 quanto

501 4191 548 4252 est
572 4183 693 4270 peritus
713 4183 825 4264 alieni,
842 4189 928 4251 tanto
945 4185 1076 4270 ignarus
1090 4183 1126 4250 dt
1142 4185 1191 4252 sul
1208 4213 1237 4250 o.
1256 4221 1296 4234 -·-
1314 4185 1350 4250 Et
1365 4191 1457 4266 nota,

500 4291 587 4378 quod
617 4291 730 4360 caritas
761 4290 950 4358 nonhabet
980 4291 1039 4356 nisi
1073 4291 1191 4378 inpune
1224 4311 1350 4370 nnnnt,
1384 4291 1458 4378 qnia

500 4413 624 4464 omnem
656 4395 897 4464 sollicitudinem
923 4395 1251 4476 reducendorum,
1283 4397 1458 4462 seeundum

500 4503 579 4568 illud
602 4519 699 4588 supra
721 4501 889 4570 deoimoiz
918 4503 1053 4570 «Unum
1078 4507 1125 4570 est
1148 4501 1359 4570 neeessarium
1379 4527 1409 4582 »;
1425 4507 1458 4570 ει

499 4609 656 4678 bliehaeae
689 4615 800 4678 sexto:
842 4633 858 4666 «
887 4609 1057 4676 Sollicitum
1093 4609 1256 4676 ambulare
1289 4627 1362 4676 enm
1394 4609 1458 4676 Deo

500 4723 555 4800 tuo
572 4741 588 4774 a
616 4723 698 4794 eto.;
722 4721 753 4780 ει
784 4713 928 4782 llatthaei
961 4717 1125 4782 undeoimo
1141 4741 1158 4780 :v
1176 4741 1192 4774 e
1210 4717 1320 4800 logum
1350 4733 1458 4782 meum

500 4837 597 4888 suave
619 4825 698 4888 εει»
727 4827 807 4902 eto.;
833 4827 864 4888 et
887 4821 1087 4888 Tbrenorum
1103 4821 1215 4888 tertio:
1241 4847 1257 4880 «
1274 4821 1395 4886 Bonum
1410 4825 1458 4886 est

436 4989 438 4994 .
500 4927 587 5008 uiro,
610 4945 682 4996 oum
707 4927 880 5014 portaverit
904 4927 1014 5014 iugum
1034 4927 1157 4994 Domini
1184 4927 1224 4994 ab
1250 4926 1458 4994 adolescentia

572 5305 692 5362 ²Psalm.
714 5307 780 5374 tlh,
799 5307 822 5360 l.
843 5311 867 5360 et
887 5309 984 5362 deinde
1001 5309 1077 5360 Prov.
1100 5309 1147 5374 til,
1166 5307 1209 5360 tt.

569 5393 581 5424 ²
600 5399 669 5450 llaec
681 5395 781 5462 Glossa,
794 5409 862 5462 quae
874 5399 924 5448 boe
937 5399 994 5448 loro
1008 5409 1056 5446 nee
1068 5409 1084 5446 a
1097 5395 1182 5448 Strah.
1192 5409 1239 5446 neo
1250 5409 1265 5446 e
1276 5397 1377 5460 Lyrano
1392 5395 1459 5448 exhi·

500 5485 589 5552 betur,
607 5491 647 5536 εει
659 5485 783 5548 August,
797 5485 879 5536 Serm.
896 5485 956 5536 lli.
971 5483 1042 5552 (alias
1055 5483 1098 5536 33.
1114 5485 1149 5536 de
1161 5481 1255 5536 Verbis
1270 5483 1383 5550 heulini)
1397 5497 1419 5536 ε.
1431 5485 1459 5536 3.

500 5587 529 5624 ει.
548 5573 579 5638 3,
599 5569 644 5626 ubi
665 5573 753 5636 docet,
774 5573 839 5622 haee
857 5569 974 5638 quinque
992 5569 1057 5640 iupa
1077 5569 1157 5626 bonne
1181 5569 1329 5636 significare
1350 5571 1459 5624 curiosi-

500 5667 581 5712 tatem
601 5661 719 5728 quinque
737 5673 870 5712 sensuum.
890 5661 954 5714 Nam
974 5659 1091 5728 petitaque
1109 5665 1170 5712 stant
1187 5663 1332 5726 sensns,'et
1349 5659 1459 5728 quilibet

500 5763 593 5804 eorum
611 5749 765 5818 geminatur
786 5749 850 5818 (duo
869 5749 951 5812 oculi,
971 5751 1040 5802 duee
1057 5763 1149 5818 aures,
1163 5751 1285 5816 geminae
1300 5765 1391 5818 nares,
1409 5763 1458 5816 pro

467 5891 470 5898 ,
500 5843 579 5904 gustu
600 5839 654 5892 dato
673 5839 857 5902 instrumenta,
875 5839 931 5892 soil,
953 5839 1040 5904 lingua
1064 5839 1244 5906 etpalatum,
1270 5839 1295 5892 in
1320 5843 1390 5892 lautu
1414 5853 1460 5892 ro·

500 5929 588 5994 luptas
614 5929 698 5980 carnis
726 5929 833 5980 interius
860 5933 885 5980 et
914 5927 1054 5998 exteriuslz
1086 5929 1199 5994 «Quare
1226 5921 1307 5982 boum
1337 5929 1459 5980 dicuntur

500 6019 585 6084 iuga?
605 6019 671 6084 Qttia
688 6031 737 6082 per
755 6031 849 6072 sensus
866 6017 930 6070 istos
949 6019 1035 6072 carnis
1051 6021 1155 6070 terrena
1178 6017 1356 6086 requiruntur.
1374 6019 1459 6070 Boves

500 6109 571 6160 enim
590 6111 685 6160 terrem
704 6111 809 6160 versant
821 6127 835 6154 a
857 6111 907 6160 ειε.
924 6135 960 6146 ·—
978 6109 1028 6160 Pro
1046 6109 1158 6160 εειέεει
1174 6109 1194 6160 D
1214 6109 1329 6162 uertunt.
1380 6175 1391 6186 ,

571 6191 583 6224 ⁸
603 6195 678 6250 Vers.
697 6195 744 6262 to,
763 6203 823 6260 post
842 6209 922 6262 quem
940 6197 1028 6248 ltettn.
1048 6195 1076 6258 d,
1102 6195 1154 6258 at:
1181 6197 1228 6248 clr.
1254 6209 1336 6260 supra
1362 6207 1385 6244 ε.
1416 6195 1457 6246 la.

500 6299 528 6336 n.
549 6283 591 6336 tt.
611 6299 667 6352 seq.
683 6313 720 6322 -
738 6283 865 6348 Superius
883 6297 932 6348 pro
951 6287 976 6338 el
992 6283 1115 6338 animum
1133 6281 1252 6336 rendunt
1266 6295 1320 6352 pro
1346 6283 1458 6336 tumuli

500 6369 582 6424 noore'
599 6369 809 6426 ammonianum
827 6369 955 6424 rendunt.

570 6457 583 6488 ⁴
603 6463 676 6514 Vers.
694 6463 726 6526 2,
746 6457 792 6514 ubi
809 6475 858 6526 pro
872 6457 990 6530 petentis
1010 6461 1055 6530 (ita
1074 6463 1132 6514 Vat.
1152 6457 1214 6514 rum
1232 6459 1357 6526 Raban0‚
1380 6457 1459 6514 Cerd.

401 6597 402 6600 ,
501 6549 569 6614 Hug.
588 6557 614 6604 et
630 6547 744 6618 tyrano)
764 6549 875 6614 Vulgata
888 6553 1046 6616 puteolum,
1064 6547 1144 6602 CDF
1160 6545 1460 6618 peoootor.lmmediate

501 6643 561 6702 post
581 6641 610 6704 D,
629 6653 644 6692 a
664 6637 779 6692 secunde
793 6651 871 6690 manu
884 6643 1031 6704 correctos,
1050 6637 1233 6706 prosequitur:
1244 6637 1281 6692 Et
1292 6637 1356 6706 quio
1367 6635 1460 6692 nouri-

501 6723 540 6778 tio
557 6725 645 6780 reddit
662 6723 807 6782 sollieitnnt
826 6727 859 6794 (ll
879 6723 950 6790 Qniu
968 6739 1032 6778 emo
1050 6723 1169 6778 auaritia
1185 6723 1274 6778 reddit
1292 6727 1362 6792 eto).

572 6809 583 6840 ⁶
602 6813 703 6866 Scilicet
722 6811 864 6868 ordinario
883 6811 924 6880 (ex
941 6813 1066 6878 Gregor.‚
1085 6813 1113 6864 lt.
1130 6811 1227 6864 Homil.
1243 6811 1271 6864 in
1296 6815 1397 6878 Evang.
1416 6815 1460 6864 ho·

1520 715 1578 764 soa
1592 725 1622 762 a.
1638 697 1697 766 Sed
1715 697 1879 766 euriositas
1897 697 1991 764 hahet
2006 697 2169 784 quinque,
2181 705 2336 782 quantum
2351 699 2391 766 ad
2408 699 2478 766 uni·
2512 733 2513 736 π

1521 803 1701 870 salsitatem
1715 803 1928 880 sensibilium,
1944 801 2029 868 eirea
2045 819 2124 886 quae
2140 809 2305 882 versatum
2321 803 2407 870 unde
2422 805 2477 872 Ee·

1520 907 1682 974 elesiastae
1711 907 1843 992 septimo
1857 907 1885 972 ⁷:
1917 907 2033 974 «Deus
2051 903 2126 974 'feeit
2150 907 2307 974 hominem
2333 914 2477 990 reolum,

1520 1013 1649 1098 etipse
1680 1011 1807 1080 misouit
1837 1031 1870 1080 se
1901 1011 2031 1078 infinitis
2061 1011 2350 1096 quaestionibus».
2375 1015 2478 1082 -Et

1465 1145 1466 1148 ¹
1519 1117 1670 1200 quoniam
1691 1115 1803 1182 vitium
1827 1115 2006 1200 cupiditatis
2030 1123 2060 1182 et
2080 1115 2230 1182 auaritiae
2245 1117 2352 1200 palliat
2367 1135 2401 1186 se
2417 1119 2478 1186 sub

1519 1223 1624 1306 speeie
1642 1219 1890 1306 providentioe,
1916 1219 1986 1288 ideo
2007 1221 2134 1288 subdit:
2161 1223 2249 1306 Repo
2267 1229 2312 1300 te,
2330 1219 2413 1288 liobe
2426 1243 2478 1290 nte

1519 1335 1727 1394 excusatum.
1751 1325 1809 1394 Sed
1833 1327 1948 1394 talibus
1972 1333 2072 1414 potest
2096 1327 2156 1394 diei
2173 1327 2249 1392 illud
2266 1327 2414 1396 leremiae
2429 1345 2478 1396 se-

1520 1433 1671 1502 eundo⁸:
1699 1459 1714 1492 α
1733 1431 1813 1518 Quid
1834 1433 1944 1500 niteris
1968 1435 2065 1500 bonas
2089 1433 2253 1502 ostendere
2269 1433 2336 1500 vias
2353 1439 2423 1502 tuas
2437 1433 2478 1502 ad

1520 1541 1733 1624 quaerendam
1755 1539 1970 1618 dilectionem,
1994 1557 2074 1624 quae
2099 1541 2237 1624 insuper.
2252 1541 2385 1606 malitias
2408 1549 2478 1608 tuas

1519 1643 1652 1710 dosuisti
1679 1643 1744 1710 tias
1766 1649 1837 1710 tuas
1862 1643 2032 1728 plurimas,
2056 1651 2086 1710 et
2110 1645 2139 1710 in
2165 1645 2223 1712 alis
2245 1645 2309 1712 tuis
2330 1645 2478 1714 intentus

1520 1755 1567 1816 est
1590 1749 1718 1836 sanguis
1742 1749 1918 1816 animarum
1941 1767 2118 1834 pauperum
2141 1759 2174 1816 et
2195 1753 2408 1822 innocentium
2424 1759 2461 1820 »i

1610 1855 1662 1924 aa.
1678 1855 1776 1942 (Veis.
1796 1855 1872 1942 ab).
1889 1855 1995 1946 Tertio
2010 1861 2165 1940 quantum
2177 1857 2216 1922 ad
2233 1859 2364 1924 tertione
2378 1873 2639 1972 exeu'iiiiiaiiiii?

1519 1963 1698 2042 sotionem,
1723 1981 1805 2050 quae
1827 1963 1913 2030 venit
1936 1981 1977 2030 ex
2001 1961 2136 2028 libidine
2153 1963 2330 2040 inanimae,
2348 1963 2476 2030 subdit:

1521 2069 1562 2134 at
1583 2067 1675 2134 olins
1697 2067 1806 2134 dimit:
1836 2067 1978 2134 Unorena
2001 2067 2105 2146 duni,
2120 2075 2150 2132 et
2166 2065 2237 2134 ideo
2258 2085 2324 2134 non
2336 2085 2478 2152 possunt

1520 2173 1639 2242 entire.
1664 2175 1745 2242 Haeo
1766 2195 1857 2242 onor
1880 2181 1928 2242 est
1949 2173 2200 2260 oonoupisoentia
2222 2171 2343 2254 earnis,
2360 2173 2397 2240 de
2414 2191 2481 2260 qua
2532 2249 2535 2254 ,

1520 2283 1721 2350 Eeolesiaslae
1756 2281 1935 2368 septimo⁹:
1976 2309 1992 2342 a
2014 2281 2118 2350 lnreui
2153 2281 2340 2348 amariorem
2375 2283 2478 2348 morte

1519 2389 1703 2468 mulierem,
1727 2407 1810 2476 qnae
1831 2389 1962 2476 laqueus
1984 2393 2168 2458 venatorum
2185 2395 2232 2456 εει
2247 2393 2277 2454 ει
2294 2405 2406 2472 sagena
2423 2405 2477 2454 ror

1520 2497 1587 2560 eius
1604 2521 1635 2560 ».
1659 2497 1740 2562 Haeo
1762 2495 1878 2562 dieitur
1900 2515 1991 2560 uror
2012 2499 2141 2578 propter
2167 2497 2381 2562 vehementem
2408 2493 2477 2560 libi·
2533 2513 2534 2516 ¹

1520 2599 1601 2664 dinis
1624 2597 1839 2666 adhaesionem
1856 2623 1863 2680 ;
1886 2599 2007 2682 primae
2022 2599 2062 2664 ad
2076 2599 2253 2666 Corinthios
2268 2605 2377 2666 serto:
2399 2623 2416 2656 c<
2432 2599 2477 2664 ln

1520 2701 1663 2782 nesoitiS,
1688 2703 1762 2788 quia
1784 2701 1838 2788 qui
1863 2701 2011 2768 adhaeret
2036 2703 2160 2768 mulieri
2185 2723 2284 2770 unum
2302 2721 2418 2788 eorpus
2433 2705 2477 2770 ei-

1520 2807 1653 2872 licitur?
1679 2809 1777 2872 Erunt
1802 2807 1901 2884 euim,
1928 2807 2047 2890 inquit,
2070 2807 2133 2872 dato
2149 2807 2182 2872 in
2198 2825 2293 2874 earne
2309 2827 2372 2872 tina
2387 2835 2420 2874 a,
2434 2847 2476 2860 .-

1520 2911 1557 2976 Et
1580 2911 1648 2978 ideo
1672 2911 1799 2978 subdit:
1832 2911 1875 2976 Et
1902 2911 1974 2978 ideo
2006 2931 2072 2978 non
2100 2931 2240 2998 possum
2268 2911 2389 2980 venire.
2416 2917 2476 2982 Neo
2495 2929 2626 2976 notandum.

1520 3017 1626 3084 addit:
1651 3015 1742 3082 Hebe
1772 3037 1822 3082 nae
1851 3025 2067 3098 εεεεεειεεε,
2089 3019 2164 3104 quia
2187 3020 2288 3086 solum
2313 3025 2477 3104 peecatum

1520 3121 1625 3190 tarnis
1647 3127 1712 3202 est,
1737 3122 1821 3208 quod
1844 3121 1973 3190 minime
1998 3123 2103 3208 palliat
2127 3141 2159 3190 εε
2191 3125 2251 3190 suh
2280 3125 2385 3208 speeie
2407 3127 2477 3192 nir-

1520 3229 1599 3294 tntis
1624 3235 1653 3294 et
1676 3229 1804 3294 minime
1826 3235 2020 3304 excusatur:
2046 3235 2200 3298 ettamen
2226 3229 2398 3296 seeundum
2423 3251 2476 3298 re-

1520 3333 1644 3400 ritatem
1667 3335 1766 3418 magis
1796 3339 1842 3400 est
1874 3333 2055 3400 exousahile
2076 3341 2205 3418 propter
2228 3335 2378 3400 maiorem
2401 3355 2477 3420 pro-

1520 3439 1649 3508 nitatem
1673 3439 1959 3524 concupiscentiae,
1985 3439 2157 3508 seeundum
2174 3439 2253 3508 illud
2268 3441 2308 3508 ad
2323 3443 2476 3510 Romanos

1521 3547 1652 3632 septimo
1665 3547 1712 3612 ¹⁰:
1742 3571 1758 3604 α
1775 3545 1899 3612 lnrenio
1922 3547 2014 3614 aliam
2036 3547 2136 3632 legem
2152 3547 2185 3614 in
2206 3547 2357 3614 memhris
2380 3549 2475 3628 meis,
2571 3585 2573 3590 .

1522 3657 1748 3738 repugnantem
1772 3653 1832 3736 legi
1854 3653 1968 3718 mentis
1991 3671 2078 3720 meae
2101 3661 2133 3720 et
2154 3653 2361 3736 captivantem
2378 3673 2429 3720 me
2444 3655 2476 3720 in

1521 3757 1704 3826 seruitutem
1727 3757 1846 3844 peceati
1862 3783 1893 3822 ».
1910 3757 1948 3826 Et
1961 3777 2020 3844 pro
2037 3763 2124 3826 tanto
2138 3757 2212 3826 dicit
2228 3783 2235 3824 :
2252 3757 2325 3824 lVon
2337 3777 2476 3844 posstnn

1520 3863 1649 3942 oen-ire,
1673 3861 1766 3948 qnia,
1790 3863 1872 3930 siout
1895 3863 1969 3930 dicit
1994 3865 2229 3942 bernardus1¹‚
2258 3865 2373 3930 «siout
2393 3865 2475 3948 ignis

1520 3975 1550 4036 et
1574 3987 1656 4054 aqua
1679 3969 1773 4036 simul
1796 3987 1864 4036 esse
1888 3987 1950 4036 non
1972 3977 2123 4054 possunt,
2146 3969 2192 4036 sio
2214 3969 2392 4054 spirituales
2423 3971 2477 4036 de-

1520 4075 1606 4142 lioiae
1631 4079 1661 4142 et
1686 4073 1828 4142 carnales
1858 4075 1892 4140 in
1913 4073 2023 4140 eodem
2048 4093 2081 4142 se
2103 4075 2429 4160 nonoompatiuntur
2444 4101 2474 4142 a.

1520 4181 1667 4248 blentitur
1692 4187 1793 4248 tamen
1820 4181 1892 4262 iste,
1915 4181 1990 4266 quia
2014 4181 2100 4260 talis,
2126 4181 2183 4248 etsi
2199 4181 2239 4248 sit
2255 4183 2477 4268 eononpiseen-

1520 4287 1581 4354 tiae
1603 4305 1733 4366 samua,
1759 4291 1859 4372 potest
1883 4285 2003 4366 faeere,
2020 4305 2083 4372 quo
2099 4287 2181 4356 laeto
2197 4289 2311 4368 lrabeat
2325 4289 2475 4372 gratiam,

1521 4411 1578 4480 per
1607 4411 1704 4480 quam
1733 4393 1848 4460 hebeat
1877 4411 1969 4480 posse
2004 4393 2146 4462 domandi
2177 4393 2475 4480 v‹eononpiseentiam

1522 4499 1607 4566 Unde
1639 4499 1677 4566 ad
1709 4501 1860 4566 Rotnanos
1892 4499 2024 4584 septimo
2037 4499 2085 4564 12:
2120 4499 2261 4566 «Infelix
2284 4515 2341 4586 ego
2366 4501 2474 4566 homo!

1522 4605 1592 4690 quis
1607 4623 1665 4672 -1ne
1689 4603 1834 4672 liberabit
1856 4605 1896 4672 de
1919 4621 2051 4690 corpore
2075 4605 2188 4672 mortis
2210 4605 2307 4674 buius
2324 4611 2358 4672 »ι
2375 4605 2410 4670 Ει
2427 4623 2476 4672 re-

1522 4711 1651 4796 spondet
1674 4711 1843 4778 oontinuo:
1874 4711 2010 4776 «Gratia
2032 4711 2086 4778 Dei
2111 4729 2166 4796 per
2192 4711 2291 4778 lesum
2317 4711 2476 4776 Christum

1521 4819 1687 4884 Dominum
1712 4823 1855 4882 nostrum
1871 4843 1902 4896 s,
1927 4817 2019 4902 quia,
2042 4817 2081 4882 ad
2098 4817 2310 4900 Philippenses
2325 4817 2475 4894 seeundo,

1526 4927 1643 4990 «Deus
1664 4929 1728 5002 est,
1754 4919 1808 5008 qui
1832 4929 1980 5008 operatur
2006 4921 2035 4988 in
2060 4921 2147 4990 probis
2167 4923 2247 4990 velle
2270 4927 2301 4988 et
2324 4921 2477 5008 perficere

1523 5305 1576 5358 mil.
1595 5305 1639 5356 36.
1657 5319 1680 5356 n.
1703 5305 1732 5370 l,
1752 5317 1833 5372 quem
1850 5305 1968 5372 sequitur
1986 5305 2078 5372 Beda).
2096 5305 2124 5356 ln
2143 5305 2163 5358 D
2183 5305 2297 5358 seruanda
2312 5319 2404 5360 tatanus
2417 5305 2477 5360 sub·

1521 5393 1614 5446 stituit:
1634 5393 1711 5446 Beate
1727 5405 1776 5460 per
1794 5389 1911 5460 quinque
1922 5389 1987 5460 iupa
2002 5391 2117 5462 pariaque
2130 5407 2259 5446 sensnum
2272 5393 2414 5448 euriositas
2429 5401 2476 5446 ete.

1521 5509 1555 5520 -
1576 5481 1702 5546 Superius
1720 5479 1832 5534 vocibus
1850 5479 1913 5548 quio
1931 5479 2088 5536 continuone
2106 5483 2163 5536 Vat.
2184 5481 2314 5536 interserit
2337 5481 2475 5548 ebriosas,

1521 5571 1542 5622 H
1561 5569 1638 5634 legit:
1656 5569 1743 5622 liedo:
1760 5567 1886 5638 probatio
1898 5567 1934 5624 nd
1946 5569 2131 5624 opertosimtom
2145 5569 2274 5640 pertinet,
2289 5569 2352 5638 putto
2366 5569 2477 5626 euriosi-

1522 5663 1562 5714 tor
1582 5657 1738 5714 eotatttnuon
1758 5665 1806 5712 eto¹

1592 5743 1602 5774 ⁶
1621 5749 1697 5800 Vers.
1712 5747 1753 5800 li.
1765 5765 1800 5788 ⁶·-
1813 5749 1878 5800 Tres
1891 5761 1965 5814 seqq.
1976 5749 2026 5800 loei
2039 5753 2099 5800 sunt
2110 5749 2185 5800 ilion.
2201 5749 2228 5812 d,
2243 5749 2272 5812 8;
2282 5749 2370 5800 ltattb.
2382 5749 2422 5812 tl,
2435 5749 2476 5800 30.
2576 5811 2578 5814 ¹

1522 5841 1546 5890 et
1565 5837 1662 5890 Tltren.
1682 5837 1713 5902 3,
1732 5839 1776 5890 at.

1592 5921 1698 5980 'Vera
1717 5927 1760 5980 30.

1547 6089 1548 6092 ¹
1592 6011 1602 6042 ⁸
1622 6017 1698 6068 Vers·
1718 6017 1761 6070 33.
1779 6019 1803 6068 et
1823 6017 1870 6082 at,
1891 6015 1935 6070 ubi
1956 6017 2014 6070 Vat.
2031 6031 2100 6092 ¹(tum
2120 6019 2231 6082 Vulgata
2252 6023 2277 6070 et
2294 6019 2332 6070 ll:
2352 6015 2423 6080 Quid
2441 6013 2478 6068 ni-

1523 6103 1587 6160 tert's
1605 6103 1705 6158 bentona
1722 6103 1858 6160 ostendere
1875 6103 1950 6160 urbm
1968 6109 2058 6168 tuom,
2078 6119 2146 6172 qnae
2163 6105 2241 6156 etiem
2261 6103 2372 6158 sulsinde
2385 6103 2478 6156 omittit

1520 6193 1670 6262 plurimos,
1689 6193 1773 6248 ACD
1790 6193 1911 6246 omittunt
1929 6193 1967 6246 od
1984 6193 2193 6262 quaerendum...
2211 6191 2270 6246 eins
2288 6195 2359 6244 tons.

1592 6277 1696 6336 ςἰ”εεε
1717 6283 1758 6334 nt.
1778 6281 1830 6334 Gir.
1849 6283 1973 6346 burgast,
1991 6283 2078 6334 Serm.
2096 6281 2157 6334 lli·
2175 6279 2249 6346 (alias
2270 6279 2311 6332 33.
2331 6279 2364 6330 de
2384 6277 2477 6330 Verbis

1521 6371 1635 6440 Domini)
1656 6385 1678 6424 o.
1699 6373 1723 6424 8.
1741 6385 1769 6424 n.
1787 6371 1812 6422 e.
1832 6399 1866 6408 -
1886 6367 2002 6424 Subinde
2021 6371 2148 6436 allegatur
2165 6369 2183 6420 l.
2203 6367 2262 6424 Cor.
2279 6367 2477 6436 e‚te,1nqn0

1521 6471 1569 6524 pro
1589 6457 1700 6512 ntuliert'
1718 6457 1763 6526 (ita
1782 6455 1902 6524 AGDF)
1921 6457 1980 6508 Vel.
1998 6469 2059 6508 eum
2080 6457 2191 6520 Vulgata
2210 6459 2234 6508 et
2252 6457 2276 6508 ll
2292 6453 2437 6510 meretrici.

1593 6545 1615 6578 ¹⁰
1634 6547 1711 6602 Vers.
1728 6547 1778 6614 23,
1797 6545 1842 6598 nbi
1854 6559 1904 6610 pro
1916 6543 1946 6598 in
1963 6541 2115 6598 seruitutem
2131 6543 2235 6612 petenti
2260 6547 2319 6598 Vat.
2339 6559 2400 6598 oum
2417 6543 2478 6598 Vul-

1523 6639 1583 6700 gata
1601 6635 1631 6688 ιε
1650 6633 1707 6700 tepe
1721 6633 1833 6702 pauenti.

1593 6719 1614 6752 ¹¹
1634 6721 1716 6786 Epist.
1733 6721 1758 6772 i.
1778 6735 1803 6774 n.
1823 6723 1863 6772 lo.

1594 6805 1615 6838 ¹²
1634 6809 1710 6862 Vera.
1730 6807 1774 6862 al.
1791 6815 1816 6860 et
1835 6807 1883 6874 25,
1904 6813 1962 6872 post
1979 6819 2046 6874 quos
2065 6805 2128 6860 Phil.
2148 6809 2177 6868 2,
2199 6807 2240 6858 ta.
