5908 8266
826 603 885 660 mv
1202 513 1242 580 IN
1262 509 1556 590 cortuluttlltus
1576 511 1608 580 S.
1631 515 1857 582 scurrilitate
2173 603 2238 660 boc
2460 511 2523 580 741

535 689 726 758 possidentium
747 693 899 746 confodiunt
927 689 990 746 ibid.
1008 719 1044 732 -
1062 689 1177 744 reddunt
1263 689 1437 758 -Quatuor
1452 693 1513 742 sunt
1532 689 1693 742 diiiereutiae
1709 689 1849 744 bominum
1886 693 1961 744 ierno
1981 691 2081 758 positus
2102 691 2211 744 minima
2229 695 2304 758 petiit
2321 689 2432 746 ibid.-·-
2449 691 2529 744 Laza-

535 779 676 834 sollioitum
703 793 884 846 possessorem
909 779 960 834 347
988 779 1020 832 67
1036 773 1074 854 ἐ
1091 777 1177 842 spinis
1211 791 1274 846 erga
1295 779 1398 832 divitias
1413 779 1455 834 Vll
1476 775 1527 830 464
1541 777 1776 844 tt-Qnomodo
1790 791 1851 830 san-
1885 791 1946 830 rum
1973 777 2063 830 646666
2090 791 2144 830 666
2173 779 2298 844 dignatus
2323 785 2392 846 erat,
2411 785 2436 834 64
2454 789 2529 834 nunc

535 873 723 934 comparantur
745 869 795 922 496
815 870 848 922 60
868 897 902 910 -
921 871 1044 934 pungunt
1067 865 1100 920 ad
1121 881 1178 920 mo·
1211 869 1248 922 cti
1263 867 1430 922 Pauiarcbae
1441 865 1579 922 habuerint
1598 865 1701 920 divitias
1721 865 1754 920 ib.
1768 865 1850 920 44-
1884 871 2033 920 extremum
2051 865 2109 920 eius
2125 865 2240 932 digitum
2258 867 2394 922 desiderat·
2410 865 2473 922 iiii.
2489 893 2528 908 ι·-

536 957 757 1022 6646664666646
776 957 827 1010 463
848 957 882 1010 46
944 977 945 980 “
1211 957 1268 1010 44464
1278 957 1337 1010 46614
1351 965 1377 1010 64
1386 955 1644 1022 periectiClrristiani
1655 953 1776 1010 contrarii
1790 959 1851 1010 sunt
1937 979 1978 1004 -,
1993 967 2023 1006 ex
2042 953 2181 1006 afflictione
2207 955 2263 1008 eius
2291 957 2395 1022 linguae
2419 957 2527 1010 manile*

587 1073 626 1088 --
642 1043 783 1098 Laboriosa
797 1043 944 1098 sollicitudo
956 1043 1109 1094 divitiarum
1122 1055 1176 1094 non
1211 1047 1310 1100 divitiis
1326 1045 1379 1100 463
1398 1045 1433 1100 46
1592 1111 1593 1114 ¹
1884 1045 1968 1094 statur
1985 1041 2114 1094 rectitudo
2142 1041 2247 1094 divinae
2274 1043 2384 1095 iustitiae
2410 1043 2525 1096 4111460

534 1133 658 1198 prodest,
679 1133 759 1184 immo
776 1129 854 1184 obest
872 1131 904 1184 44
924 1129 1000 1184 676.
1017 1133 1053 1184 66
1070 1157 1107 1170 -
1124 1145 1176 1184 666
1263 1161 1303 1176 ·-
1320 1133 1430 1188 Divitias
1445 1133 1576 1189 dimittere
1607 1137 1643 1186 est
1672 1133 1726 1184 1466
1748 1131 1850 1184 666666
1885 1127 1920 1180 49
1937 1127 2094 1194 -Lingua
2112 1127 2214 1182 eiusin
2240 1127 2341 1182 iulerno
2360 1135 2416 1184 erat
2432 1131 2526 1196 imagi·

536 1223 649 1284 prosunt
677 1217 728 1270 607
749 1233 774 1272 6.
794 1219 827 1270 46
845 1245 883 1260 -
899 1231 951 1270 non
970 1223 1093 1286 prosunt,
1114 1219 1176 1286 quia
1211 1223 1246 1278 Vl
1265 1223 1300 1276 47
1317 1239 1346 1292 q.
1364 1251 1399 1268 -
1419 1223 1494 1278 644166
1514 1229 1575 1278 6664
1595 1223 1628 1276 66
1648 1221 1849 1285 dimittendum,
1884 1217 1957 1270 naria
1987 1215 2034 1268 461
2065 1217 2100 1270 60
2126 1245 2165 1268 -τ
2190 1217 2301 1270 Divitem
2331 1231 2394 1270 6666
2417 1217 2526 1270 llamma

535 1311 728 1359 consumuntur
757 1305 789 1358 46
809 1319 834 1358 6.
855 1307 888 1358 46
906 1333 943 1346 -
959 1307 1117 1360 Diuitiarum
1141 1307 1177 1358 ia·
1211 1313 1381 1366 addendum
1400 1311 1577 1380 pauperibus,
1598 1311 1630 1366 ad
1648 1311 1850 1364 emendumre·
1884 1303 2023 1368 adurebat,
2036 1305 2123 1370 lingua
2138 1307 2216 1358 etiam
2231 1303 2382 1370 imaginaria
2396 1307 2526 1358 inanima

535 1393 633 1448 6466446
650 1393 741 1460 impiis
758 1393 822 1448 nibil
840 1395 951 1460 prodest
970 1395 1020 1448 440
1040 1407 1068 1448 6.
1085 1397 1101 1448 8
1211 1415 1296 1466 gnum
1314 1399 1377 1456 ibid.
1394 1431 1431 1442 ...-
1448 1401 1517 1456 bene
1537 1403 1618 1456 urenti
1634 1403 1710 1456 utiles
1724 1405 1799 1466 suut,
1810 1413 1851 1452 re·
1884 1397 1941 1450 eius
1960 1395 2091 1448 adustioni
2110 1397 2255 1446 lomentum
2276 1393 2420 1460 praebebat
2441 1393 2504 1450 ibid.

587 1507 624 1520 --
641 1481 741 1534 Divites
767 1483 807 1536 sic
831 1489 998 1548 saturantur,
1020 1489 1052 1538 64
1067 1499 1175 1550 semper
1209 1489 1324 1542 servanti
1352 1489 1471 1556 inutiles,
1499 1493 1566 1544 male
1595 1491 1676 1544 646644
1702 1491 1849 1544 damnosae
1936 1483 2089 1550 -aliquid
2108 1481 2171 1536 boni
2188 1481 2281 1536 babuit
2299 1483 2324 1536 in
2345 1487 2392 1536 bac
2411 1483 2524 1538 64464411

536 1571 681 1622 1666666661
692 1571 737 1622 Vll
751 1571 802 1622 664
821 1569 855 1624 67
874 1599 909 1610 --
927 1571 1051 1628 Amantes
1067 1573 1175 1628 divitias
1210 1575 1445 1630 ibit-evadunt
1456 1577 1535 1630 66166
1548 1577 1622 1632 utiles
1630 1591 1680 1644 per
1691 1577 1848 1644 sapientiam
1883 1573 1936 1628 466
1955 1571 1990 1626 64
2006 1601 2045 1612 -
2060 1571 2177 1640 perdidit
2194 1571 2268 1640 quod
2293 1585 2307 1622 a
2333 1571 2416 1638 gratia
2434 1577 2461 1624 et
2479 1583 2526 1624 na·

512 1649 650 1712 'fructum
670 1673 721 1710 nou
741 1661 844 1726 capient
872 1675 900 1714 ex
929 1661 966 1714 eis
987 1661 1019 1716 67
1040 1677 1066 1716 6.
1084 1663 1119 1714 63
1136 1691 1174 1700 -
1209 1665 1244 1716 66
1262 1679 1291 1718 6.
1313 1667 1346 1718 46
1365 1693 1400 1706 -
1420 1665 1756 1730 646666646644616466664
1781 1679 1849 1720 mor·
1883 1667 1941 1718 tura
1970 1669 2107 1730 acceperat
2132 1657 2195 1716 ibid.
2220 1689 2254 1700 -
2280 1661 2373 1714 dicitur
2393 1661 2475 1728 01466,
2492 1665 2524 1714 64

535 1745 724 1800 custodiendae
743 1745 817 1814 6664,
829 1755 860 1802 64
871 1749 1056 1818 dispergantur
1068 1751 1104 1802 36
1117 1763 1142 1802 6.
1157 1751 1173 1802 6
1209 1757 1262 1804 tem
1282 1749 1316 1804 ib.
1338 1753 1371 1804 43
1388 1779 1427 1792 -
1443 1751 1500 1804 6466
1517 1753 1644 1820 666466446
1658 1769 1710 1806 666
1724 1759 1848 1820 prosunt,
1883 1751 2038 1806 recordetur
2054 1749 2186 1806 honorum
2205 1765 2256 1804 non
2277 1751 2310 1804 ad
2326 1751 2457 1818 solatium,
2475 1749 2525 1802 sed

532 1865 570 1874 -
587 1835 696 1890 Divitiae
714 1851 767 1890 non
786 1841 846 1904 plus
865 1845 975 1904 prosunt
999 1837 1073 1892 diviti
1091 1853 1173 1906 quarn
1209 1839 1257 1892 sed
1283 1845 1379 1892 nocent
1407 1841 1440 1892 69
1460 1855 1488 1908 q.
1508 1839 1536 1892 4.
1555 1841 1606 1894 163
1624 1857 1652 1894 6.
1671 1843 1685 1892 9
1705 1843 1849 1896 -Utilior
1883 1841 1973 1904 potius
1998 1841 2036 1894 ad
2063 1845 2223 1894 tormentum
2249 1837 2310 1894 ibid.
2340 1867 2374 1880 -
2403 1839 2524 1892 lleriturn

449 1915 450 1918 ’
536 1925 593 1978 61446
614 1925 646 1980 47
659 1927 733 1980 6.10
752 1955 787 1968 -
806 1929 885 1982 144666
902 1943 934 1982 ex
950 1927 1052 1980 64644446
1063 1941 1116 1978 666
1128 1929 1175 1976 ba-
1209 1931 1237 1978 et
1253 1925 1371 1978 securior
1390 1941 1453 1980 usus
1474 1933 1510 1980 est
1530 1931 1611 1982 semel
1632 1943 1727 1982 omnes
1742 1929 1849 1982 divitias
1884 1927 1941 1980 eius
1961 1929 2007 1982 1644
2025 1931 2203 1982 transitorium
2223 1933 2247 1982 64
2266 1927 2468 1996 praeambulum
2486 1927 2522 1982 ad

534 2013 956 2082 66416664666466661446,446646
970 2015 1098 2066 damnum
1112 2011 1173 2066 ibid.
1209 2015 1341 2068 dimittere
1368 2029 1448 2080 quam
1478 2015 1605 2080 paulatim
1630 2015 1694 2068 dare
1715 2015 1748 2068 47
1767 2033 1795 2084 q.
1811 2045 1848 2058 -
1883 2017 2043 2082 supplicium
2060 2015 2124 2070 itit.

534 2131 570 2142 --
587 2103 687 2156 Diuites
704 2117 756 2156 non
775 2105 883 2170 capiunt
903 2105 1032 2168 fructum,
1052 2101 1100 2154 666
1118 2115 1175 2154 rna·
1209 2107 1269 2154 sunt
1288 2101 1435 2168 redemptio
1453 2103 1556 2156 animae
1573 2105 1608 2156 66
1627 2117 1656 2156 6.
1675 2105 1707 2156 46
1728 2133 1761 2142 -
1781 2103 1849 2156 6666
1936 2105 2048 2158 -eius
2070 2105 2523 2174 6614446164166666146,6646666

535 2193 576 2258 gis
594 2183 721 2244 damnum
738 2191 757 2246 -4
776 2195 793 2244 9
1209 2203 1339 2256 expensae
1358 2195 1500 2258 protegunt
1518 2189 1582 2246 ibid.
1883 2191 2006 2244 iratribus
2025 2189 2172 2246 carnalibus
2198 2199 2226 2246 et
2248 2195 2397 2248 secundum
2414 2207 2523 2248 carnem

536 2299 537 2302 ¹
586 2273 720 2332 -Dives
740 2293 801 2332 cnm
819 2279 910 2332 dolore
929 2279 1033 2332 64644466
1046 2279 1174 2346 relinquet
1260 2309 1299 2318 -
1315 2281 1371 2334 Non
1388 2279 1470 2332 debet
1495 2281 1575 2346 lromo
1598 2293 1726 2346 quaerere
1742 2279 1848 2334 dlvitias
1883 2279 2035 2332 viventibus
2052 2279 2098 2332 4411
2116 2279 2167 2332 463
2186 2279 2221 2334 66
2239 2305 2277 2320 ·-
2294 2281 2452 2346 eiuspotitio
2469 2297 2524 2336 non

535 2369 570 2420 44
596 2369 628 2420 46
647 2367 729 2420 613
749 2395 782 2406 -··
801 2381 854 2420 non
872 2373 972 2420 tantum
991 2363 1173 2434 relinquuntur
1209 2369 1347 2436 mortales,
1365 2369 1412 2422 sed
1431 2367 1524 2422 vitales
1544 2369 1575 2420 441
1596 2369 1647 2420 669
1667 2383 1692 2420 6.
1706 2369 1740 2420 66
1751 2399 1790 2414 —
1801 2369 1848 2422 Bo·
1883 2367 1931 2420 1644
1949 2371 2057 2432 propter
2075 2367 2214 2420 vitandum
2226 2369 2385 2434 supplicium
2399 2369 2523 2432 alienum,

535 2471 552 2510 6
569 2455 692 2520 domino,
710 2455 759 2510 sed
777 2455 931 2510 amittuntur
947 2469 963 2506 a
983 2455 1035 2510 lilio
1055 2453 1117 2510 ibid.
1136 2483 1173 2496 -
1208 2459 1249 2510 nis
1266 2455 1386 2510 moribus
1406 2463 1431 2510 et
1455 2455 1562 2510 scientia
1590 2461 1615 2510 64
1633 2457 1718 2522 gratia
1734 2457 1848 2522 praediti
1883 2453 1930 2508 sed
1948 2469 1981 2508 66
1998 2459 2141 2520 augeretur
2159 2467 2236 2508 suurn
2260 2453 2322 2510 ibid.
2342 2483 2373 2494 -
2396 2455 2452 2508 eius
2475 2467 2524 2520 pe-

535 2549 703 2600 conservatae
723 2559 776 2598 666
803 2545 988 2612 relinquuntur
1009 2543 1100 2598 heredi
1124 2557 1173 2598 uec
1208 2553 1270 2600 suut
1298 2545 1392 2600 divites
1420 2547 1445 2598 in
1472 2545 1553 2612 gratia
1571 2545 1602 2598 8l
1622 2557 1652 2598 6.
1670 2547 1683 2598 6
1704 2571 1739 2586 -
1757 2545 1848 2600 salutis
1883 2543 1938 2596 titio
1958 2547 2014 2596 erat
2033 2543 2145 2596 crudelis
2171 2549 2292 2608 respectu
2319 2543 2446 2610 proximi,
2466 2555 2521 2598 car·

434 2635 436 2638 '
535 2633 698 2702 asportaria
722 2649 875 2702 possessore
901 2639 1012 2702 possunt
1040 2633 1072 2688 ib.
1092 2649 1119 2688 6.
1138 2633 1173 2688 44
1209 2641 1269 2692 suni
1289 2635 1416 2702 sapientia
1433 2639 1459 2688 et
1486 2633 1594 2688 scientia
1615 2633 1677 2690 ibid.
1695 2663 1731 2674 -
1748 2633 1848 2690 Diuites
1883 2631 2148 2698 6614666666646664
2167 2631 2271 2686 46466

533 2743 570 2766 -·
588 2737 649 2778 cum
675 2729 866 2778 conservantur
890 2723 937 2778 diu
964 2739 980 2776 a
1006 2731 1097 2790 66466,
1120 2739 1173 2778 666
1209 2731 1269 2780 6664
1289 2725 1334 2792 qui
1354 2723 1449 2778 babent
1469 2723 1599 2790 spemin
1623 2725 1707 2778 Deum
1732 2723 1847 2774 4411316
1936 2749 1974 2758 ...
1989 2725 2100 2786 propter
2117 2735 2235 2774 amorem
2253 2735 2361 2776 suorum
2382 2727 2522 2788 parentum

534 2813 795 2868 remanentlllioii
814 2829 840 2866 6.
862 2815 892 2868 46
913 2827 1017 2866 —uon
1043 2813 1174 2866 transmit·
1210 2817 1239 2870 34
1261 2843 1299 2854 -
1316 2813 1395 2868 144666
1414 2813 1439 2866 in
1459 2813 1543 2884 Deum
1561 2817 1602 2864 est
1619 2813 1665 2878 qui
1682 2811 1801 2864 abundat
1819 2813 1848 2864 in
1884 2811 2028 2864 carnalium
2045 2807 2165 2876 6616664,
2188 2811 2262 2876 quod
2281 2813 2393 2864 Lazarus
2411 2811 2522 2876 egrede-

500 2909 503 2914 ‘
533 2907 624 2956 466166
641 2905 792 2968 trequenter
809 2903 844 2956 ad
863 2905 984 2970 posteros
994 2901 1057 2958 ibid.
1068 2901 1104 2956 60
1117 2919 1143 2956 6.
1158 2905 1168 2956 4
1211 2903 1308 2958 meritis
1325 2909 1353 2958 et
1369 2901 1495 2968 operibus
1514 2903 1617 2968 pietatis
1634 2899 1694 2956 ibid.
1883 2901 1956 2952 66166
1973 2897 2058 2952 sinum
2078 2897 2172 2966 quietis
2191 2905 2217 2952 et
2238 2897 2332 2954 466446
2349 2899 2435 2952 locum
2456 2897 2523 2966 peri·

535 3021 571 3032 —
599 2993 747 3056 requenter
773 2993 949 3046 devolvuntur
978 2993 1011 3046 ad
1039 2995 1173 3048 extraneos
1212 3011 1231 3030 ·-
1251 2995 1362 3044 Ι--666
1380 2993 1465 3046 644664
1483 3005 1649 3056 possessores
1662 3005 1725 3045 suos
1736 2991 1772 3044 441
1786 2991 1848 3044 466
1883 2989 2003 3042 culorum
2023 2989 2064 3044 4411
2087 2987 2137 3042 464
2156 2987 2188 3042 66
2202 2987 2388 3054 -66666664,
2406 2989 2465 3056 6166
2477 3001 2523 3042 664

537 3081 570 3132 60
587 3079 645 3134 6.1
670 3081 900 3146 -41664466664
929 3083 1002 3146 quod
1021 3083 1088 3134 alius
1107 3083 1173 3134 divi·
1208 3109 1245 3122 -
1262 3081 1407 3146 acquisitae
1424 3095 1455 3134 ex
1475 3081 1548 3134 iustis
1563 3077 1699 3134 laboribus
1712 3083 1849 3134 honestant
1883 3077 1936 3130 1666
1956 3077 2066 3132 verbum
2087 3077 2522 3146 bominismortuiquamimmor-

536 3167 583 3220 tias
604 3173 756 3230 conservat,
774 3175 801 3222 et
818 3169 884 3222 alius
910 3171 962 3220 666
982 3169 1093 3222 6666664
1110 3167 1173 3224 ibid.
1211 3177 1236 3224 et
1252 3169 1418 3232 6666446661,
1435 3183 1490 3222 666
1508 3169 1654 3236 acquisitae
1675 3183 1725 3234 per
1747 3169 1848 3224 4646644-
1883 3167 1941 3220 46146
1961 3167 2005 3218 1464
2024 3165 2088 3220 ibid.

533 3285 569 3294 -
587 3255 696 3308 Diuitias
716 3255 810 3308 iniuste
822 3269 948 3308 acervans
960 3263 1106 3320 congregat
1115 3257 1173 3310 aliis
1210 3261 1272 3312 tiam
1293 3263 1317 3310 et
1335 3257 1456 3322 rapinam
1486 3257 1538 3310 174
1562 3273 1593 3310 v.
1610 3257 1644 3308 49
1936 3283 1973 3292 -
1989 3255 2031 3308 Ad
2048 3269 2163 3320 poenam
2180 3255 2236 3308 eius
2256 3263 2375 3330 66666466
2394 3262 2418 3310 64
2431 3257 2523 3322 cogni·

438 3361 442 3374 ·
504 3389 505 3392 .
535 3343 567 3398 ab.
588 3345 650 3398 66
677 3371 713 3380 -
741 3343 851 3398 Divitias
876 3349 1051 3410 congregatas
1077 3347 1173 3410 perdet
1260 3375 1298 3386 -
1314 3345 1385 3398 1416144
1414 3345 1499 3398 colunt
1529 3357 1668 3410 personam
1694 3345 1785 3398 divitis
1811 3347 1847 3398 441
1883 3341 1919 3394 446
1937 3343 2062 3408 66666646
2081 3349 2106 3396 64
2124 3341 2252 3396 memoria
2271 3347 2379 3398 16646646
2399 3347 2442 3398 Vll
2468 3343 2520 3398 464

536 3437 616 3486 bomo
635 3431 663 3482 in
680 3437 763 3484 morte
788 3433 819 3486 30
841 3447 867 3486 v.
885 3433 901 3482 6
921 3459 956 3470 --
975 3435 1126 3486 6646666466
1144 3435 1172 3486 46
1210 3433 1242 3486 46
1261 3449 1289 3486 6.
1308 3431 1342 3484 40
1361 3459 1396 3472 -
1409 3465 1410 3468 =
1423 3431 1593 3484 Consuetudo
1610 3435 1725 3482 bumana
1751 3431 1848 3486 6464466
1884 3429 1917 3482 66
1936 3457 1973 3470 -
1988 3443 2073 3494 66666
2093 3437 2233 3496 negaverat
2261 3437 2286 3486 el
2303 3431 2385 3486 rnodo
2408 3431 2522 3488 ntauima

535 3521 585 3574 line
605 3521 675 3572 ritae
692 3521 780 3572 6477
937 3551 938 3554 =
1209 3523 1275 3574 66164
1286 3525 1409 3584 66664666
1424 3521 1547 3572 honestas
1563 3533 1689 3584 personas
1703 3517 1753 3572 474
1768 3535 1794 3574 6.
1812 3521 1846 3572 46
1884 3517 2032 3582 postulabat
2048 3517 2111 3572 ibid.

587 3639 623 3650 --
640 3609 852 3674 Nulluspropter
864 3607 1053 3662 abundantiam
1071 3609 1174 3662 divitia·
1208 3635 1244 3650 -
1261 3609 1350 3662 Ditare
1367 3613 1407 3662 est
1424 3609 1562 3660 honestare
1580 3605 1644 3662 ibid.
1935 3607 2104 3660 -ostendit
2120 3609 2229 3658 fratrum
2254 3621 2362 3660 suorum
2389 3607 2522 3662 carnalita-

533 3713 594 3752 rum
614 3697 705 3750 646666
725 3703 810 3764 664664
828 3697 927 3752 6464466
944 3697 990 3752 Vll
1008 3697 1059 3752 347
1079 3701 1114 3752 66
1259 3725 1298 3738 -
1314 3695 1366 3764 Qui
1383 3693 1464 3748 habet
1476 3695 1581 3748 64644466
1594 3693 1723 3748 obnoxius
1734 3701 1775 3748 est
1787 3695 1848 3750 Cae·
1883 3697 1950 3756 ient,
1964 3695 2008 3760 qui
2022 3695 2106 3758 magis
2126 3699 2292 3748 moverentur
2309 3695 2344 3748 66
2355 3697 2522 3762 corporalem

586 3815 623 3828 -
641 3785 747 3840 Pondus
765 3787 918 3840 divitiarum
945 3785 1025 3840 trabit
1047 3785 1173 3840 deorsum
1209 3787 1262 3840 sari
1280 3785 1323 3840 Vll
1342 3785 1389 3838 611
1414 3785 1446 3836 36
1883 3781 2078 3836 suscitationem
2105 3781 2238 3848 quemad
2261 3783 2420 3849 spiritualem
2446 3797 2523 3836 6666-

536 3876 579 3930 Vll
610 3875 661 3928 464
690 3875 723 3928 44
743 3901 778 3916 -
797 3889 852 3928 non
877 3883 989 3940 possunt
1015 3875 1174 3942 congregari
1261 3903 1297 3914 —
1313 3875 1385 3927 Licet
1404 3871 1533 3926 Ecclesiae
1544 3871 1650 3926 divitias
1662 3873 1799 3938 possidere
1811 3875 1846 3928 441
1883 3871 2004 3924 lationem
2024 3871 2068 3924 Vll
2094 3869 2197 3922 46460
2216 3899 2251 3910 --
2274 3871 2388 3926 66466644
2411 3873 2522 3926 fratrum

437 3981 438 3984 ¹
534 3965 590 4018 sine
609 3965 798 4028 6616666666
823 3971 851 4016 et
875 3965 969 4030 culpae
986 3965 1021 4016 Vl
1042 3965 1072 4016 46
1093 3979 1118 4018 r.
1139 3967 1172 4018 46
1210 3965 1260 4018 413
1282 3965 1313 4016 46
1335 3961 1363 4016 i*
1884 3971 1991 4012 suorum
2012 3959 2224 4026 perversitatem,
2243 3959 2523 4014 uttestimoniumbo·

534 4081 569 4094 ·-
588 4053 661 4106 biulti
679 4067 707 4104 se
727 4053 810 4106 ditant
825 4067 874 4118 per
893 4053 1046 4106 iniustitiam
1063 4059 1090 4106 et
1107 4055 1173 4118 rapi·
1260 4079 1297 4094 -
1313 4051 1395 4104 Dives
1412 4049 1484 4120 epulo
1508 4065 1525 4106 a
1548 4049 1715 4106 tribulatione
1731 4049 1780 4105 luit
1797 4051 1847 4104 im·
1885 4047 1962 4100 minis
1979 4049 2078 4100 mortui
2095 4049 2256 4114 praeferrent
2274 4049 2383 4102 testibus
2401 4049 2449 4102 Dei
2466 4049 2522 4102 6464

534 4157 597 4196 narn
617 4141 669 4194 474
686 4155 713 4192 6.
734 4141 766 4194 40
786 4169 820 4180 -
841 4145 989 4208 frequenter
1013 4141 1111 4196 habent
1127 4143 1174 4196 ini·
1209 4143 1296 4196 munis
1313 4139 1350 4194 Vl
1373 4139 1409 4192 69
1431 4153 1466 4194 6.
1479 4139 1513 4192 44
1531 4169 1566 4178 -
1586 4139 1660 4194 04666
1681 4139 1778 4194 dicitur
1795 4157 1848 4194 non
1886 4137 1935 4190 466
1957 4137 1988 4190 60
2008 4165 2041 4178 ·-
2061 4137 2112 4202 1664
2125 4137 2159 4190 66
2171 4137 2302 4190 Abrabam
2317 4139 2523 4206 patrepiissimo

533 4231 663 4298 quitatem
680 4223 806 4282 annexam
827 4231 870 4284 Vll
889 4231 939 4284 408
962 4229 994 4284 44
1210 4233 1295 4286 solum
1325 4235 1434 4294 propter
1463 4227 1613 4282 divitiarum
1638 4229 1848 4294 possessionem,
1885 4225 2064 4284 misericordia
2084 4225 2212 4292 denegata
2228 4233 2270 4280 est
2285 4223 2322 4280 ib.
2339 4229 2367 4280 61

588 4349 621 4358 -
649 4319 788 4372 Amanium
815 4319 921 4374 divitias
947 4319 1110 4386 impossibile
1134 4327 1174 4374 est
1209 4319 1255 4374 666
1275 4323 1382 4382 6666466
1401 4329 1491 4370 earum
1511 4317 1676 4372 dilectionem
1690 4315 1798 4370 4411446
1812 4319 1847 4370 36
1936 4313 2432 4380 1466664646-Ρ64666646466666646,
2451 4319 2523 4382 post·

535 4409 645 4462 introire
673 4407 697 4460 iu
728 4409 828 4460 caelum
857 4409 888 4462 441
918 4407 950 4460 47
976 4425 1002 4478 q.
1020 4439 1055 4448 -
1073 4409 1173 4462 Diuites
1208 4437 1245 4448 -
1262 4419 1313 4460 non
1334 4409 1420 4472 potest
1436 4405 1576 4470 parvenire
1595 4405 1618 4458 in
1632 4405 1755 4460 sublimia
1768 4421 1848 4472 regna
1885 4417 1915 4456 ea
1945 4403 2094 4458 docendum
2122 4405 2156 4458 Vl
2183 4405 2217 4458 36
2246 4419 2273 4460 6.
2301 4407 2317 4456 6
2342 4433 2379 4446 -
2405 4403 2523 4460 Exterius

534 4499 605 4564 pleni
622 4497 722 4550 divitiis
739 4511 791 4550 non
809 4497 906 4551 intrant
922 4511 972 4562 per
989 4499 1087 4552 ostium
1103 4497 1173 4550 Cirri-
1210 4499 1343 4552 caelorum
1361 4493 1424 4548 ibid.
1617 4515 1618 4520 ¹
1886 4491 1979 4546 docere
1997 4497 2085 4558 potest
2102 4495 2198 4558 bomo,
2216 4493 2263 4548 sed
2276 4507 2328 4548 non
2341 4493 2450 4550 interius
2468 4493 2520 4548 166

533 4593 608 4640 stum
626 4585 678 4638 366
698 4585 727 4638 14
743 4587 1173 4650 *6466616666466464446666-
1261 4611 1298 4624 -
1316 4583 1430 4634 habebat
1449 4583 1603 4638 vestimenta
1620 4583 1712 4648 pulcra
1738 4589 1766 4636 et
1791 4597 1848 4650 pre·
1884 4595 1911 4634 6.
1929 4581 1959 4634 61
1982 4581 2147 4634 -666664
2172 4581 2241 4634 64666
2270 4583 2422 4648 sapientiam
2452 4581 2523 4636 addi·

536 4679 623 4728 catum
643 4673 676 4726 47
694 4689 722 4726 v.
741 4673 776 4726 40
794 4703 829 4714 --
848 4673 927 4728 144666
944 4679 990 4728 664
1008 4681 1047 4728 664
1065 4675 1173 4740 iniquus
1211 4673 1336 4726 4466666
1361 4685 1459 4724 vanarn
1486 4671 1597 4736 gloriam
1625 4671 1668 4724 Vll
1689 4671 1739 4724 446
1762 4669 1794 4724 37
1812 4685 1853 4710 -’
1886 4669 2011 4722 66666646
2029 4675 2088 4722 6646
2106 4669 2179 4722 644146
2198 4677 2259 4724 6664
2277 4667 2311 4724 ib.
2330 4685 2355 4724 6.
2377 4671 2408 4724 46

536 4769 581 4816 aut
605 4765 681 4814 ireres
704 4763 788 4830 iniqui
818 4765 860 4816 Vll
888 4763 939 4816 667
970 4763 1002 4814 34
1022 4763 1173 4820 -14464466
1211 4771 1330 4826 purpura
1349 4763 1374 4812 64
1394 4759 1473 4826 bysso
1490 4751 1599 4812 indutus
1616 4757 1689 4826 apud
1709 4759 1803 4812 inieras
1817 4761 1848 4812 ir·
1938 4757 2048 4810 -1466
2067 4761 2154 4824 potest
2177 4759 2259 4812 bomo
2285 4757 2451 4812 abundanter
2477 4757 2523 4812 do·

533 4863 627 4904 omnes
646 4851 672 4904 in
689 4851 807 4916 periculo
827 4851 1000 4904 damnationis
1012 4865 1070 4904 esse
1085 4851 1173 4904 64666-
1210 4847 1413 4904 remediabiliter
1439 4853 1577 4916 torquetur
1598 4845 1633 4902 46.
1652 4849 1683 4902 36
1704 4873 1738 4886 -
1767 4849 1848 4902 nomi·
1885 4847 1993 4900 utrinam
2022 4845 2229 4910 communicare,
2259 4847 2309 4900 nisi
2333 4847 2448 4914 desuper
2474 4847 2524 4900 im-

536 4943 577 4994 tur
598 4939 649 4992 464
669 4939 711 4994 44.
731 4937 783 4994 466
802 4941 883 4994 ib·—
897 4939 1031 4994 Difficilius
1048 4937 1173 4994 estdiviti
1211 4943 1287 4992 66466
1304 4943 1345 4990 664
1361 4937 1470 4990 nomine
1486 4937 1621 4992 communi
1637 4937 1688 4990 447
1709 4937 1740 4990 40
1886 4937 1986 5000 pleatur
2015 4937 2046 4988 441
2076 4935 2107 4988 90
2128 4949 2154 4988 6.
2181 4935 2253 4988 7·-
2274 4937 2398 4990 146646666
2425 4935 2524 4990 666664

535 5029 630 5084 6616664
649 5043 730 5098 qoam
748 5031 858 5096 pauperi
876 5029 911 5084 69
929 5045 957 5096 q.
977 5031 987 5082 4
1262 5057 1298 5066 -
1316 5027 1377 5080 Eius
1396 5027 1612 5082 immisericordia
1631 5031 1792 5092 aggravatur
1803 5041 1848 5080 sex
1886 5039 1944 5078 esse
1961 5023 2013 5078 riri
2029 5023 2144 5092 angelici
2160 5025 2205 5078 Vll
2223 5025 2275 5078 588
2295 5027 2358 5078 6-
2373 5027 2468 5078 Doctor
2480 5025 2524 5078 de

585 5147 624 5158 =-
644 5119 715 5172 Deus
733 5119 864 5188 aliquibus
882 5115 1173 5186 dat-divitias,qoibus
1211 5117 1412 5172 circumstantiis
1430 5117 1474 5170 4411
1493 5117 1545 5170 417
1571 5117 1612 5180 41,
1635 5117 1666 5170 46
1685 5113 1848 5170 -canibus
1886 5115 1931 5168 664
1949 5115 1982 5168 66
2011 5115 2082 5168 66646
2105 5113 2266 5168 6666666666
2291 5111 2354 5168 ibid.
2375 5143 2409 5154 —-
2429 5115 2523 5168 Doctor

536 5219 591 5258 non
609 5207 655 5260 dat
671 5207 782 5260 salutern
800 5223 851 5262 nec
867 5195 984 5276 quictem
1006 5207 1041 5260 441
1059 5207 1094 5258 49
1111 5207 1173 5274 q.i
1212 5207 1259 5260 luit
1271 5205 1402 5260 liberalior
1412 5219 1493 5274 quarn
1508 5207 1619 5274 pauperi
1634 5207 1849 5272 il8i3-pau-
1886 5205 1977 5258 sinon
2002 5209 2088 5270 potest
2114 5217 2200 5270 usque
2223 5205 2260 5258 66
2282 5201 2373 5258 intima
2398 5203 2446 5256 Dei
2465 5217 2524 5256 oon·

536 5321 570 5334 —-
584 5295 648 5348 nillil
661 5303 772 5360 prosunt
784 5311 878 5360 66666,
892 5297 953 5366 quia
967 5297 1083 5350 anirnam
1098 5309 1173 5348 suam
1211 5309 1301 5362 perem
1320 5297 1437 5362 negligit,
1457 5301 1547 5350 natura
1577 5303 1715 5350 accusante
1731 5293 1795 5350 ibid.
1814 5325 1849 5336 --
1887 5293 2025 5358 scandere,
2044 5295 2136 5346 saltem
2155 5293 2281 5358 procedat
2309 5293 2334 5346 in
2358 5291 2429 5346 66616
2447 5291 2523 5346 16666

534 5383 581 5436 664
605 5397 655 5448 666
680 5387 792 5450 6666646
816 5387 850 5440 46
870 5401 900 5438 6.
918 5387 933 5438 9
953 5413 987 5426 -
1007 5387 1056 5454 Qui
1076 5385 1173 5438 divitiis
1210 5385 1298 5448 miser,
1316 5383 1363 5452 qui
1382 5383 1478 5438 micam
1496 5385 1607 5450 pauperi
1625 5399 1680 5438 non
1699 5385 1772 5438 dedit
1787 5381 1848 5438 ibid.
1885 5381 2524 5450 64664666666664666164466646441.-1466466

536 5471 738 5534 66144614666646
749 5473 909 5528 incumbunt
919 5473 1026 5528 alterius
1034 5475 1103 5528 vitae
1112 5485 1174 5538 gau·
1210 5499 1245 5512 -
1264 5471 1390 5526 immitior
1415 5473 1527 5526 canibus
1548 5473 1597 5528 1644
1621 5477 1648 5528 64
1673 5471 1762 5528 mitior
1780 5475 1849 5528 cani·
1887 5477 1992 5524 amovet
2012 5471 2132 5524 velamen
2150 5471 2301 5536 Scripturas
2321 5469 2383 5524 ibid.

534 5559 955 5616 64666646664664441146443
1113 5581 1115 5584 ·
1212 5561 1263 5616 666
1280 5575 1359 5628 quam
1380 5561 1490 5628 pauperi
1510 5561 1573 5616 ibid.
1617 5611 1619 5614 .
1941 5587 1974 5600 ·-
2000 5561 2065 5614 Sunt
2104 5561 2216 5624 rguendi
2242 5561 2376 5628 66616666,
2394 5561 2441 5628 qui
2459 5559 2523 5612 alios

588 5675 621 5688 -
635 5647 704 5702 Vitia
717 5649 829 5702 divitum
842 5657 902 5704 sunt
914 5651 1087 5716 negligentia,
1099 5653 1173 5716 gula,
1262 5677 1299 5690 -
1317 5663 1438 5706 mortuus
1457 5655 1495 5704 est
1521 5651 1612 5716 triplici
1633 5657 1717 5706 morte
1733 5651 1779 5706 Vll
1797 5651 1863 5704 419
1887 5653 1985 5704 unitim
2000 5651 2108 5714 docent,
2122 5663 2150 5702 se
2161 5649 2234 5714 ipsos
2247 5663 2298 5704 non
2319 5651 2413 5704 docent
2425 5651 2460 5702 Vl
2472 5649 2523 5702 463

537 5737 644 5802 6666616
658 5735 1174 5804 611666464644134669-44646666
1212 5741 1245 5792 47
1272 5767 1308 5782 ·-
1336 5741 1455 5806 sepultus
1480 5741 1572 5794 66446
1595 5739 1711 5804 interno,
1734 5755 1783 5806 per
1807 5741 1848 5792 de·
1886 5739 1948 5792 6.9
1973 5764 2011 5778 --
2034 5741 2062 5792 16
2090 5737 2242 5792 6664664666
2268 5737 2334 5804 legis
2360 5735 2440 5792 66664
2465 5749 2524 5792 6666

534 5827 582 5882 664
608 5825 708 5880 64644446
734 5827 823 5879 borrel
850 5819 988 5890 penuriam
1013 5829 1173 5894 paupertatis
1210 5831 1347 5884 lectionem
1365 5831 1501 5882 inlocum
1526 5829 1715 5894 suppliciorum
1740 5833 1848 5894 propter
1886 5825 2523 5890 666416664466,46644446664666464666411306

537 5915 589 5968 463
608 5913 642 5966 46
661 5941 696 5954 ·-
715 5913 793 5968 144666
810 5913 936 5980 indigenti
956 5929 1009 5968 non
1028 5915 1174 5970 66666166-
1211 5917 1316 5982 culpam
1331 5915 1488 5982 superbiae,
1517 5915 1639 5968 lasciviae
1657 5921 1687 5968 et
1714 5915 1848 5968 immiseri·
1886 5915 2220 5978 69-146646664641666
2249 5915 2282 5968 ad
2310 5915 2472 5982 disciplinam
2496 5915 2525 5966 li·

536 6017 675 6068 mosynam
687 6017 815 6068 magnum
830 6001 888 6056 16641
900 6007 1038 6068 peccatum
1056 6005 1103 6058 661
1122 6005 1172 6056 106
1211 6005 1315 6058 cordiae
1343 6003 1404 6058 ibid.
1431 6033 1469 6044 -
1494 6005 1568 6068 apud
1591 6003 1687 6056 interos
1710 6001 1848 6070 torqueba·
1885 6001 2168 6054 6661666664166699
2192 6001 2223 6052 60
2244 6005 2379 6056 -Nemo
2399 6003 2478 6056 debet
2498 6015 2525 6056 66

534 6121 572 6134 -
594 6093 755 6160 iniquitatem
776 6091 894 6158 pariunt,
911 6091 964 6144 nisi
983 6089 1173 6146 distribuantur
1211 6099 1262 6158 tur,
1279 6093 1343 6160 quia
1359 6093 1486 6146 Lazarum
1506 6105 1557 6144 non
1578 6091 1638 6144 iecit
1654 6089 1705 6142 sibi
1731 6089 1847 6142 amicum
1884 6089 2010 6142 idoneum
2027 6091 2150 6154 reputare
2168 6089 2202 6140 66
2219 6089 2335 6142 cilicium
2354 6089 2526 6156 praedicatio·

537 6181 588 6234 tot
617 6181 652 6234 44
677 6209 714 6222 -
740 6181 790 6234 Eas
818 6179 951 6234 distribuit
973 6179 1021 6248 qui
1040 6179 1174 6234 servitutis
1213 6179 1317 6234 44636
1705 6227 1706 6230 ,
1885 6173 2160 6230 nis3i-Cbristus
2174 6175 2259 6242 magis
2270 6183 2388 6242 acceptat
2401 6179 2525 6230 allectum

535 6269 651 6322 excussit
667 6269 759 6334 iugum
780 6273 807 6322 ut
826 6269 949 6320 dominus
968 6267 1014 6320 411
1037 6269 1072 6320 64
1265 6255 1304 6308 -’
1318 6267 1386 6320 64644
1402 6265 1534 6320 Abrabam
1553 6281 1569 6320 a
1588 6267 1663 6332 longe
1676 6273 1704 6320 et
1719 6269 1847 6334 quantum
1883 6263 2024 6318 doctorum
2051 6263 2086 6316 ad
2112 6263 2255 6330 discipulos
2280 6279 2362 6332 quam
2387 6271 2525 6332 parentum
2576 6263 2578 6268 ’

593 6383 626 6394 -
645 6363 690 6410 664
709 6355 752 6410 vix
765 6361 809 6410 aut
822 6369 960 6424 nunquam
972 6353 1074 6422 absque
1085 6371 1175 6410 amore
1213 6357 1246 6410 ad
1265 6357 1343 6410 situm
1361 6359 1390 6408 et
1406 6359 1535 6422 quantum
1554 6355 1589 6410 ad
1610 6359 1722 6418 statum,
1741 6353 1803 6422 qnia
1823 6355 1848 6406 in
1886 6353 1919 6404 ad
1947 6351 2014 6406 lilios
2041 6353 2091 6404 196
2121 6353 2149 6404 31
2182 6381 2217 6392 -
2245 6353 2339 6406 1466466
2365 6365 2416 6406 666
2445 6353 2524 6406 66661

539 6445 626 6498 664664
653 6443 783 6510 possideri
800 6443 837 6496 44
855 6443 891 6498 47
908 6461 936 6512 q.
955 6443 999 6498 Vll
1019 6443 1070 6496 464
1090 6443 1122 6496 43
1140 6471 1177 6484 -·
1211 6445 1271 6496 loco
1289 6443 1382 6494 intimo
1399 6448 1425 6496 et
1438 6443 1465 6496 in
1477 6443 1617 6496 allliotioue
1630 6448 1654 6495 et
1666 6449 1782 6510 egestate
1793 6447 1850 6496 erat
1887 6445 1995 6508 propter
2013 6445 2151 6506 pareutum
2170 6443 2291 6496 allectum
2312 6447 2337 6494 et
2354 6439 2524 6506 indigentiam

538 6533 675 6586 difficulter
688 6535 890 6586 contemnuntur
899 6533 942 6588 4411
953 6531 1004 6586 404
1019 6533 1178 6586 43-666-
1211 6531 1257 6584 4411
1276 6531 1329 6584 460
1347 6529 1382 6582 48
1400 6559 1435 6572 -
1454 6531 1521 6586 64644
1536 6531 1669 6584 Abraham
1689 6545 1743 6586 non
1763 6533 1796 6586 ad
1809 6545 1851 6586 so·
1888 6535 1913 6584 et
1931 6529 2129 6598 requisitionem
2154 6531 2325 6584 intermittere
2348 6529 2524 6584 eruditionem

513 6629 515 6632 '
538 6619 638 6676 cissimi
661 6619 766 6676 diuitias
792 6623 908 6688 periente
934 6627 1106 6678 contemnunt
1127 6621 1176 6674 466
1213 6621 1318 6686 latiam,
1336 6621 1384 6674 sed
1400 6623 1488 6688 potius
1508 6621 1541 6674 ad
1561 6623 1696 6676 cumulum
1709 6627 1851 6676 tormento-
1886 6619 2023 6674 doctrinae
2042 6617 2103 6676 ibid.

540 6711 575 6764 46
593 6727 628 6748 -’-
648 6709 726 6762 464466
744 6717 785 6766 664
801 6711 907 6768 divitias
932 6725 982 6784 nec
1006 6711 1104 6768 babere
1129 6725 1177 6764 666
1214 6725 1275 6764 rum
1292 6707 1355 6766 ibid.
1373 6737 1408 6752 -
1427 6711 1453 6764 in
1470 6711 1592 6778 pretiosis
1604 6713 1715 6768 excessit
1726 6711 1851 6780 inculpa,
1942 6737 1977 6752 -
1988 6711 2178 6766 Nutrimeutum
2192 6707 2528 6776 doctrinaeacquirendum

536 6813 628 6852 amare
648 6797 698 6850 464
718 6797 750 6850 43
1217 6799 1341 6854 vilissima
1359 6799 1424 6866 petit
1453 6801 1478 6854 in
1502 6815 1587 6868 poena
1604 6799 1640 6856 ib.
1655 6801 1692 6856 ts
1710 6829 1747 6840 --
1769 6801 1794 6854 in
1814 6801 1852 6854 in·
1890 6815 1939 6866 per
1957 6799 2113 6854 modestiam
2132 6799 2293 6866 paupertatis
2308 6799 2533 6866 6461666666666
