5900 8266
395 5621 460 5674 'lamp

233 5703 234 5706 =
279 5709 280 5712 ,
368 5677 458 5728 apporto

420 613 422 618 '
535 601 599 668 dltO

530 777 688 844 invenient
701 795 750 844 me
761 805 793 844 ».
809 777 982 844 Monieore
997 785 1104 858 autem
1118 777 1200 846 idem
1220 785 1281 856 est,
1294 779 1377 862 quod
1394 797 1485 846 mane

531 885 705 952 accelerare
719 887 741 964 1,
765 883 840 970 quia
863 901 953 950 mane
977 901 1108 968 surgere
1135 889 1260 968 oportet
1283 885 1322 950 ad
1346 883 1485 952 studium

532 989 718 1072 sapientiem
742 989 837 1054 isaiae
860 987 1137 1072 quinquagesimo:
1161 987 1287 1072 «Erigit
1301 989 1379 1054 mihi
1397 1007 1488 1056 mane

532 1111 656 1174 aurem,
673 1101 716 1162 ut
738 1093 862 1160 audiam
886 1111 958 1162 eum
991 1093 1082 1178 quasi
1106 1093 1336 1178 magistrum»;
1360 1097 1392 1158 et
1415 1093 1488 1160 Pro-

1028 643 1029 646 =
1108 601 1300 670 contortas.
1325 605 1363 670 IN
1385 603 1623 672 evincentem
1648 601 1764 670 thola
1789 605 1820 670 C.
1846 607 1932 674 xxti.

1549 777 1731 844 verbiorum
1763 785 1890 848 octavo:
1920 809 1935 840 a
1953 781 2064 848 Beatus
2095 777 2204 856 homo,-
2231 777 2286 862 qui
2319 775 2406 844 audit
2435 795 2505 856 me,

1550 889 1583 950 et
1605 883 1660 966 qui
1681 883 1791 968 vigilat
1812 883 1853 950 ad
1874 887 1959 952 sores
1981 901 2067 952 meas
2090 883 2228 966 quotidie
2252 889 2283 950 et
2303 883 2452 950 observat
2465 883 2507 948 ad

1550 993 1656 1072 postes
1677 987 1748 1082 ostii
1775 989 1845 1054 mei.
1869 979 1928 1074 Qui
1951 1007 2000 1054 me
2017 987 2170 1054 invenerit
2194 985 2331 1054 inveniet
2352 985 2450 1054 vitam
2474 991 2508 1054 et

1550 1091 1676 1158 hauriet
1700 1093 1833 1160 salutem
1855 1111 1874 1160 a
1898 1093 2071 1162 Domino».

1386 1299 1569 1368 Clerrunnu
1593 1301 1678 1366 XXll.

641 1471 726 1612 Pars
752 1515 811 1622 lll.
842 1517 894 1594 De
922 1513 1094 1618 passionis
1120 1511 1371 1590 medicamento

842 1639 954 1740 agitur
982 1637 1175 1740 dupliciter.

623 1837 651 1900 l.
677 1831 978 1920 appropinquabat
1000 1839 1111 1898 aretem
1136 1831 1206 1898 dies
1227 1829 1334 1918 festas
1350 1851 1487 1922 capma-

533 1957 612 2004 ram
634 1945 692 2006 etc.
719 1939 886 2024 Postquam
911 1937 1077 2004 terminata
1100 1944 1236 2022 estpars
1252 1939 1323 2018 illa,
1345 1945 1488 2024 quaeest

531 2041 570 2110 de
592 2041 803 2110 incarnatione
828 2041 938 2122 Verbi,
964 2047 993 2110 et
1018 2041 1070 2108 illa
1093 2027 1173 2128 quae
1197 2048 1244 2110 θεῖ
1268 2043 1305 2110 de
1328 2045 1486 2128 praedica-

473 2189 475 2194 κ
532 2147 614 2214 tione
638 2147 707 2214 eius
728 2153 760 2212 et
789 2147 945 2228 doctrina,
971 2149 1023 2216 hic
1044 2149 1151 2234 agitur
1172 2149 1213 2216 de
1231 2149 1407 2234 passione,
1430 2167 1486 2236 par

532 2271 627 2342 quam
652 2253 794 2320 Christus
818 2261 865 2322 est
888 2255 990 2322 hostia
1004 2255 1027 2320 2.
1043 2255 1201 2324 Dividitur
1217 2257 1323 2324 autem
1340 2275 1413 2344 pars
1427 2257 1487 2326 ista

531 2359 562 2426 in
587 2359 673 2428 duas.
699 2359 730 2426 ln
755 2377 892 2446 quarum
914 2361 1018 2446 prima
1040 2361 1145 2448 agitur
1167 2361 1207 2430 de
1228 2361 1372 2446 passione
1389 2381 1486 2447 quan-

532 2475 599 2534 tum
622 2467 662 2534 ad
683 2467 926 2544 antecede-atim
950 2469 981 2536 ln
1007 2469 1161 2550 secunda,
1185 2475 1340 2556 quantum
1356 2469 1395 2536 ad
1411 2489 1486 2536 oon-

532 2571 762 2652 comitantia,
780 2573 840 2640 ibi:
870 2571 990 2640 natu-e
1022 2593 1056 2642 eo
1089 2573 1251 2662 toqnenn,
1276 2593 1344 2642 ecca
1367 2575 1486 2654 tarda,

532 2677 612 2742 inira
637 2677 744 2746 eodem
769 2679 940 2764 capituloi.
1021 2701 1022 2704 ¹

672 2889 807 2970 Primo,
828 2891 865 2956 de
885 2889 1042 2974 passione
1067 2889 1178 2976 paoad
1201 2893 1346 2974 paataor

894 2993 1125 3058 aratecedentia.
1214 3045 1216 3052 .

622 3205 851 3268 Arttecedentio
875 3209 978 3268 autem
1004 3203 1042 3268 ad
1067 3203 1241 3286 passionem
1265 3201 1395 3270 fuerunt
1409 3219 1488 3286 qua-

532 3319 623 3388 tuor,
647 3307 764 3376 scilicet
790 3327 951 3394 perversa
980 3307 1185 3374 machinatio
1213 3307 1418 3394 proditoris,
1450 3307 1488 3376 dc

531 3433 595 3500 qua
630 3413 741 3500 primo.
777 3415 956 3482 Secundum
986 3421 1034 3480 est
1065 3413 1290 3502 dispensativa
1325 3413 1488 3482 institutio

533 3519 744 3586 Sacramentt'
759 3519 891 3600 altaria
907 3519 947 3588 de
970 3539 1033 3606 quo
1058 3521 1099 3586 ibi
1112 3523 1143 3586 4:
1176 3521 1266 3586 Venit
1285 3527 1396 3586 antem
1419 3519 1488 3586 dies

532 3643 744 3714 aapmorarn.
770 3625 909 3694 Tertium
935 3643 1011 3694 uero
1033 3631 1083 3694 θεῖ
1100 3625 1413 3712 εεθεῖῖῖεθνεεῖῖῖο
1439 3627 1488 3694 di-

531 3731 755 3820 scipaioram,
776 3733 838 3798 ibi:
863 3733 970 3798 Facta
994 3739 1041 3798 art
1056 3739 1167 3798 antem
1184 3739 1212 3798 et
1224 3733 1386 3822 contentio
1402 3733 1489 3798 irater

530 3859 593 3904 eos.
618 3841 772 3924 Quartum
795 3845 901 3906 autem
929 3845 977 3906 θεῖ
1010 3841 1126 3906 denota
1155 3839 1356 3926 snpplicatio
1376 3839 1488 3926 precis

531 3945 579 4012 ad
602 3947 723 4024 Danaa,
749 3945 810 4012 ibi:
836 3947 876 4012 Et
904 3963 1076 4032 opressus,
1111 3945 1180 4012 ibat
1210 3947 1393 4012 secandam
1417 3963 1489 4012 con-

531 4051 739 4120 suetudinem
762 4053 798 4120 in
821 4059 963 4132 orontem
990 4051 1175 4120 Oliaaram.

610 4257 723 4350 Primo,
749 4261 785 4332 de
809 4261 1044 4438 machinatiotue
1067 4261 1234 4352 proditoris
1257 4237 1406 4332 dicuntur

932 4387 996 4458 qua
1013 4387 1078 4438 nor.

621 4583 816 4650 Describitur
838 4587 944 4650 autem
960 4579 1164 4650 machinatio
1180 4581 1363 4668 proditoris
1379 4601 1490 4650 secun-

531 4689 608 4756 dum
631 4689 869 4774 quadruplicem
892 4691 1176 4774 comparationem,
1192 4691 1310 4756 scilicet
1324 4707 1382 4774 per
1404 4707 1490 4758 com-

531 4795 723 4880 parationem
749 4795 786 4862 ad
811 4795 966 4882 temporis
983 4795 1278 4880 opportunitatem,
1308 4795 1347 4862 ad
1372 4795 1489 4862 ludai-

530 4901 589 4966 'cae
613 4899 871 4968 attachinationis
903 4897 1080 4986 fraudem,
1105 4899 1143 4966 ad
1167 4899 1350 4966 diabolicae
1373 4919 1490 4986 sappe-

448 5035 449 5038 ¹
530 5005 648 5072 stionis
672 5005 939 5090 improbitatem⁵
962 5011 994 5072 θῖ
1016 5007 1056 5072 ad
1078 5005 1183 5070 latiae
1194 5005 1380 5090 proditoris
1395 5005 1489 5088 capi-
1515 5065 1516 5068 ,

532 5111 676 5178 dilatem.
701 5113 780 5178 llaec
805 5119 942 5198 quatuor
964 5111 1004 5176 ad
1027 5111 1290 5176 machinationem
1319 5109 1490 5194 proditoris

532 5215 775 5294 concurrebant;
789 5235 861 5280 nam
878 5217 1097 5300 opportunitas
1113 5215 1263 5298 temporis
1279 5233 1312 5282 se
1328 5213 1489 5294 offerebat,

532 5319 654 5386 Iudaica
677 5321 867 5404 perversitas
889 5317 1120 5398 consentiebat,
1137 5307 1290 5386 diabolica
1306 5317 1490 5404 improbitas

534 5423 722 5508 suggerebat
745 5432 775 5490 et
799 5423 928 5508 propria
950 5423 1105 5506 cupiditas
1127 5423 1314 5488 attrahebat.
1365 5461 1368 5468 ·
1473 5461 1475 5464 -

623 5533 651 5596 2.
679 5531 779 5614 (Vers.
807 5529 860 5612 l.).
883 5519 988 5596 Primo
1010 5527 1107 5614 igitur
1130 5535 1286 5614 quantum
1308 5527 1348 5596 ad
1371 5535 1488 5614 tempo-

461 5619 583 5716 ssffjsris
619 5635 896 5722 opportunitatem
931 5633 1023 5700 dicit:
1053 5633 1356 5722 appropinquatur
1377 5641 1489 5702 antem

604 6019 613 6050 ²
633 6019 693 6072 Sive
713 6023 741 6072 ut
758 6019 849 6072 Glossa
867 6017 1050 6074 interlinearis
1068 6019 1118 6072 ait:
1137 6019 1165 6074 ld
1181 6027 1234 6086 est,
1253 6035 1331 6074 mane
1349 6021 1387 6074 ire
1416 6033 1488 6076 nsce-

531 6105 637 6162 lerahat.
656 6107 707 6162 Clr.
728 6109 849 6172 August,
869 6109 918 6176 Qq.
936 6109 963 6160 in
983 6109 1062 6162 ludia.
1082 6123 1109 6176 q.
1127 6109 1171 6162 to.
1188 6139 1225 6150 -
1244 6109 1361 6164 Subinde
1379 6111 1489 6174 allegan-

533 6203 574 6250 tur
593 6199 718 6264 lsubdil,
743 6197 765 6250 i.
786 6205 811 6250 et
828 6199 908 6250 Pron.
927 6199 954 6264 8,
977 6199 1019 6252 at.
1041 6213 1098 6266 seq.

603 6285 684 6340 ²Clr.
703 6301 783 6352 supra
803 6289 921 6340 Prooem.
941 6301 969 6340 n.
987 6289 1031 6340 23.
1049 6293 1074 6340 et
1094 6301 1116 6340 c.
1137 6289 1161 6340 t.
1179 6301 1206 6340 n.
1226 6287 1251 6340 7.

604 6373 707 6428 3ῖῖεεε.
729 6373 772 6428 tt.

603 6463 708 6516 4Vers.
727 6463 754 6528 7;
775 6463 878 6516 tertium
899 6463 1010 6514 babetur
1031 6479 1056 6514 v.
1076 6463 1118 6514 2i.
1137 6469 1164 6516 εῖ
1181 6471 1305 6532 quartum
1325 6479 1351 6516 v.
1370 6465 1415 6516 39.
1464 6535 1467 6540 Δ

604 6553 716 6608 ⁵Cood.
743 6553 887 6606 Acoeti
917 6551 1149 6622 importunitatem
1176 6553 1258 6622 (idem
1287 6553 1397 6606 recurrit
1423 6553 1488 6606 inire

532 6655 558 6694 n.
578 6641 627 6708 ljp
647 6643 708 6694 vide
727 6647 813 6710 tamen
832 6641 912 6706 paulo
930 6641 1051 6706 interius,
1071 6639 1116 6694 ubi
1136 6639 1215 6694 etiam
1233 6641 1296 6694 dicti
1308 6641 1386 6694 codd.
1401 6643 1489 6706 legunt

533 6727 664 6784 diabolica
681 6727 840 6796 improbitas
857 6727 1027 6796 supperaddi.
1210 6777 1218 6802 ,

604 6813 615 6844 ⁶
632 6817 682 6868 Cir.
701 6829 782 6882 supra
800 6829 862 6880 pag.
881 6817 948 6880 538,
961 6823 1022 6870 noto
1038 6819 1078 6870 to.
1092 6819 1162 6870 Beda
1175 6801 1232 6886 (qui
1244 6817 1363 6884 seqnitur
1374 6817 1488 6880 Ηίθεοι).

534 6903 576 6954 tv.
595 6901 740 6958 Commeat.
757 6907 785 6956 in
803 6907 891 6958 llattb.
912 6907 953 6970 26,
977 6907 1019 6972 t),
1035 6907 1081 6968 tlt.
1108 6907 1134 6958 in
1159 6907 1221 6958 Luc.
1250 6909 1298 6972 22,
1319 6907 1350 6958 t:
1367 6907 1487 6970 Pascha,

1550 1513 1618 1580 dies
1642 1511 1746 1600 festas
1771 1537 1991 1606 azymorum,
2018 1517 2077 1606 pai
2097 1515 2222 1584 dicitnr
2244 1513 2385 1602 pascha.
2414 1515 2507 1582 Tem-

1549 1637 1610 1702 pus
1634 1619 1716 1686 enim
1739 1621 1903 1706 paschale,
1925 1623 1959 1688 in
1981 1639 2044 1708 quo
2069 1621 2289 1690 immolabatur
2306 1627 2419 1708 agnus,
2438 1625 2508 1688 erat

1550 1733 1765 1812 opportunum
1793 1729 1834 1794 ad
1863 1729 2068 1796 occidendum
2101 1727 2280 1808 Christum,
2305 1729 2396 1796 caius
2418 1745 2507 1796 mors

1551 1851 1608 1918 per
1632 1833 1710 1900 illud
1730 1833 1848 1918 pascha
1863 1833 2002 1918 typicum
2020 1831 2252 1918 designabatur.
2270 1831 2403 1900 Pascha
2420 1835 2505 1902 enim

1551 1939 1704 2006 transitus
1737 1945 1785 2006 est
1801 1939 1833 2016 6;
1868 1945 1899 2004 θῖ
1933 1939 2053 2004 loannis
2087 1937 2208 2004 decimo
2244 1939 2336 2006 tertio
2371 1937 2505 2004 dicitur:

1556 2071 1574 2104 a
1589 2045 1695 2110 Sciens
1718 2043 1821 2122 tosus,
1844 2041 1918 2128 quia
1943 2043 2027 2110 venit
2049 2041 2130 2110 bora
2151 2041 2238 2122 eius,
2256 2047 2290 2108 ut
2308 2047 2447 2108 transeat
2461 2059 2505 2110 ex

1550 2149 1610 2218 boc
1634 2149 1752 2216 mundo
1774 2149 1814 2214 ad
1837 2149 1959 2214 Patrem
1974 2175 2007 2214 a.
2030 2149 2091 2216 llao
2126 2147 2221 2236 igitur
2254 2147 2303 2214 die
2336 2147 2507 2234 appropin-

1549 2262 1684 2344 quante,
1709 2257 1740 2322 in
1765 2273 1828 2340 qua
1849 2255 1981 2322 debebat
2006 2255 2110 2324 oilerri
2127 2273 2242 2340 agnus,
2265 2255 2345 2322 lacta
2369 2261 2415 2322 θεῖ
2439 2273 2505 2322 ma-

1549 2363 1686 2454 chinatio
1710 2355 1880 2448 proditoris
1902 2379 1959 2448 per
1981 2363 2114 2430 biduum
2132 2368 2220 2444 ante,
2238 2363 2408 2430 secundum
2427 2363 2506 2430 illud

1549 2471 1696 2536 Matthaei
1719 2471 1869 2556 vigesimo
1886 2477 1975 2538 sexto
1988 2473 2016 2538 ⁷:
2044 2497 2061 2530 «
2074 2467 2271 2556 ScitiS,‘quia
2286 2479 2358 2556 post
2373 2469 2507 2538 biduum

1549 2577 1666 2660 pascha
1689 2575 1761 2656 fiet,
1782 2583 1815 2642 θῖ
1836 2575 1932 2642 Filius
1961 2577 2097 2644 hominis
2129 2577 2288 2656 tradetur,
2320 2585 2357 2644 ut
2381 2575 2506 2644 crucifi-

1550 2689 1643 2766 gatur
1657 2707 1690 2746 n.
1714 2681 1800 2746 Unde
1823 2681 1997 2746 secundum
2012 2683 2173 2748 historiam
2191 2683 2399 2764 euangelicam
2416 2683 2507 2748 Chri-

1550 2793 1618 2852 stus
1642 2785 1674 2850 in
1704 2785 1755 2850 die
1783 2785 1907 2850 Sabbati
1932 2787 2016 2852 uenit
2037 2785 2238 2864 Bethaniam,
2261 2787 2315 2852 ubi
2350 2787 2431 2854 iacta
2457 2793 2508 2854 θεῖ

1550 2889 1578 2956 ei
1601 2907 1707 2968 coena,
1731 2887 1904 2956 secundnm
1928 2889 2007 2956 illud
2028 2889 2148 2956 loannis
2169 2891 2368 2956 duodecimo:
2396 2917 2413 2950 «
2429 2891 2505 2958 tute

1550 3011 1608 3060 sex
1632 2993 1698 3058 dies
1719 2993 1853 3076 paschae
1880 2995 1962 3060 venit
1986 2994 2070 3062 lesus
2093 2993 2292 3074 bethaniam,
2325 2995 2380 3062 ubi
2411 2995 2504 3062 Laza-

1550 3113 1607 3162 rus
1631 3095 1734 3162 fuerat
1759 3103 1947 3164 mortuus».
1976 3125 1994 3158 e
2008 3099 2160 3166 Fecerunt
2184 3105 2289 3166 autem
2313 3099 2338 3166 ei
2375 3117 2503 3166 coenam

1552 3201 1591 3268 ibi
1611 3229 1628 3262 ε
1655 3209 1713 3270 θῖθ.
1751 3205 1781 3268 ln
1817 3203 1866 3270 die
1895 3211 2003 3270 autem
2036 3205 2180 3290 sequenti
2213 3205 2301 3272 uenit
2333 3205 2503 3274 Ierusalem

1551 3316 1581 3376 et
1602 3313 1757 3394 exceptus
1779 3315 1828 3376 θεῖ
1853 3327 1927 3376 cum
1959 3329 2071 3394 magno
2102 3311 2232 3396 gaudi03
2263 3311 2348 3378 unde
2382 3311 2505 3378 loannis

1550 3415 1776 3508 duodecimoss:
1813 3415 1876 3480 «ln
1910 3415 2082 3484 crastinum
2117 3423 2222 3484 autem
2258 3419 2352 3484 turba
2387 3419 2504 3498 multa,
2547 3435 2577 3458 ’κ

1551 3539 1632 3608 quae
1653 3529 1782 3590 venerat
1806 3521 1844 3588 ad
1868 3521 1950 3588 diem
1973 3523 2106 3604 festum,
2121 3541 2200 3590 *cnm
2225 3523 2403 3604 audissent,
2432 3523 2506 3608 quia

1550 3631 1636 3696 lesus
1658 3627 1745 3694 venit
1766 3629 1952 3706 ierusalem,
1976 3637 2166 3712 acceperunt
2192 3647 2298 3696 ramos
2328 3631 2504 3714 palmarum

1551 3741 1581 3802 et
1617 3739 1837 3822 processerunt
1874 3733 1997 3802 obviam
2030 3735 2060 3802 ei
2080 3761 2112 3802 ε.
2139 3735 2260 3806 Diebus
2297 3735 2422 3802 duobus
2454 3751 2520 3802 ser

1551 3841 1720 3928 quentibus
1751 3841 1781 3906 io
1815 3841 1932 3926 templo
1961 3841 2084 3920 docuit;
2117 3841 2147 3906 io
2181 3841 2232 3908 die
2261 3841 2410 3908 Mercurii
2441 3847 2505 3906 tra-

1551 3953 1668 4014 ctatum
1692 3953 1740 4012 est
1762 3947 1801 4014 de
1823 3945 2015 4030 proditione,
2040 3955 2070 4012 et
2093 3943 2220 4014 in'sero
2243 3946 2398 4014 dieiloris
2422 3963 2505 4012 com-

1551 4055 1746 4140 prehensus,
1769 4061 1802 4120 et
1831 4055 1864 4120 in
1893 4053 1944 4120 die
1967 4053 2115 4140 solemni,
2138 4053 2256 4120 scihcet
2287 4053 2337 4120 die
2360 4053 2504 4134 Veneris,

1552 4159 1726 4228 crucifixus
1749 4165 1806 4228 est.
1829 4159 1867 4226 Et
1888 4159 1932 4226 ita
1954 4159 2246 4246 appropinquante
2267 4157 2351 4246 festo
2367 4177 2505 4252 azpmo-

1552 4285 1629 4332 rann
1652 4267 1761 4334 debuit
1786 4267 1884 4344 tradi,
1909 4265 1941 4330 iu
1955 4281 2020 4348 quo
2036 4265 2103 4348 ipse
2122 4263 2319 4348 disposuerat
2343 4265 2423 4350 pati;
2447 4281 2505 4332 uec

1552 4373 1634 4438 enim
1658 4377 1731 4438 ante
1754 4371 1868 4456 aliquis
1901 4371 2004 4456 potuit
2034 4369 2066 4436 in
2089 4377 2222 4438 mortem
2246 4371 2314 4438 eius
2339 4369 2505 4438 efficaciter

1552 4477 1743 4558 machinari,
1766 4477 1860 4564 quia,
1881 4477 2007 4562 quando
2030 4477 2196 4562 disposuit,
2222 4493 2333 4562 passus
2356 4475 2432 4554 luit,
2457 4493 2505 4542 se-

1515 4661 1516 4664 ,
1551 4585 1691 4652 cundum
1709 4583 1793 4650 illud
1814 4583 1936 4652 loannis
1959 4583 2130 4666 septimun:
2162 4583 2285 4648 «Nemo
2306 4581 2391 4648 misit
2415 4581 2445 4646 in
2470 4581 2506 4646 il-

1553 4691 1619 4756 lum
1641 4707 1785 4768 inanum,
1809 4689 1884 4774 quia
1907 4687 2046 4754 nondum
2080 4693 2209 4756 venerat
2235 4687 2312 4752 hora
2336 4685 2403 4752 eius
2420 4711 2450 4766 »3
2475 4693 2506 4752 et

1553 4795 1674 4862 loannis
1688 4795 1824 4860 decimo:
1844 4819 1860 4852 «
1872 4791 2169 4858 Potestatemhabeo
2180 4789 2315 4872 ponendi
2327 4807 2396 4854 eam
2408 4815 2424 4848 ε
2445 4795 2503 4856 θῖε.

1597 4891 1598 4894 '
1640 4901 1671 4966 3.
1695 4899 1797 4978 (Vers
1824 4903 1879 4982 2).
1918 4897 2058 4964 Secundo
2089 4903 2242 4982 quantum
2277 4891 2315 4960 ad
2348 4895 2670 4976 ladaicacneqaqmp

1551 5003 1808 5070 machinationis
1822 5001 1983 5088 siaadam
1998 5001 2120 5068 subdit:
2141 5003 2178 5066 Εῖ
2194 4999 2397 5088 quaerebant
2409 5001 2505 5088 prin·
2542 4965 2670 5062 iiiiii¹⁰¹¹¹³

1552 5113 1638 5194 cipes
1661 5111 1873 5176 sacerdotnm
1897 5117 1926 5174 et
1947 5107 2088 5188 scribae,
2119 5109 2280 5194 quomodo
2312 5109 2421 5174 lesam
2452 5109 2502 5176 in-

1552 5215 1742 5300 terficerent.
1782 5213 1956 5298 Principes
1986 5213 2197 5278 sacerdotnm
2229 5209 2440 5298 quaerebant,
2473 5215 2505 5280 in

1552 5319 1669 5404 quihus
1690 5317 1822 5386 debebat
1858 5335 1925 5384 esse
1958 5315 2175 5404 praerogativa
2210 5317 2398 5398 sanctitatis;
2421 5317 2505 5386 unde

1552 5423 1649 5488 Exodi
1674 5421 1823 5508 vigesimo
1847 5429 1956 5490 octavo
1970 5423 2013 5488 1⁰:
2042 5423 2276 5492 «consecrabis
2291 5443 2404 5492 manus
2425 5423 2505 5490 tilio-
2532 5413 2534 5416 ’

1552 5545 1623 5596 rum
1647 5529 1747 5596 baron
1772 5535 1803 5596 θῖ
1834 5529 2041 5600 sanctificabis
2071 5551 2138 5612 eos,
2164 5538 2199 5598 ut
2234 5531 2406 5600 sacerdotio
2432 5531 2505 5596 iun-

1552 5639 1668 5734 gantur
1689 5633 1766 5700 mihi
1785 5661 1813 5700 t.
1832 5635 1890 5702 Sed
1911 5641 2034 5722 poterat
2048 5637 2107 5704 dici
2123 5637 2168 5706 eis
2183 5637 2262 5706 illud
2278 5639 2371 5706 isaiae
2387 5637 2504 5726 primo:
2536 5671 2539 5680 =

1552 6021 1622 6088 quod
1643 6019 1770 6074 Hebraico
1788 6019 1881 6072 dieitur
1898 6019 1995 6090 phase,
2016 6037 2067 6076 non
2087 6037 2102 6076 a
2125 6021 2259 6088 passione,
2280 6031 2307 6074 ut
2333 6021 2451 6088 plerique
2468 6035 2507 6072 ar·

1553 6109 1694 6176 bitrootnr,
1715 6109 1761 6164 sed
1778 6125 1794 6162 a
1812 6111 1923 6164 transitu
1942 6111 2103 6174 nominatur,
2121 6111 2237 6178 eoquod
2251 6109 2448 6174 exterminator,
2466 6109 2506 6160 ri-

1552 6199 1618 6252 dens
1637 6199 1792 6264 sanguinem
1811 6199 1838 6250 in
1856 6199 1957 6252 loribus
1980 6201 2167 6268 israelitorum,
2182 6199 2364 6266 pertransierit
2384 6211 2430 6250 nec
2450 6211 2508 6262 per·

1552 6289 1663 6342 crisserit
1679 6303 1738 6352 eos,
1758 6289 1800 6340 vet
1819 6289 1875 6354 ipse
1896 6289 2020 6342 Dominus
2039 6289 2167 6356 praebens
2186 6289 2311 6362 auxilium
2332 6287 2428 6352 populo
2449 6301 2505 6352 sac,

1520 6339 1524 6426 Ι
1553 6379 1666 6442 desuper
1683 6377 1831 6442 anibularit.
1850 6405 1886 6418 -
1905 6379 2027 6446 Sequitur
2044 6379 2113 6432 loen.
2135 6379 2181 6440 ta,
2203 6379 2226 6430 t.

1623 6463 1634 6496 ⁷
1655 6467 1728 6518 Vere.
1748 6469 1774 6518 2.
1790 6493 1827 6506 -
1847 6465 1963 6520 Subinde
1980 6469 2124 6532 allegantur
2144 6467 2214 6516 loen.
2232 6465 2280 6530 t2,
2300 6463 2326 6514 i.
2345 6469 2370 6514 et
2390 6467 2414 6518 2.

1622 6551 1633 6582 ⁸
1655 6555 1728 6608 t'ers.
1748 6555 1789 6606 t2.
1808 6569 1863 6622 seq.
1884 6557 1932 6608 Pro
1952 6557 2062 6608 uenerat
2080 6559 2104 6606 et
2122 6549 2261 6606 audissent
2279 6549 2362 6604 CDll
2383 6565 2506 6610 contrane·

1551 6643 1598 6694 rat
1615 6649 1642 6694 et
1660 6643 1787 6696 audisset.

1621 6727 1727 6784 9ῖῖθεε.
1745 6733 1794 6796 30,
1814 6739 1873 6798 post
1893 6745 1972 6800 quern
2002 6733 2047 6794 ῖθ,
2078 6731 2119 6780 ts.
2138 6757 2170 6766 -
2192 6729 2318 6794 Superius
2346 6733 2405 6786 liet.
2432 6733 2508 6788 omit·

1551 6817 1581 6870 tit
1595 6817 1664 6886 pati.
2208 6867 2211 6874 .
2352 6821 2354 6824 ’

1622 6907 1739 6960 10ῖῖθεε.
1760 6907 1787 6958 li
1797 6943 1805 6970 ,
1825 6907 1866 6958 oui
1886 6903 2052 6968 subiungitur
2072 6905 2127 6956 lsai.
2150 6905 2170 6972 l,
2192 6907 2232 6960 id.
