5908 8266
695 625 762 680 xxa
1076 533 1486 608 mcouunuxnoss
1509 533 1737 608 4644446444
2341 545 2405 636 rso

410 719 438 766 et
449 711 539 778 virgo,
554 713 622 768 Deus
634 719 660 768 et
673 715 753 768 homo
765 717 800 770 Vl
813 715 866 768 548
879 715 894 768 4
908 743 941 754 -·
951 713 1052 770 Omnes
1088 717 1143 780 luit,
1154 717 1215 784 qula
1226 715 1359 770 Christum
1369 715 1483 782 gestarit
1494 715 1519 768 in
1534 729 1620 778 carne,
1631 729 1728 770 verum
1819 745 1857 758 -
1873 721 1901 772 ln
1921 721 2035 774 thalamo
2051 635 2119 776 1411111
2138 723 2275 788 virginalis
2293 721 2408 776 celebra·

410 803 560 854 allectiones
571 803 666 856 1144144
686 803 792 858 64414444
805 811 879 858 44444
895 803 1051 858 informatae
1087 803 1196 868 beatior,
1205 805 1268 872 qnia
1279 805 1468 872 perfectissime
1478 803 1591 872 gestavit
1603 803 1628 856 in
1640 809 1729 858 mente
1764 809 1806 858 tae
1823 811 1884 860 sunt
1904 809 2010 872 nuptiae
2036 809 2103 872 Agnl
2131 811 2174 862 Vll
2198 811 2249 862 362
2272 813 2302 864 46
2320 839 2364 876 ¹-¹
2375 813 2406 864 ln

410 889 581 944 1616--4614
599 893 683 946 41146
701 893 831 946 64444414
852 893 1052 946 conversatione
1087 889 1151 946 1616.
1172 893 1221 944 297
1247 895 1281 944 62
1300 923 1335 932 -
1362 893 1530 960 praedicatur
1556 891 1646 956 beata,
1666 893 1728 960 quia
1763 893 1876 946 thalamo
1897 895 1963 946 uteri
1982 895 2115 962 virginalis
2134 905 2348 950 consummatum
2364 903 2406 950 est

410 977 489 1034 bonis
506 979 720 1046 cogitationibus,
742 981 835 1034 sanctis
855 979 1050 1046 allectionibus,
1087 981 1170 1034 hlater
1187 981 1243 1034 Filii
1261 981 1311 1034 Dei
1322 983 1374 1034 296
1387 983 1431 1050 59,
1444 983 1480 1036 66
1492 1011 1528 1023 -
1541 983 1635 1036 dicitnr
1649 981 1725 1036 beata
1764 983 1960 1036 matrimonium
1986 983 2052 1034 iuter
2080 983 2196 1036 divinam
2218 989 2241 1036 44
2259 969 2407 1038 humanam

410 1069 535 1124 virtuosis
549 1069 675 1136 64444664
692 1067 755 1122 ibid.
766 1073 842 1124 -ln
857 1071 1051 1136 comparatione
1086 1069 1432 1136 446444414644416444416
1451 1073 1482 1124 64
1763 1069 1883 1124 naturam
1913 1075 1938 1124 et
1966 1073 2033 1124 inter
2058 1069 2191 1124 Christum
2217 1074 2241 1124 et
2259 1073 2403 1126 Ecclesiam

410 1157 498 1210 1644414
524 1159 630 1214 Domini
659 1157 731 1210 nulla
758 1157 890 1212 invenitur
918 1163 1051 1228 perlecta,
1139 1185 1177 1196 -
1194 1159 1221 1210 ln
1241 1159 1319 1210 llaria
1339 1157 1467 1214 habitavit
1481 1161 1615 1226 plenitudo
1628 1161 1729 1214 Divini·
1763 1157 1825 1216 1616.

410 1253 654 1314 quantumcumque
669 1245 810 1300 virtutibus
824 1247 920 1300 eximia
933 1261 1052 1314 compro·
1087 1247 1146 1300 tatis
1172 1247 1343 1310 corporaliter
1367 1247 1401 1300 Vl
1426 1247 1582 1300 5382-
1601 1251 1672 1304 11664
1688 1253 1730 1304 est
1816 1275 1854 1288 ··-
1871 1247 2003 1302 credendo
2031 1247 2151 1312 concepit
2177 1253 2219 1302 44
2230 1217 2404 1314 concipiendo

409 1331 488 1388 betur
507 1337 548 1388 Vll
576 1333 629 1388 277
647 1333 821 1394 89-14444
843 1337 966 1388 mulieres
994 1337 1051 1400 ipsa
1088 1335 1209 1388 14616414
1232 1335 1364 1388 excellenti
1382 1341 1410 1388 et
1432 1337 1557 1402 singulari
1575 1337 1658 1392 modo
1676 1343 1729 1392 tan·
1764 1337 1953 1392 beatitudinem
1982 1335 2106 1390 omnibus
2133 1333 2254 1402 gentibus
2274 1341 2405 1478 quantuen

410 1424 465 1476 sola
490 1427 527 1478 est
554 1423 650 1488 optima
677 1435 725 1488 per
749 1424 930 1478 omnimodam
958 1437 1052 1490 super·
1087 1437 1170 1492 quam
1188 1421 1516 1490 44446444644644446416
1536 1427 1579 1478 Vll
1599 1427 1631 1478 22
1646 1427 1728 1480 48-
1764 1427 1800 1480 46
1817 1425 1998 1504 4666444644
2018 1425 2124 1490 protulit
2154 1423 2357 1504 7113685-

407 1509 552 1564 abundant
534 1515 596 1564 ham
615 1507 679 1564 ibid.
904 1559 906 1562 .
1086 1511 1132 1566 Dei
1151 1511 1244 1564 Filium
1262 1511 1377 1578 suscepit
1398 1511 1429 1562 Vl
1448 1511 1538 1564 5494
1697 1555 1698 1560 .
1763 1501 1934 1588 conceptione
1952 1515 1999 1568 luit
2013 1495 2180 1596 magnificata
2199 1517 2225 1564 et
2241 1513 2403 1568 sanctiticata

383 1653 385 1658 ,
461 1601 564 1652 -1614
581 1601 786 1664 444146414414444
810 1601 879 1656 41444
903 1603 1005 1658 activae
1023 1609 1051 1678 et
1138 1627 1176 1640 -
1193 1601 1290 1654 dieitur
1307 1601 1404 1652 domus
1423 1601 1469 1652 liei
1496 1605 1607 1664 propter
1631 1599 1727 1654 Christi
1764 1607 1797 1658 32
1808 1607 1889 1658 93
1903 1603 2041 1658 laudabrhs
2050 1601 2131 1656 464444
2146 1601 2327 1680 concipiendo,
2339 1601 2403 1668 qnia

410 1687 629 1754 contemplativae
646 1689 691 1744 Vll
710 1689 762 1742 276
781 1691 865 1744 75-
876 1693 925 1744 644
936 1705 1050 1746 maxime
1087 1691 1302 1766 conceptionem,
1319 1693 1396 1766 46444
1415 1693 1524 1766 4464444
1548 1687 1641 1742 Christi
1670 1703 1728 1754 par·
1763 1693 1815 1746 lide
1835 1693 1957 1760 concepit
1976 1693 2028 1748 297
2047 1693 2091 1758 62,
2108 1689 2405 1758 63-suscep1tChr1

409 1777 612 1844 contemplativa
630 1779 683 1846 277
700 1781 790 1832 79-
808 1781 955 1848 4444444444
974 1781 1050 1844 abys·
1087 1787 1157 1846 4664,
1176 1781 1245 1832 46414
1262 1783 1523 1844 4464444446464644
1537 1775 1570 1850 46
1584 1777 1670 1828 414644
1682 1779 1727 1830 Vll
1763 1783 1859 1834 slum'
1853 1797 1878 1834 m
1907 1783 2020 1836 thalamo
2047 1781 2166 1848 corporis
2189 1787 2217 1832 et
2241 1779 2269 1832 in
2288 1781 2403 1832 thalamo

322 1919 323 1924 ,
409 1881 468 1922 4646
489 1867 595 1922 divinae
614 1871 770 1934 sapientiae,
792 1873 955 1938 ultraquam
977 1869 1049 1922 444414
1087 1869 1122 1922 27
1139 1869 1231 1922 76-
1248 1869 1297 1922 4614
1313 1869 1442 1934 templum
1469 1847 1555 1922 41146
1574 1865 1727 1920 dedicatum
1763 1855 1920 1924 6644414276
1939 1871 1975 1922 76

410 1957 495 2010 valeat
512 1955 575 2012 1616.
592 1987 629 1999 -
645 1959 834 2012 perfectissime
855 1963 879 2010 et
891 1959 993 2022 integre
1005 1957 1050 2008 da·
1087 1959 1113 2008 in
1130 1959 1335 2012 sanctificatione
1365 1957 1396 2008 Vl
1422 1955 1474 2008 548
1502 1953 1572 2006 l-
1592 1955 1638 2006 luit
1666 1961 1728 2006 lem-
1816 1943 1990 2024 -concepit
2015 1961 2097 2024 intra,
2123 1959 2186 2012 nihil
2215 1961 2344 2026 recipiens
2367 1957 2404 2012 ab

409 2047 533 2100 46464644
561 2049 583 2098 ei
611 2049 682 2114 quod
710 2059 758 2110 per
788 2051 874 2112 partes
900 2045 996 2096 hlariae
1023 2051 1050 2098 et
1086 2045 1193 2108 416644
1214 2047 1267 2096 lieo
1294 2043 1467 2096 inhabitatam
1494 2043 1522 2096 in
1547 2041 1728 2096 incarnatione
1763 2045 2404 2102 444447412555·-7144644444144144466446-

409 2135 523 2188 hiarthae
544 2133 593 2190 276
614 2135 646 2186 76
667 2159 702 2172 -
722 2133 747 2184 14
765 2133 844 2186 Maria
858 2131 1049 2198 perfectissime
1086 2129 1137 2184 549
1160 2131 1175 2184 4
1763 2131 1852 2186 brevit
1867 2135 1902 2198 ei,
1919 2147 1953 2186 ne
1972 2135 2079 2186 sentiret
2104 2135 2344 2198 concupiscentiam
2366 2135 2403 2190 ib.

409 2225 513 2274 46644444
531 2221 651 2274 divinum
672 2219 822 2284 hospitium,
834 2219 1009 2272 ministerium
1022 2225 1050 2274 et
1138 2219 1323 2284 -designata
1339 2219 1384 2274 luit
1398 2233 1445 2286 per
1459 2219 1570 2282 scalam,
1585 2231 1631 2284 per
1645 2231 1725 2286 quam
1764 2223 1797 2274 62
1809 2247 1848 2262 -
1859 2219 2062 2288 6646444166444
2077 2225 2132 2276 4144
2145 2223 2214 2276 virili
2226 2225 2325 2278 semine
2339 2225 2405 2290 figu-

317 2321 319 2328 ’
410 2309 613 2362 contubernium
636 2305 673 2362 16.
697 2307 734 2360 77
751 2337 788 2346 -
805 2307 856 2360 sub
873 2307 980 2360 nomine
996 2309 1050 2360 lla
1085 2309 1180 2372 Angeli
1206 2307 1436 2364 ascendebantt
1412 2313 1436 2360 et
1464 2307 1661 2362 descendebant
1682 2307 1726 2360 Vll
1762 2309 1832 2362 44414
1850 2309 1925 2374 virga
1943 2309 2031 2376 Aaron
2034 2323 2127 2376 quae
2140 2311 2241 2364 6644444
2234 2319 2365 2378 664444
2366 2327 2403 2366 lo·

410 2411 464 2450 nae
476 2405 501 2450 et
513 2399 628 2450 hlarthae
641 2397 843 2450 commendatur
861 2397 949 2464 quoad
965 2397 1050 2448 malti
1087 2395 1120 2450 27
1138 2395 1174 2450 76
1192 2425 1229 2438 -·-
1246 2403 1287 2450 est
1304 2403 1379 2462 porta
1400 2397 1560 2466 caclx‚quod
1573 2397 1661 2450 nullus
1672 2403 1728 2462 pot
1762 2411 1823 2450 nem
1844 2399 1899 2450 sine
1923 2397 2033 2452 libidine
2064 2399 2158 2464 robus,
2181 2399 2228 2466 qui
2260 2415 2310 2478 non
2334 2415 2404 2454 com·

408 2486 527 2540 tudinem
546 2485 792 2552 praerogativarum
809 2483 958 2540 27786-
971 2485 1050 2550 elegit
1085 2489 1125 2540 est
1142 2485 1252 2552 intrare,
1271 2485 1320 2540 nisi
1341 2499 1414 2552 4444
1407 2485 1512 2538 61444444
1533 2491 1646 2540 44444444
1664 2483 1727 2540 illd.
1763 2487 1910 2542 644464464
1920 2483 1956 2540 46
1970 2489 2048 2540 63-
2061 2475 2200 2542 146646444
2214 2471 2307 2544 4144644
2321 2489 2403 2556 Spiri-

408 2577 537 2642 optimam
557 2581 657 2642 partem
678 2579 702 2628 44
722 2573 748 2626 44
767 2573 851 2640 gratia
869 2575 919 2628 44
913 2589 938 2626 44
967 2573 1121 2640 gloria—
1139 2577 1210 2630 Deus
1229 2573 1262 2628 ad
1282 2589 1329 2628 nos
1349 2575 1422 2628 44444
1439 2589 1488 2640 444
1505 2573 1625 2642 blaciam,
1640 2581 1728 2650 44444
1763 2583 1804 2632 464
1823 2567 1906 2632 sancti
1922 2591 1977 2630 non
1995 2579 2098 2642 prolem
2116 2579 2168 2630 viri
2177 2579 2335 2648 generavit,
2354 2581 2403 2634 sed

410 2663 525 2720 1611.-
546 2669 572 2720 44
592 2667 649 2718 4164
669 2665 828 2720 assumtione
848 2663 1049 2732 appropriatum
1085 2667 1172 2734 ipsam
1199 2681 1249 2720 nos
1277 2669 1380 2732 oportet
1409 2663 1541 2718 redirem
1558 2665 1644 2718 114644
1664 2663 1725 2720 ibid.
1763 2666 1864 2732 prolem
1883 2665 1938 2730 Dei,
1958 2679 2011 2720 non
2025 2653 2203 2740 peccatorem,
2216 2669 2264 2720 sed
2276 2669 2403 2722 Sanctum

410 2753 456 2808 luit
485 2755 656 2820 Evangelium
681 2753 776 2808 4444444
800 2759 823 2808 44
852 2755 967 2808 61444644
993 2767 1049 2808 non
1086 2759 1187 2810 -Per
1205 2753 1311 2810 Mariam
1342 2753 1521 2806 accedendum
1541 2761 1579 2808 est
1604 2755 1638 2808 ad
1657 2753 1727 2810 Chri·
1762 2753 1797 2810 ib.
1815 2755 1905 2808 bl—
1923 2753 2072 2822 Conceptus
2091 2755 2208 2822 Virginis
2231 2771 2311 2824 supra
2332 2763 2403 2810 natu·
2421 2755 2422 2758 ’

409 2859 456 2910 444
477 2847 618 2898 humanam
637 2843 828 2908 inventionem,
849 2845 896 2898 scd
916 2857 963 2912 per
981 2843 1050 2898 divi·
1086 2853 1170 2912 stum,
1189 2847 1250 2912 quia
1275 2843 1374 2898 invenit
1403 2845 1514 2912 gratiam
1541 2845 1613 2910 apud
1640 2845 1725 2898 Deum
1761 2859 1819 2898 ram
1839 2843 2001 2910 figurabatur
2021 2849 2046 2898 et
2063 2843 2195 2898 credibilis
2215 2843 2292 2900 14644
2311 2859 2403 2900 conce·

410 2947 472 2984 nam
491 2933 687 2998 inspirationem
705 2931 769 2986 1616.
1086 2935 1119 2988 62
1139 2933 1174 2988 37
1762 2941 1809 3002 446
1829 2935 1955 2992 4444141644
1974 2933 2009 2988 14.
2032 2933 2118 2986 55·-
2144 2935 2180 2988 De
2200 2935 2298 2988 4446444
2317 2935 2404 3000 Virgi-

463 3023 617 3074 -4444414
633 3021 744 3086 gratiam
773 3023 906 3076 electionis
924 3027 948 3076 et
968 2999 1050 3088 perle-
1138 3053 1175 3062 -
1193 3023 1219 3074 44
1238 3023 1407 3090 suscipiendo
1425 3021 1556 3078 Christum
1577 3023 1623 3076 1644
1637 3025 1726 3076 644441
1762 3027 1802 3078 nis
1821 3025 1908 3090 potuit
1923 3023 2028 3090 concipi
2045 3023 2091 3092 qul
2109 3023 2223 3076 6414444
2239 3025 2295 3078 eins
2318 3025 2405 3090 46644

411 3107 504 3164 cilonis
521 3113 549 3160 et
565 3109 776 3174 desponsationis
795 3117 822 3164 ul
835 3125 939 3176 sponsa
957 3113 1005 3164 Dei
1024 3117 1050 3164 et
1086 3115 1140 3166 lum
1161 3113 1278 3166 turribus
1296 3113 1424 3166 virtutum
1447 3113 1580 3168 munitum
1599 3119 1623 3166 44
1643 3113 1726 3166 44444·
1762 3113 1854 3168 4644144
1873 3113 1925 3166 297
1946 3113 1974 3164 64

410 3197 1050 3266 6444446111441446112364-4444414444·
1087 3207 1143 3254 tum
1163 3201 1206 3254 Vll
1227 3203 1278 3254 276
1298 3201 1332 3254 77
1351 3229 1386 3242 -
1406 3201 1490 3254 Prima
1509 3203 1566 3254 eius
1586 3203 1726 3258 4644144614
1814 3231 1852 3242 -
1868 3215 1929 3256 cunr
1949 3201 2403 3268 esseillaterbomlni‚dignatione

411 3287 474 3338 tiam
494 3293 602 3352 propter
628 3287 802 3340 humilitatem
830 3293 857 3342 et
874 3289 1051 3342 mansuetudi·
1086 3289 1211 3344 fortitudo
1230 3291 1411 3358 districtionis,
1428 3291 1490 3356 qxria
1509 3293 1581 3344 nullo
1601 3291 1724 3356 vitlopo·
1762 3289 1910 3344 admirabili
1928 3291 2045 3344 visitavit
2057 3289 2175 3344 ancillam
2190 3289 2235 3342 Dei
2257 3291 2298 3344 Vll
2319 3293 2397 3344 2984
2462 3275 2466 3280 ’

314 3361 318 3374 ’
377 3395 378 3398 ¹
412 3389 474 3428 nem
494 3373 526 3426 24
548 3373 579 3428 51
600 3401 634 3414 ·-·
653 3389 700 3440 444
714 3377 885 3428 humilitatem
899 3391 928 3428 se
945 3377 981 3430 ad
994 3391 1050 3442 gra·
1088 3377 1134 3432 4644
1154 3379 1283 3446 44444444,
1301 3379 1417 3430 4666464
1444 3379 1573 3432 rectitudo
1594 3379 1727 3432 discretio·
1761 3379 1926 3432 -surrexit
1945 3379 2075 3444 diluculo,
2094 3383 2121 3432 ut
2151 3377 2306 3432 ministraret
2327 3379 2403 3434 Elisa·

411 3465 474 3518 tiam
485 3463 642 3526 singularem
656 3465 824 3530 praeparavit
838 3465 870 3516 26
884 3465 1051 3518 abnuens
1088 3465 1140 3532 nis,
1169 3467 1243 3518 tertia
1271 3465 1412 3518 mullitudo
1438 3465 1590 3518 devotionis
1616 3471 1726 3530 propter
1761 3467 1825 3518 beth
1844 3467 1944 3518 444444
1963 3467 2041 3520 646414
2060 3469 2094 3518 26
2114 3467 2403 3522 72-46144444464·

411 3553 524 3618 respexit
538 3553 643 3614 blaciam
658 3557 764 3618 propter
779 3551 951 3608 humilitatem
967 3555 994 3606 31
1013 3555 1048 3606 96
1089 3553 1254 3608 661646144444
1284 3553 1443 3618 devolionis,
1471 3555 1493 3606 in
1514 3567 1567 3622 qua
1586 3553 1727 3608 excellebat
1763 3561 1823 3608 tana
1852 3557 1887 3608 ad
1914 3555 2100 3620 explorandam
2130 3555 2267 3608 veritatem
2285 3555 2348 3610 ibid.
2365 3585 2403 3598 -

411 3671 445 3684 -
464 3643 564 3696 invenit
581 3641 693 3706 gratiam
713 3643 957 3696 etmisaricordiam
971 3657 1051 3708 super
1088 3641 1150 3698 1616.
1169 3671 1203 3682 -
1223 3645 1289 3696 14444
1305 3648 1359 3696 4444
1376 3647 1463 3698 464444
1481 3643 1508 3696 44
1533 3643 1610 3698 414414
1639 3643 1726 3696 44646·
1762 3659 1821 3698 eam
1841 3659 1896 3696 non
1912 3643 2055 3698 retardavit
2075 3645 2133 3698 viae
2153 3643 2279 3724 asperitas
2296 3659 2346 3700 nec
2364 3647 2403 3700 iti·

411 3747 502 3786 omnes
521 3731 670 3784 mulieres'
664 3745 688 3782 m
709 3737 852 3798 conspectu
870 3731 916 3784 Dei
935 3731 971 3786 27
989 3731 1023 3786 76
1089 3737 1162 3786 44444
1179 3731 1313 3786 16446444
1327 3731 1386 3798 8444
1388 3733 1424 3786 446
1437 3739 1528 3786 444646
1546 3745 1595 3798 per
1613 3731 1725 3796 gratiam
1762 3733 1833 3786 44414
1850 3733 1997 3800 prolixitas,
2018 3745 2065 3784 646
2078 3749 2103 3784 44
2117 3733 2210 3786 4444444
2222 3733 2280 3788 lecit
2297 3749 2402 3788 moram

463 3851 499 3858 -
518 3825 559 3872 est
549 3819 694 3872 atrxrabilis
713 3829 819 3886 propter
834 3821 956 3874 honitatis
970 3821 1051 3888 pleni·
1089 3835 1169 3888 super
1185 3827 1239 3892 tres
1263 3821 1393 3886 potentias
1412 3821 1515 3872 animae
1534 3819 1645 3874 1166.-
1608 3821 1726 3888 —quin
1761 3821 1871 3876 1416.-
1885 3821 2006 3876 salutant
2019 3821 2164 3886 Elisabeth
2175 3821 2301 3874 salutem
2295 3837 2323 3874 xn
2337 3825 2403 3876 1446·

412 3909 545 3974 tudinem,
563 3909 723 3962 venerahilis
740 3915 848 3978 propter
866 3901 999 3976 dignitatis
1018 3913 1053 3964 al·
1090 3911 1241 3976 lectissima,
1266 3909 1471 3974 44664441444644
1494 3915 1522 3962 44
1540 3893 1728 3974 devotissima,
1763 3911 1845 3964 salom
1856 3911 2023 3978 apportando
2033 3907 2067 3962 ab
2077 3909 2159 3962 74-
2171 3909 2276 3964 Venias
2288 3911 2403 3966 testimo

410 3999 562 4064 titudinem,
581 3995 763 4064 praedicabilis
777 4005 884 4064 propter
897 4001 984 4054 laudis
995 4013 1052 4052 am
1090 4001 1136 4052 1444
1162 4003 1276 4052 castrum
1304 3997 1428 4052 idoneum
1461 3999 1494 4052 ad
1528 3997 1725 4080 suscipiendum
1762 3999 1797 4052 nii
1815 4001 2010 4052 demonstrator
2029 4013 2077 4064 444
2100 3997 2271 4072 praeconium
2289 3999 2403 4052 admira

411 4087 565 4154 4446644444
586 4087 627 4140 Vll
653 4091 687 4142 22
708 4087 795 4140 46-
818 4097 859 4142 444
881 4089 1002 4142 444461114
1023 4093 1051 4142 64
1088 4089 1179 4142 Filium
1199 4087 1283 4162 Patris
1295 4085 1424 4142 dilectum
1442 4085 1504 4142 1616
1642 4087 1644 4094 ’
1763 4077 1846 4162 tivum
1872 4093 1981 4166 propter
2009 4087 2127 4142 divinam
2155 4089 2358 4154 maternitatem
2378 4095 2404 4144 et

413 4179 495 4244 gratia
513 4179 591 4242 plena
611 4177 644 4230 22
665 4175 696 4228 47
710 4191 805 4242 -per
818 4177 978 4232 benefcmm
992 4193 1051 4244 gra·
1139 4179 1324 4246 -liguratur
1352 4193 1401 4244 444
1425 4191 1516 4232 arcam
1545 4177 1659 4232 46464414
1681 4177 1726 4230 Vll
1763 4157 1926 4230 laudativum
1955 4181 2064 4244 propter
2088 4175 2282 4242 dignationem,
2300 4193 2349 4244 per
2367 4178 2405 4232 14

412 4267 461 4318 4444
482 4269 548 4318 14644
575 4271 615 4318 444
605 4263 761 4318 tamabilis
789 4269 844 4320 Deo
870 4273 897 4322 et
915 4265 1051 4322 laudabilis
1089 4271 1121 4322 22
1142 4269 1182 4322 46.
1203 4267 1236 4320 63
1258 4267 1399 4320 49-4644
1388 4273 1471 4320 arca
1483 4265 1618 4320 continens
1638 4265 1726 4336 divina
1764 4251 1861 4340 dicium
1890 4265 2059 4330 probativum
2080 4269 2187 4330 propter
2207 4253 2403 4320 exsultationem

309 4363 311 4368 ’
412 4355 564 4410 6646441664
593 4355 621 4406 34
653 4355 741 4406 96-
704 4363 868 4422 -propter
896 4345 1050 4422 dignitatem
1088 4357 1205 4424 eloquia,
1225 4355 1359 4440 designata
1377 4371 1426 4422 per
1446 4343 1676 4420 arcamhlovsibi
1693 4355 1725 4406 49
1763 4355 1907 4408 4414444444
1918 4367 2032 4408 occursu
2045 4353 2197 4418 salvatoris
2210 4339 2403 4420 peroraculum

412 4451 556 4498 maternam
583 4449 621 4496 est
650 4445 783 4508 diligenda
806 4451 832 4498 et
857 4445 1005 4498 veneranda
1027 4451 1121 4496 et-
1103 4445 1278 4526 designata
1296 4451 1336 4496 444
1353 4457 1402 4510 444
1419 4457 1508 4498 arcam
1529 4443 1643 4496 loederis
1655 4457 1727 4518 446·
1763 4445 1820 4496 4464
1823 4443 1952 4498 44464646
1969 4447 2078 4510 propter
2089 4441 2298 4496 benedictionem
2312 4445 2346 4496 29
2360 4445 2404 4498 84

413 4547 474 4588 cum
493 4531 566 4584 omni
586 4533 681 4586 liducia
700 4535 822 4606 adeunda
843 4541 969 4602 tanquam
981 4547 1050 4588 sum
1088 4505 1146 4606 pler
1165 4533 1335 4586 6446664444
1353 4533 1469 4606 644144444
1487 4529 1539 4586 277
1556 4531 1642 4584 79-
1661 4533 1726 4610 desi·
1763 4513 1851 4600 3682

412 4637 471 4676 mae
489 4619 684 4674 misericordiae
714 4631 797 4676 mater
824 4625 858 4676 29
878 4625 967 4676 64
928 4637 1050 4676 --4446
1088 4629 1151 4690 gnat
1153 4637 1182 4676 ur
1200 4637 1247 4700 per
1265 4623 1369 4688 virgam
1389 4625 1477 4692 Aaron
1494 4625 1604 4688 4464464
1616 4621 1725 4676 muham
1815 4649 1852 4662 -
1868 4621 1992 4676 manebat
2012 4635 2073 4676 cum
2086 4619 2216 4676 Elisabeth
2228 4621 2295 4676 sxcut
2309 4621 2402 4676 sedula

411 4709 625 4778 persoluenda
646 4715 741 4776 ntper
764 4727 822 4766 eam
850 4713 962 4778 gratiam
981 4711 1050 4764 inve·
1088 4697 1270 4782 rectitudinem
1289 4709 1393 4782 44444414
1411 4699 1630 4792 ibici-figurat
1632 4725 1662 4763 64
1679 4725 1727 4776 464
1764 4677 1924 4786 ebsecnlrix‚
1943 4723 1996 4764 non
2016 4697 2100 4764 statim
2120 4709 2247 4784 abscessit
2266 4725 2314 4792 nec
2328 4725 2403 4778 egre·

377 4795 378 4798 '
410 4801 515 4856 6144464
535 4799 566 4852 27
585 4799 619 4850 79
1088 4799 1188 4854 tabulas
1202 4799 1343 4852 testimonii
1355 4805 1451 4868 prop
1434 4813 1464 4852 cr
1476 4813 1528 4850 co
1510 4799 1655 4864 ultionem
1668 4811 1727 4852 con
1765 4781 1886 4876 64464464
1904 4813 1954 4852 646
1972 4783 2099 4854 circuibat
2127 4799 2195 4880 sicut
2213 4789 2316 4856 curiosa
2333 4801 2403 4874 inve·

464 4871 1478 4960 -64446464464144446444464466446116-44444144464144441444141616.
1707 4911 1709 4914 ·
1765 4877 1890 4968 stigatrix
1908 4889 1953 4950 Vll
1981 4889 2017 4940 34
2045 4889 2160 4942 464-
2123 4903 2248 4942 acum
2273 4869 2402 4944 Elisabeth

413 4979 499 5032 4444444
527 4975 647 5030 Abrahae
675 4977 847 5044 promiserat,
875 4991 956 5044 446444
981 4981 1050 5030 lsaac
1140 5007 1177 5018 -
1193 4979 1221 5030 44
1238 4979 1371 5030 46644466
1390 4971 1521 5042 Angelum
1538 4976 1588 5028 4614
1604 4979 1727 5054 prompta
1765 4977 1923 5048 exspectant
1935 4975 2096 5030 nativitatem
2109 4991 2290 5042 praecursoris
2303 4977 2337 5032 44
2351 4979 2403 5030 462

413 5069 540 5134 praedixit
564 5065 656 5134 iacob,
680 5071 706 5118 et
728 5067 804 5120 lacob
832 5069 997 5120 confirmavit
1027 5071 1051 5120 et
1088 5073 1113 5120 el
1131 5067 1250 5122 modesta
1275 5067 1317 5120 Vll
1346 5067 1378 5120 23
1401 5065 1493 5118 50-
1523 5057 1661 5120 14464646
1679 5065 1728 5136 4614
1764 5079 1923 5118 -ceversa
1941 5051 2006 5130 444,
2025 5065 2087 5146 qnia
2114 5079 2226 5134 sponsus
2255 5071 2280 5120 44
2308 5067 2403 5120 tamilla

413 5159 513 5224 hloyses
533 5155 691 5210 desideravit
710 5153 763 5208 Vll
773 5157 904 5210 2978-
914 5155 1050 5210 1444464444
1088 5159 1239 5212 444466464
1264 5157 1298 5212 16.
1318 5155 1407 5210 64-
1424 5155 1577 5222 prudenter
1596 5133 1728 5222 cogitabat
1765 5169 1811 5210 sna
1831 5151 1946 5208 redrtnm
1960 5153 2125 5208 desiderabat
2139 5153 2171 5208 16
2187 5153 2285 5206 liii-
2298 5155 2343 5210 dat
2363 5171 2403 5210 ex·

413 5255 451 5300 ast
470 5261 551 5312 super
569 5245 702 5310 mulieres,
722 5261 835 5312 quarum
854 5247 1050 5300 benedictiones
1089 5249 1121 5302 de
1140 5247 1295 5304 salutatione
1312 5247 1407 5312 Angeli
1424 5245 1459 5300 16.
1478 5247 1559 5300 62-
1573 5243 1727 5300 salutatione
1766 5247 1882 5312 emplum
1901 5225 2025 5298 omnibns
2042 5225 2201 5298 imitandum
2219 5241 2283 5304 ibid.
2369 5279 2370 5282 ,

413 5337 438 5388 44
458 5349 489 5390 44
515 5337 640 5400 impletae
668 5335 888 5390 466416.79-··
908 5345 946 5390 444
974 5337 1050 5390 bene
1088 5337 1178 5404 Angeli
1198 5339 1245 5390 4644
1264 5335 1365 5390 turbata
1388 5341 1494 5402 propter
1508 5333 1664 5402 pudorem
1658 5347 1727 5386 4646·
1818 5363 1853 5374 -
1872 5333 1899 5386 44
1916 5333 2019 5388 cantico
2035 5333 2148 5388 laetitiae
2168 5333 2260 5388 laudat
2284 5333 2403 5388 64444444

412 5423 480 5478 64644
498 5429 607 5488 4464444
625 5425 774 5478 universale
791 5425 938 5480 remedium
960 5425 992 5478 23
1017 5425 1049 5478 49
1088 5427 1203 5492 4444444,
1221 5425 1269 5478 446
1287 5441 1341 5478 664
1358 5423 1510 5490 perturbata
1523 5430 1632 5490 propter
1645 5423 1727 5490 splen·
1765 5423 1928 5478 clementiam
1953 5427 2060 5488 4464444
2088 5421 2328 5478 excellentissimam
2346 5437 2404 5490 gra-

413 5541 446 5552 ·-
466 5519 504 5564 est
523 5513 662 5566 benedicta
679 5513 745 5566 144444
764 5515 897 5580 mulieres
915 5515 957 5566 rel
971 5529 1050 5580 super
1088 5515 1178 5568 dorem
1191 5513 1375 5582 intelligentiae
1385 5511 1447 5570 1116.
1461 5543 1494 5554 -
1508 5515 1542 5566 64
1553 5513 1727 5580 66464441644
1765 5513 1828 5567 tiam
1846 5511 1896 5564 sibi
1915 5513 2034 5566 collatam
2054 5513 2097 5566 Vll
2117 5513 2151 5566 39
2171 5513 2403 5582 86-4444144444

412 5615 504 5654 omnes
524 5603 660 5666 mulieres,
678 5601 752 5654 vela
773 5601 928 5656 mulieribus
940 5601 1051 5658 1616-
1089 5603 1206 5672 qxraerit,
1228 5603 1364 5670 quomodo
1395 5603 1446 5666 644,
1475 5607 1503 5656 444
1531 5603 1673 5656 4644444444
1693 5603 1725 5654 24
1764 5603 1856 5656 ceteris
1875 5615 1904 5654 se
1921 5601 2009 5666 ipsam
2035 5601 2199 5666 humiliavit,
2216 5603 2310 5658 celeris
2328 5603 2404 5656 allius

413 5691 459 5744 4644
477 5689 554 5742 64444
572 5695 681 5754 4464444
699 5691 822 5744 melitum
842 5703 885 5744 cas
888 5691 975 5756 xtahs
992 5689 1051 5744 bea·
1089 5691 1130 5744 66.
1151 5693 1183 5744 25
1205 5693 1232 5744 64
1765 5693 1907 5744 1164414644
1937 5691 2116 5756 magnificavit
2135 5689 2169 5744 i.b
2189 5689 2277 5742 87-
2295 5693 2404 5746 1644466

332 5781 355 5794 ”
413 5779 462 5832 4464
481 5785 590 5844 4464464
613 5777 750 5830 6644411644
769 5781 830 5842 virg
832 5771 939 5844 initalia,
959 5779 1050 5832 beatis
1136 5779 2403 5846 -66446444666444644644444644444446446446144144444114664444144461466444

413 5867 479 5920 sima
496 5871 606 5932 propter
631 5865 799 5932 privilegiam
828 5867 993 5920 fecunditatis
1018 5871 1045 5920 34
1090 5869 1134 5922 664
1153 5883 1275 5948 expresse
1292 5883 1450 5936 responsum
1464 5875 1668 5922 consentaneum
1682 5868 1725 5922 Vll
1765 5869 1791 5924 al
1818 5871 1906 5922 87-
1923 5869 1980 5922 eius
1999 5869 2130 5924 canticum
2156 5873 2198 5920 est
2188 5867 2256 5922 464
2282 5869 2404 5922 maximis

413 5957 441 6008 91
467 5985 499 5996 -·
520 5955 648 6024 optimam
667 5959 769 6020 partem
788 5955 880 6020 elegit,
900 5957 1051 6026 nempele·
1091 5957 1122 6010 26
1136 5957 1219 6008 67-
1231 5957 1266 6032 46
1284 5955 1398 6008 4446444
1414 5957 1507 6032 Angeli
1521 5941 1726 6036 statimeonsen·
1764 5957 1898 6040 beneliciis
1915 5955 1977 6010 ibid.

413 6047 573 6098 currditatem
593 6045 774 6110 coniugalem,
800 6045 945 6098 castitatem
974 6043 1052 6110 virgi·
1090 6045 1121 6098 sit
1139 6045 1188 6098 349
1211 6045 1243 6098 l5
1263 6073 1299 6086 -
1316 6043 1464 6098 Consensus
1481 6045 1599 6120 Virginis
1618 6053 1658 6100 est
1673 6033 1726 6100 vox
1816 6075 1851 6084 -
1871 6047 1927 6098 4464
1947 6047 2053 6100 allectus
2073 6045 2182 6098 exsultat
2194 6043 2346 6098 4664446444
2366 6043 2403 6098 di·

413 6137 511 6198 nalem,
533 6133 718 6202 secunditatem
735 6133 882 6202 virgineam
903 6133 954 6188 276
973 6135 1007 6188 75
1090 6133 1239 6188 dulcissima
1253 6133 1413 6200 homxmbus
1424 6123 1590 6200 Angeliset
1583 6149 1634 6200 4444
1645 6137 1727 6200 6464
1765 6135 1827 6190 4144
1845 6137 1929 6188 444646
1948 6135 1990 6188 Vll
2012 6134 2038 6186 34
2065 6133 2152 6186 88-
2172 6131 2404 6202 Dominumqoae·

467 6253 501 6262 —
521 6223 606 6292 quia
602 6225 688 6278 statim
710 6223 792 6278 verbo
810 6223 857 6278 1144
869 6223 954 6278 nuntn
971 6225 1052 6278 cradi·
1092 6239 1119 6278 so
1142 6225 1173 6278 26
1195 6225 1228 6276 69
1311 6263 1312 6266 .
1694 6239 1715 6258 -¹
1765 6211 1869 6278 sivitet
1859 6223 2011 6276 tsalutare
2036 6221 2127 6274 dilexit
2144 6219 2260 6272 thid-‘-
2282 6221 2403 6274 Animam
2472 6241 2473 6244 ¹

413 6311 459 6374 644,
479 6311 528 6362 1614
546 6311 621 6364 64444
641 6313 684 6366 Vll
705 6313 737 6364 46
756 6313 843 6366 32-
861 6311 936 6366 64446
958 6313 1052 6368 6164464
1141 6341 1176 6350 -
1196 6311 1263 6384 Cum
1281 6311 1389 6366 recessit
1412 6311 1448 6366 ab
1475 6325 1506 6364 ea
1533 6313 1593 6378 Aug
1577 6311 1662 6376 44,164
1690 6325 1727 6388 re·
1766 6311 1822 6364 eius
1847 6309 1992 6362 Dominum
2021 6309 2217 6380 magnificavit,
2246 6315 2271 6362 el
2297 6309 2403 6388 44444464

413 6397 558 6462 perfidem
589 6399 622 6450 39
649 6401 734 6452 83
759 6415 791 6454 ex
815 6401 962 6466 multiplici
971 6415 1050 6454 causa
1090 6401 1185 6454 mansit
1210 6413 1271 6452 cum
1293 6401 1399 6452 441144
1421 6399 1726 6452 6441644612776
1766 6389 1823 6450 eins
1840 6397 1865 6450 44
1886 6385 1990 6450 salutari
2005 6397 2049 6450 1144
2064 6395 2202 6472 exsultavit
2218 6395 2334 6452 ibici—-
2298 6399 2403 6466 -4164

414 6485 461 6536 1614
479 6483 554 6536 beata
583 6485 616 6540 114.
647 6487 861 6550 84,85-1614
888 6489 1051 6556 beatissima,
1090 6491 1152 6554 quia
1169 6489 1250 6542 46464
1269 6489 1389 6552 66664414
1407 6489 1521 6542 verbum
1539 6485 1625 6568 6641,
1637 6491 1727 6554 444144
1765 6485 1850 6538 anima
1871 6486 2019 6539 secondum
2031 6501 2108 6540 suurn
2122 6499 2276 6552 supremum
2295 6487 2404 6542 interius

398 6573 476 6640 4614
494 6575 626 6642 concepit
632 6567 725 6628 Filium
749 6575 849 6632 114416.
869 6531 1052 6630 tib-bene5
1091 6577 1210 6640 concepit
1200 6575 1331 6628 tFiliom
1358 6575 1407 6628 Dei
1433 6575 1467 6626 26
1495 6575 1590 6626 67-
1554 6561 1728 6638 -66644444
1765 6563 1910 6638 exsultavit,
1916 6575 2064 6630 secundum
2074 6575 2295 6642 comparationem
2306 6575 2340 6630 ad
2349 6589 2404 6630 cor
2489 6603 2491 6614 ι

385 6713 387 6716 .
413 6661 482 6716 dicta
500 6663 678 6740 praedicatur,
699 6663 761 6730 qnia
781 6665 902 6728 concepit
918 6663 1050 6728 Christum
1091 6663 1209 6716 Verbum
1227 6663 1275 6714 Dei
1292 6663 1439 6714 secundum
1460 6661 1572 6716 4446646
1589 6661 1680 6744 Angeli
1694 6659 1727 6716 lb
1766 6653 1828 6728 pus
1834 6677 1900 6716 voce
1917 6663 2104 6742 magnificabat
2124 6665 2157 6718 ib.
2176 6665 2209 6716 89

415 6749 483 6802 ol*
473 6751 510 6812 45,
530 6751 618 6814 76-
636 6751 684 6802 14444
702 6749 779 6804 64644
796 6765 838 6804 ex
847 6751 945 6816 duplici
959 6749 1051 6806 Christi
1091 6751 1177 6802 69
1197 6763 1244 6816 444
1271 6763 1428 6826 consensum
1457 6763 1518 6804 mox
1543 6749 1674 6816 concepit
1692 6749 1729 6816 61·Ι
1820 6781 1852 6792 -
1872 6753 1962 6806 146644
1988 6753 2161 6806 Dominum'
2155 6767 2181 6806 44
2206 6765 2285 6818 opere
2303 6755 2405 6808 redem-

395 6839 581 6904 susceptione
600 6837 651 6892 276
668 6837 764 6890 76-
730 6853 836 6892 -non
855 6845 958 6894 tantum
976 6839 1051 6892 beata
1091 6837 1338 6894 664411411667.
1355 6839 1392 6892 27
1409 6839 1444 6892 79
1766 6839 2097 6910 pliouis,quiamanilesta
2099 6843 2184 6896 tivum
2197 6841 2424 6932 misericordiae,
