<?xml version="1.0" encoding="UTF-8"?>
<!DOCTYPE html PUBLIC "-//W3C//DTD XHTML 1.0 Transitional//EN"
    "http://www.w3.org/TR/xhtml1/DTD/xhtml1-transitional.dtd">
<html xmlns="http://www.w3.org/1999/xhtml" xml:lang="en" lang="en">
 <head>
  <title>
</title>
<meta http-equiv="Content-Type" content="text/html;charset=utf-8" />
  <meta name='ocr-system' content='tesseract 3.04.00' />
  <meta name='ocr-capabilities' content='ocr_page ocr_carea ocr_par ocr_line ocrx_word'/>
</head>
<body>
  <div class='ocr_page' id='page_1' title='image "./doctorisseraphi01italgoog/doctorisseraphi01italgoog_0605.png"; bbox 0 0 5908 8266; ppageno 0'>
   <div class='ocr_carea' id='block_1_1' title="bbox 506 611 572 682">
    <p class='ocr_par' dir='ltr' id='par_1_1' title="bbox 506 611 572 682">
     <span class='ocr_line' id='line_1_1' title="bbox 506 611 572 682; baseline -0.091 0"><span class='ocrx_word' id='word_1_1' title='bbox 506 611 572 682; x_wconf 80' lang='grc'>584</span> 
     </span>
    </p>
   </div>
   <div class='ocr_carea' id='block_1_2' title="bbox 346 773 1465 4988">
    <p class='ocr_par' dir='ltr' id='par_1_2' title="bbox 351 773 1465 1074">
     <span class='ocr_line' id='line_1_2' title="bbox 596 773 1465 862; baseline -0.002 -18"><span class='ocrx_word' id='word_1_2' title='bbox 596 779 645 846; x_wconf 89' lang='grc'>63.</span> <span class='ocrx_word' id='word_1_3' title='bbox 671 779 842 846; x_wconf 83' lang='grc'>4444444444·</span> <span class='ocrx_word' id='word_1_4' title='bbox 863 781 971 844; x_wconf 91' lang='lat' dir='ltr'>autem</span> <span class='ocrx_word' id='word_1_5' title='bbox 992 795 1049 862; x_wconf 94' lang='lat' dir='ltr'>per</span> <span class='ocrx_word' id='word_1_6' title='bbox 1073 773 1163 842; x_wconf 86' lang='grc'>4444</span> <span class='ocrx_word' id='word_1_7' title='bbox 1184 773 1299 862; x_wconf 81' lang='lat' dir='ltr'>Ioseph</span> <span class='ocrx_word' id='word_1_8' title='bbox 1318 775 1465 860; x_wconf 90' lang='lat' dir='ltr'>intelligi-</span> 
     </span>
     <span class='ocr_line' id='line_1_3' title="bbox 366 881 1464 970; baseline -0.002 -20"><span class='ocrx_word' id='word_1_9' title='bbox 366 899 477 964; x_wconf 70' lang='lat' dir='ltr'>uqusnio</span> <span class='ocrx_word' id='word_1_10' title='bbox 506 891 559 954; x_wconf 92' lang='lat' dir='ltr'>tur</span> <span class='ocrx_word' id='word_1_11' title='bbox 573 883 760 970; x_wconf 84' lang='lat' dir='ltr'>praelatus,</span> <span class='ocrx_word' id='word_1_12' title='bbox 785 883 840 968; x_wconf 90' lang='lat' dir='ltr'>qui</span> <span class='ocrx_word' id='word_1_13' title='bbox 862 883 957 968; x_wconf 88' lang='lat' dir='ltr'>eripit</span> <span class='ocrx_word' id='word_1_14' title='bbox 986 881 1148 948; x_wconf 82' lang='lat' dir='ltr'>Christum</span> <span class='ocrx_word' id='word_1_15' title='bbox 1169 881 1209 948; x_wconf 90' lang='lat' dir='ltr'>de</span> <span class='ocrx_word' id='word_1_16' title='bbox 1230 899 1326 948; x_wconf 91' lang='lat' dir='ltr'>manu</span> <span class='ocrx_word' id='word_1_17' title='bbox 1357 881 1464 962; x_wconf 80' lang='lat' dir='ltr'>Pilati,</span> 
     </span>
     <span class='ocr_line' id='line_1_4' title="bbox 351 959 1464 1074; baseline 0 -20"><span class='ocrx_word' id='word_1_18' title='bbox 351 959 492 1064; x_wconf 44' lang='lat' dir='ltr'>diffinget</span> <span class='ocrx_word' id='word_1_19' title='bbox 504 991 538 1058; x_wconf 89' lang='lat' dir='ltr'>id</span> <span class='ocrx_word' id='word_1_20' title='bbox 559 995 607 1056; x_wconf 91' lang='lat' dir='ltr'>est</span> <span class='ocrx_word' id='word_1_21' title='bbox 628 989 667 1056; x_wconf 89' lang='lat' dir='ltr'>dc</span> <span class='ocrx_word' id='word_1_22' title='bbox 688 1007 786 1056; x_wconf 88' lang='lat' dir='ltr'>mauu</span> <span class='ocrx_word' id='word_1_23' title='bbox 808 997 1032 1074; x_wconf 81' lang='lat' dir='ltr'>tyrannorum3</span> <span class='ocrx_word' id='word_1_24' title='bbox 1055 989 1111 1074; x_wconf 93' lang='lat' dir='ltr'>qni</span> <span class='ocrx_word' id='word_1_25' title='bbox 1134 987 1227 1054; x_wconf 89' lang='lat' dir='ltr'>debet</span> <span class='ocrx_word' id='word_1_26' title='bbox 1248 1005 1317 1056; x_wconf 88' lang='lat' dir='ltr'>esse</span> <span class='ocrx_word' id='word_1_27' title='bbox 1332 987 1386 1054; x_wconf 87' lang='lat' dir='ltr'>vir</span> <span class='ocrx_word' id='word_1_28' title='bbox 1401 1005 1464 1054; x_wconf 93' lang='lat' dir='ltr'>non</span> 
     </span>
    </p>

    <p class='ocr_par' dir='ltr' id='par_1_3' title="bbox 505 1093 1465 4454">
     <span class='ocr_line' id='line_1_5' title="bbox 506 1093 1464 1178; baseline -0.002 -16"><span class='ocrx_word' id='word_1_29' title='bbox 506 1101 627 1162; x_wconf 91' lang='lat' dir='ltr'>tantum</span> <span class='ocrx_word' id='word_1_30' title='bbox 647 1111 738 1174; x_wconf 85' lang='lat' dir='ltr'>sexu,</span> <span class='ocrx_word' id='word_1_31' title='bbox 754 1093 808 1162; x_wconf 90' lang='lat' dir='ltr'>sed</span> <span class='ocrx_word' id='word_1_32' title='bbox 825 1099 925 1162; x_wconf 90' lang='lat' dir='ltr'>aetate</span> <span class='ocrx_word' id='word_1_33' title='bbox 941 1101 974 1162; x_wconf 93' lang='lat' dir='ltr'>et</span> <span class='ocrx_word' id='word_1_34' title='bbox 987 1093 1151 1174; x_wconf 82' lang='lat' dir='ltr'>virilitate,</span> <span class='ocrx_word' id='word_1_35' title='bbox 1166 1093 1241 1178; x_wconf 89' lang='lat' dir='ltr'>quia</span> <span class='ocrx_word' id='word_1_36' title='bbox 1257 1093 1464 1160; x_wconf 85' lang='lat' dir='ltr'>Ecclesiastioi</span> 
     </span>
     <span class='ocr_line' id='line_1_6' title="bbox 506 1199 1465 1286; baseline -0.004 -18"><span class='ocrx_word' id='word_1_37' title='bbox 506 1199 639 1284; x_wconf 88' lang='lat' dir='ltr'>septimo</span> <span class='ocrx_word' id='word_1_38' title='bbox 653 1201 665 1238; x_wconf 84' lang='lat'>1</span> <span class='ocrx_word' id='word_1_39' title='bbox 679 1199 809 1268; x_wconf 80' lang='lat' dir='ltr'>diditur:</span> <span class='ocrx_word' id='word_1_40' title='bbox 832 1199 930 1268; x_wconf 80' lang='lat' dir='ltr'>«Noli</span> <span class='ocrx_word' id='word_1_41' title='bbox 947 1217 1101 1286; x_wconf 79' lang='lat' dir='ltr'>quaerere</span> <span class='ocrx_word' id='word_1_42' title='bbox 1115 1199 1184 1266; x_wconf 84' lang='lat' dir='ltr'>deri</span> <span class='ocrx_word' id='word_1_43' title='bbox 1202 1199 1314 1278; x_wconf 85' lang='lat' dir='ltr'>iudex,</span> <span class='ocrx_word' id='word_1_44' title='bbox 1328 1199 1385 1266; x_wconf 91' lang='lat' dir='ltr'>nisi</span> <span class='ocrx_word' id='word_1_45' title='bbox 1400 1199 1465 1266; x_wconf 86' lang='lat' dir='ltr'>uir·</span> 
     </span>
     <span class='ocr_line' id='line_1_7' title="bbox 506 1301 1464 1390; baseline 0 -20"><span class='ocrx_word' id='word_1_46' title='bbox 506 1311 575 1370; x_wconf 87' lang='lat' dir='ltr'>tute</span> <span class='ocrx_word' id='word_1_47' title='bbox 591 1305 693 1372; x_wconf 83' lang='lat' dir='ltr'>valeas</span> <span class='ocrx_word' id='word_1_48' title='bbox 709 1305 888 1388; x_wconf 84' lang='lat' dir='ltr'>irrumpere</span> <span class='ocrx_word' id='word_1_49' title='bbox 903 1303 1084 1390; x_wconf 87' lang='lat' dir='ltr'>iniquitates</span> <span class='ocrx_word' id='word_1_50' title='bbox 1094 1331 1125 1370; x_wconf 80' lang='grc'>».</span> <span class='ocrx_word' id='word_1_51' title='bbox 1143 1303 1240 1370; x_wconf 88' lang='lat' dir='ltr'>Debet</span> <span class='ocrx_word' id='word_1_52' title='bbox 1256 1321 1325 1370; x_wconf 90' lang='lat' dir='ltr'>esse</span> <span class='ocrx_word' id='word_1_53' title='bbox 1338 1301 1464 1388; x_wconf 85' lang='lat' dir='ltr'>loseph,</span> 
     </span>
     <span class='ocr_line' id='line_1_8' title="bbox 505 1405 1464 1496; baseline 0.001 -18"><span class='ocrx_word' id='word_1_54' title='bbox 505 1409 623 1478; x_wconf 90' lang='lat' dir='ltr'>scilicet</span> <span class='ocrx_word' id='word_1_55' title='bbox 646 1427 740 1478; x_wconf 88' lang='lat' dir='ltr'>suurn</span> <span class='ocrx_word' id='word_1_56' title='bbox 756 1417 787 1478; x_wconf 93' lang='lat' dir='ltr'>et</span> <span class='ocrx_word' id='word_1_57' title='bbox 801 1409 936 1478; x_wconf 90' lang='lat' dir='ltr'>aliorum</span> <span class='ocrx_word' id='word_1_58' title='bbox 961 1409 1137 1496; x_wconf 84' lang='lat' dir='ltr'>protectum</span> <span class='ocrx_word' id='word_1_59' title='bbox 1153 1405 1338 1496; x_wconf 77' lang='lat' dir='ltr'>requirere,</span> <span class='ocrx_word' id='word_1_60' title='bbox 1352 1427 1464 1478; x_wconf 89' lang='lat' dir='ltr'>secuu-</span> 
     </span>
     <span class='ocr_line' id='line_1_9' title="bbox 505 1515 1464 1604; baseline 0.002 -20"><span class='ocrx_word' id='word_1_61' title='bbox 505 1517 583 1584; x_wconf 91' lang='lat' dir='ltr'>dum</span> <span class='ocrx_word' id='word_1_62' title='bbox 594 1515 670 1583; x_wconf 91' lang='lat' dir='ltr'>illud</span> <span class='ocrx_word' id='word_1_63' title='bbox 682 1515 809 1584; x_wconf 87' lang='lat' dir='ltr'>Genesis</span> <span class='ocrx_word' id='word_1_64' title='bbox 821 1517 1060 1604; x_wconf 87' lang='lat' dir='ltr'>quadragesimo</span> <span class='ocrx_word' id='word_1_65' title='bbox 1073 1535 1156 1582; x_wconf 91' lang='lat' dir='ltr'>nono</span> <span class='ocrx_word' id='word_1_66' title='bbox 1167 1517 1199 1582; x_wconf 77' lang='lat'>2:</span> <span class='ocrx_word' id='word_1_67' title='bbox 1218 1517 1339 1584; x_wconf 83' lang='lat' dir='ltr'>«Fidus</span> <span class='ocrx_word' id='word_1_68' title='bbox 1357 1535 1464 1586; x_wconf 88' lang='lat' dir='ltr'>accre-</span> 
     </span>
     <span class='ocr_line' id='line_1_10' title="bbox 506 1607 1464 1716; baseline 0.002 -26"><span class='ocrx_word' id='word_1_69' title='bbox 506 1639 597 1690; x_wconf 87' lang='lat' dir='ltr'>scens</span> <span class='ocrx_word' id='word_1_70' title='bbox 617 1607 745 1706; x_wconf 87' lang='lat' dir='ltr'>loseph,</span> <span class='ocrx_word' id='word_1_71' title='bbox 771 1623 855 1690; x_wconf 87' lang='lat' dir='ltr'>lilius</span> <span class='ocrx_word' id='word_1_72' title='bbox 870 1637 1052 1716; x_wconf 76' lang='lat' dir='ltr'>accrescens</span> <span class='ocrx_word' id='word_1_73' title='bbox 1067 1647 1099 1688; x_wconf 81' lang='lat' dir='ltr'>u.</span> <span class='ocrx_word' id='word_1_74' title='bbox 1120 1621 1219 1690; x_wconf 88' lang='lat' dir='ltr'>Debet</span> <span class='ocrx_word' id='word_1_75' title='bbox 1241 1639 1308 1690; x_wconf 92' lang='lat' dir='ltr'>esse</span> <span class='ocrx_word' id='word_1_76' title='bbox 1329 1623 1464 1692; x_wconf 81' lang='lat' dir='ltr'>decurio</span> 
     </span>
     <span class='ocr_line' id='line_1_11' title="bbox 505 1727 1464 1814; baseline 0 -18"><span class='ocrx_word' id='word_1_77' title='bbox 505 1729 636 1808; x_wconf 83' lang='grc'>44444444,</span> <span class='ocrx_word' id='word_1_78' title='bbox 650 1727 680 1796; x_wconf 91' lang='grc'>44</span> <span class='ocrx_word' id='word_1_79' title='bbox 691 1733 738 1796; x_wconf 89' lang='grc'>444</span> <span class='ocrx_word' id='word_1_80' title='bbox 754 1729 901 1796; x_wconf 88' lang='lat' dir='ltr'>nobiliter</span> <span class='ocrx_word' id='word_1_81' title='bbox 918 1735 1055 1798; x_wconf 90' lang='lat' dir='ltr'>tractans</span> <span class='ocrx_word' id='word_1_82' title='bbox 1071 1729 1195 1814; x_wconf 88' lang='lat' dir='ltr'>negotia</span> <span class='ocrx_word' id='word_1_83' title='bbox 1211 1731 1317 1798; x_wconf 91' lang='lat' dir='ltr'>curiae</span> <span class='ocrx_word' id='word_1_84' title='bbox 1333 1729 1464 1812; x_wconf 86' lang='lat' dir='ltr'>Christi,</span> 
     </span>
     <span class='ocr_line' id='line_1_12' title="bbox 506 1835 1464 1922; baseline 0.002 -18"><span class='ocrx_word' id='word_1_85' title='bbox 506 1835 678 1904; x_wconf 90' lang='lat' dir='ltr'>secundum</span> <span class='ocrx_word' id='word_1_86' title='bbox 704 1835 781 1904; x_wconf 91' lang='lat' dir='ltr'>illud</span> <span class='ocrx_word' id='word_1_87' title='bbox 802 1835 924 1922; x_wconf 85' lang='lat' dir='ltr'>primae</span> <span class='ocrx_word' id='word_1_88' title='bbox 940 1835 979 1904; x_wconf 92' lang='lat' dir='ltr'>ad</span> <span class='ocrx_word' id='word_1_89' title='bbox 1002 1835 1179 1904; x_wconf 89' lang='lat' dir='ltr'>Corinthios</span> <span class='ocrx_word' id='word_1_90' title='bbox 1196 1845 1309 1922; x_wconf 91' lang='lat' dir='ltr'>quarto</span> <span class='ocrx_word' id='word_1_91' title='bbox 1323 1837 1353 1904; x_wconf 78' lang='lat'>³:</span> <span class='ocrx_word' id='word_1_92' title='bbox 1384 1839 1464 1906; x_wconf 76' lang='lat' dir='ltr'>«Sic</span> 
     </span>
     <span class='ocr_line' id='line_1_13' title="bbox 506 1943 1464 2030; baseline 0.002 -20"><span class='ocrx_word' id='word_1_93' title='bbox 506 1961 564 2010; x_wconf 89' lang='lat' dir='ltr'>uos</span> <span class='ocrx_word' id='word_1_94' title='bbox 587 1943 728 2010; x_wconf 89' lang='lat' dir='ltr'>aestimet</span> <span class='ocrx_word' id='word_1_95' title='bbox 751 1945 846 2011; x_wconf 92' lang='lat' dir='ltr'>bomo</span> <span class='ocrx_word' id='word_1_96' title='bbox 869 1949 906 2012; x_wconf 91' lang='lat' dir='ltr'>ut</span> <span class='ocrx_word' id='word_1_97' title='bbox 927 1943 1089 2030; x_wconf 91' lang='lat' dir='ltr'>ministros</span> <span class='ocrx_word' id='word_1_98' title='bbox 1111 1943 1227 2012; x_wconf 87' lang='lat' dir='ltr'>Christi</span> <span class='ocrx_word' id='word_1_99' title='bbox 1250 1951 1281 2012; x_wconf 92' lang='lat' dir='ltr'>et</span> <span class='ocrx_word' id='word_1_100' title='bbox 1303 1943 1464 2030; x_wconf 87' lang='lat' dir='ltr'>dispensa·</span> 
     </span>
     <span class='ocr_line' id='line_1_14' title="bbox 506 2049 1464 2132; baseline 0.004 -16"><span class='ocrx_word' id='word_1_101' title='bbox 506 2055 592 2118; x_wconf 91' lang='lat' dir='ltr'>tores</span> <span class='ocrx_word' id='word_1_102' title='bbox 619 2049 843 2132; x_wconf 75' lang='lat' dir='ltr'>mysteriorum</span> <span class='ocrx_word' id='word_1_103' title='bbox 865 2051 922 2118; x_wconf 93' lang='lat' dir='ltr'>Dei</span> <span class='ocrx_word' id='word_1_104' title='bbox 937 2075 973 2132; x_wconf 82' lang='lat'>»3</span> <span class='ocrx_word' id='word_1_105' title='bbox 997 2051 1082 2118; x_wconf 90' lang='lat' dir='ltr'>uude</span> <span class='ocrx_word' id='word_1_106' title='bbox 1112 2051 1269 2120; x_wconf 89' lang='lat' dir='ltr'>secundae</span> <span class='ocrx_word' id='word_1_107' title='bbox 1289 2051 1331 2118; x_wconf 92' lang='lat' dir='ltr'>ad</span> <span class='ocrx_word' id='word_1_108' title='bbox 1360 2051 1464 2120; x_wconf 91' lang='lat' dir='ltr'>Timo·</span> 
     </span>
     <span class='ocr_line' id='line_1_15' title="bbox 506 2155 1464 2244; baseline 0.004 -22"><span class='ocrx_word' id='word_1_109' title='bbox 506 2155 616 2224; x_wconf 86' lang='lat' dir='ltr'>themu</span> <span class='ocrx_word' id='word_1_110' title='bbox 647 2157 783 2224; x_wconf 90' lang='lat' dir='ltr'>secundo</span> <span class='ocrx_word' id='word_1_111' title='bbox 812 2157 895 2224; x_wconf 81' lang='lat' dir='ltr'>dixit</span> <span class='ocrx_word' id='word_1_112' title='bbox 924 2155 1089 2244; x_wconf 79' lang='lat' dir='ltr'>Apostolus</span> <span class='ocrx_word' id='word_1_113' title='bbox 1116 2159 1274 2242; x_wconf 91' lang='lat' dir='ltr'>praelato:</span> <span class='ocrx_word' id='word_1_114' title='bbox 1303 2183 1320 2218; x_wconf 74' lang='grc'>4</span> <span class='ocrx_word' id='word_1_115' title='bbox 1343 2157 1464 2226; x_wconf 89' lang='lat' dir='ltr'>Labore</span> 
     </span>
     <span class='ocr_line' id='line_1_16' title="bbox 506 2261 1465 2342; baseline 0.002 -12"><span class='ocrx_word' id='word_1_116' title='bbox 506 2261 588 2330; x_wconf 92' lang='lat' dir='ltr'>sicut</span> <span class='ocrx_word' id='word_1_117' title='bbox 609 2261 713 2330; x_wconf 91' lang='lat' dir='ltr'>bouus</span> <span class='ocrx_word' id='word_1_118' title='bbox 733 2263 824 2330; x_wconf 91' lang='lat' dir='ltr'>miles</span> <span class='ocrx_word' id='word_1_119' title='bbox 846 2261 963 2332; x_wconf 85' lang='lat' dir='ltr'>Christi</span> <span class='ocrx_word' id='word_1_120' title='bbox 978 2291 1009 2330; x_wconf 71' lang='lat' dir='ltr'>a.</span> <span class='ocrx_word' id='word_1_121' title='bbox 1034 2263 1071 2330; x_wconf 82' lang='lat' dir='ltr'>Et</span> <span class='ocrx_word' id='word_1_122' title='bbox 1094 2263 1164 2330; x_wconf 90' lang='lat' dir='ltr'>talis</span> <span class='ocrx_word' id='word_1_123' title='bbox 1187 2269 1233 2330; x_wconf 93' lang='lat' dir='ltr'>est</span> <span class='ocrx_word' id='word_1_124' title='bbox 1257 2261 1392 2342; x_wconf 83' lang='grc'>4444444,</span> <span class='ocrx_word' id='word_1_125' title='bbox 1415 2281 1465 2332; x_wconf 87' lang='grc'>44-</span> 
     </span>
     <span class='ocr_line' id='line_1_17' title="bbox 506 2367 1464 2456; baseline 0.002 -20"><span class='ocrx_word' id='word_1_126' title='bbox 506 2369 646 2436; x_wconf 86' lang='lat' dir='ltr'>cundum</span> <span class='ocrx_word' id='word_1_127' title='bbox 662 2367 739 2438; x_wconf 91' lang='lat' dir='ltr'>illud</span> <span class='ocrx_word' id='word_1_128' title='bbox 764 2371 1006 2438; x_wconf 81' lang='lat' dir='ltr'>ProverbIorum</span> <span class='ocrx_word' id='word_1_129' title='bbox 1022 2371 1151 2440; x_wconf 89' lang='lat' dir='ltr'>ultimo:</span> <span class='ocrx_word' id='word_1_130' title='bbox 1181 2395 1197 2432; x_wconf 77' lang='lat' dir='ltr'>u</span> <span class='ocrx_word' id='word_1_131' title='bbox 1212 2369 1329 2438; x_wconf 91' lang='lat' dir='ltr'>Nobilis</span> <span class='ocrx_word' id='word_1_132' title='bbox 1343 2369 1376 2436; x_wconf 94' lang='lat' dir='ltr'>in</span> <span class='ocrx_word' id='word_1_133' title='bbox 1391 2387 1464 2456; x_wconf 93' lang='lat' dir='ltr'>por-</span> 
     </span>
     <span class='ocr_line' id='line_1_18' title="bbox 506 2473 1462 2562; baseline 0 -22"><span class='ocrx_word' id='word_1_134' title='bbox 506 2473 546 2540; x_wconf 91' lang='lat' dir='ltr'>tis</span> <span class='ocrx_word' id='word_1_135' title='bbox 563 2475 610 2542; x_wconf 85' lang='lat' dir='ltr'>vir</span> <span class='ocrx_word' id='word_1_136' title='bbox 635 2475 719 2556; x_wconf 88' lang='lat' dir='ltr'>eius,</span> <span class='ocrx_word' id='word_1_137' title='bbox 735 2477 861 2562; x_wconf 89' lang='lat' dir='ltr'>quaudo</span> <span class='ocrx_word' id='word_1_138' title='bbox 878 2477 994 2544; x_wconf 89' lang='lat' dir='ltr'>sederit</span> <span class='ocrx_word' id='word_1_139' title='bbox 1011 2495 1085 2546; x_wconf 92' lang='lat' dir='ltr'>cum</span> <span class='ocrx_word' id='word_1_140' title='bbox 1100 2475 1299 2544; x_wconf 88' lang='lat' dir='ltr'>senatoribus</span> <span class='ocrx_word' id='word_1_141' title='bbox 1316 2483 1419 2542; x_wconf 88' lang='lat' dir='ltr'>terrae</span> <span class='ocrx_word' id='word_1_142' title='bbox 1432 2503 1462 2540; x_wconf 85' lang='lat'>».</span> 
     </span>
     <span class='ocr_line' id='line_1_19' title="bbox 506 2579 1464 2666; baseline 0.002 -20"><span class='ocrx_word' id='word_1_143' title='bbox 506 2579 604 2648; x_wconf 87' lang='lat' dir='ltr'>Debet</span> <span class='ocrx_word' id='word_1_144' title='bbox 627 2599 695 2648; x_wconf 91' lang='lat' dir='ltr'>esse</span> <span class='ocrx_word' id='word_1_145' title='bbox 717 2581 772 2648; x_wconf 82' lang='lat' dir='ltr'>eir</span> <span class='ocrx_word' id='word_1_146' title='bbox 791 2581 897 2648; x_wconf 85' lang='grc'>4444444</span> <span class='ocrx_word' id='word_1_147' title='bbox 920 2589 951 2648; x_wconf 88' lang='grc'>44</span> <span class='ocrx_word' id='word_1_148' title='bbox 971 2583 1098 2662; x_wconf 82' lang='lat' dir='ltr'>iustus,</span> <span class='ocrx_word' id='word_1_149' title='bbox 1128 2581 1209 2650; x_wconf 89' lang='lat' dir='ltr'>sicut</span> <span class='ocrx_word' id='word_1_150' title='bbox 1231 2581 1298 2660; x_wconf 82' lang='lat' dir='ltr'>Ioh3</span> <span class='ocrx_word' id='word_1_151' title='bbox 1325 2581 1377 2648; x_wconf 88' lang='lat' dir='ltr'>Iob</span> <span class='ocrx_word' id='word_1_152' title='bbox 1400 2581 1464 2666; x_wconf 87' lang='lat' dir='ltr'>pri-</span> 
     </span>
     <span class='ocr_line' id='line_1_20' title="bbox 506 2685 1464 2774; baseline 0.001 -23"><span class='ocrx_word' id='word_1_153' title='bbox 506 2703 558 2752; x_wconf 89' lang='lat' dir='ltr'>mo</span> <span class='ocrx_word' id='word_1_154' title='bbox 575 2687 604 2752; x_wconf 72' lang='lat'>4:</span> <span class='ocrx_word' id='word_1_155' title='bbox 636 2687 739 2774; x_wconf 83' lang='lat' dir='ltr'>«Erat</span> <span class='ocrx_word' id='word_1_156' title='bbox 763 2689 812 2758; x_wconf 88' lang='grc'>444</span> <span class='ocrx_word' id='word_1_157' title='bbox 836 2688 888 2756; x_wconf 91' lang='lat' dir='ltr'>ille</span> <span class='ocrx_word' id='word_1_158' title='bbox 911 2687 1046 2774; x_wconf 81' lang='lat' dir='ltr'>simplex</span> <span class='ocrx_word' id='word_1_159' title='bbox 1070 2693 1101 2756; x_wconf 92' lang='lat' dir='ltr'>et</span> <span class='ocrx_word' id='word_1_160' title='bbox 1125 2693 1230 2754; x_wconf 87' lang='lat' dir='ltr'>rectus</span> <span class='ocrx_word' id='word_1_161' title='bbox 1245 2713 1262 2746; x_wconf 82' lang='lat'>»</span> <span class='ocrx_word' id='word_1_162' title='bbox 1290 2693 1348 2754; x_wconf 89' lang='lat' dir='ltr'>etc.</span> <span class='ocrx_word' id='word_1_163' title='bbox 1367 2685 1464 2752; x_wconf 87' lang='lat' dir='ltr'>Debet</span> 
     </span>
     <span class='ocr_line' id='line_1_21' title="bbox 506 2791 1464 2870; baseline 0 -12"><span class='ocrx_word' id='word_1_164' title='bbox 506 2807 576 2858; x_wconf 86' lang='lat' dir='ltr'>esse</span> <span class='ocrx_word' id='word_1_165' title='bbox 597 2793 789 2860; x_wconf 83' lang='grc'>4444444444</span> <span class='ocrx_word' id='word_1_166' title='bbox 806 2813 830 2860; x_wconf 88' lang='grc'>4</span> <span class='ocrx_word' id='word_1_167' title='bbox 844 2795 933 2858; x_wconf 86' lang='lat' dir='ltr'>molo</span> <span class='ocrx_word' id='word_1_168' title='bbox 957 2793 1108 2870; x_wconf 86' lang='grc'>44444444,</span> <span class='ocrx_word' id='word_1_169' title='bbox 1127 2791 1299 2858; x_wconf 89' lang='lat' dir='ltr'>secundum</span> <span class='ocrx_word' id='word_1_170' title='bbox 1315 2791 1394 2858; x_wconf 91' lang='lat' dir='ltr'>illud</span> <span class='ocrx_word' id='word_1_171' title='bbox 1409 2791 1464 2858; x_wconf 88' lang='lat' dir='ltr'>Ec-</span> 
     </span>
     <span class='ocr_line' id='line_1_22' title="bbox 507 2895 1464 2984; baseline -0.002 -22"><span class='ocrx_word' id='word_1_172' title='bbox 507 2896 669 2964; x_wconf 86' lang='lat' dir='ltr'>clesiastici</span> <span class='ocrx_word' id='word_1_173' title='bbox 702 2897 861 2984; x_wconf 90' lang='lat' dir='ltr'>trigesimo</span> <span class='ocrx_word' id='word_1_174' title='bbox 897 2897 1050 2980; x_wconf 89' lang='lat' dir='ltr'>septimo:</span> <span class='ocrx_word' id='word_1_175' title='bbox 1085 2897 1144 2960; x_wconf 83' lang='grc' dir='ltr'>«Α</span> <span class='ocrx_word' id='word_1_176' title='bbox 1174 2895 1350 2960; x_wconf 90' lang='lat' dir='ltr'>consiliario</span> <span class='ocrx_word' id='word_1_177' title='bbox 1382 2897 1464 2960; x_wconf 89' lang='lat' dir='ltr'>malo</span> 
     </span>
     <span class='ocr_line' id='line_1_23' title="bbox 507 2999 1463 3084; baseline -0.004 -16"><span class='ocrx_word' id='word_1_178' title='bbox 507 3017 597 3068; x_wconf 85' lang='lat' dir='ltr'>serve</span> <span class='ocrx_word' id='word_1_179' title='bbox 613 2999 748 3068; x_wconf 91' lang='lat' dir='ltr'>animam</span> <span class='ocrx_word' id='word_1_180' title='bbox 766 3005 852 3066; x_wconf 89' lang='lat' dir='ltr'>tuam</span> <span class='ocrx_word' id='word_1_181' title='bbox 864 3023 897 3080; x_wconf 72' lang='lat'>»3</span> <span class='ocrx_word' id='word_1_182' title='bbox 913 2999 1003 3084; x_wconf 87' lang='lat' dir='ltr'>qula,</span> <span class='ocrx_word' id='word_1_183' title='bbox 1019 2999 1059 3064; x_wconf 95' lang='lat' dir='ltr'>ad</span> <span class='ocrx_word' id='word_1_184' title='bbox 1072 2999 1224 3064; x_wconf 88' lang='lat' dir='ltr'>Romanos</span> <span class='ocrx_word' id='word_1_185' title='bbox 1235 2999 1351 3082; x_wconf 91' lang='lat' dir='ltr'>primo,</span> <span class='ocrx_word' id='word_1_186' title='bbox 1376 3017 1463 3064; x_wconf 83' lang='lat' dir='ltr'>«non</span> 
     </span>
     <span class='ocr_line' id='line_1_24' title="bbox 507 3103 1463 3190; baseline -0.002 -18"><span class='ocrx_word' id='word_1_187' title='bbox 507 3107 608 3172; x_wconf 90' lang='lat' dir='ltr'>solum</span> <span class='ocrx_word' id='word_1_188' title='bbox 633 3105 687 3190; x_wconf 91' lang='lat' dir='ltr'>qui</span> <span class='ocrx_word' id='word_1_189' title='bbox 712 3105 784 3172; x_wconf 91' lang='lat' dir='ltr'>talia</span> <span class='ocrx_word' id='word_1_190' title='bbox 807 3111 905 3190; x_wconf 89' lang='lat' dir='ltr'>agunt</span> <span class='ocrx_word' id='word_1_191' title='bbox 935 3105 1020 3190; x_wconf 81' lang='lat' dir='ltr'>digni</span> <span class='ocrx_word' id='word_1_192' title='bbox 1044 3111 1119 3170; x_wconf 92' lang='lat' dir='ltr'>suut</span> <span class='ocrx_word' id='word_1_193' title='bbox 1142 3107 1262 3182; x_wconf 85' lang='lat' dir='ltr'>morte,</span> <span class='ocrx_word' id='word_1_194' title='bbox 1293 3103 1347 3170; x_wconf 89' lang='lat' dir='ltr'>sed</span> <span class='ocrx_word' id='word_1_195' title='bbox 1372 3103 1463 3171; x_wconf 90' lang='lat' dir='ltr'>etiam</span> 
     </span>
     <span class='ocr_line' id='line_1_25' title="bbox 507 3209 1465 3296; baseline 0 -20"><span class='ocrx_word' id='word_1_196' title='bbox 507 3211 561 3296; x_wconf 92' lang='lat' dir='ltr'>qui</span> <span class='ocrx_word' id='word_1_197' title='bbox 590 3209 789 3276; x_wconf 87' lang='lat' dir='ltr'>consentiunt</span> <span class='ocrx_word' id='word_1_198' title='bbox 821 3209 1008 3278; x_wconf 89' lang='lat' dir='ltr'>facientibus</span> <span class='ocrx_word' id='word_1_199' title='bbox 1027 3235 1058 3274; x_wconf 73' lang='lat' dir='ltr'>a.</span> <span class='ocrx_word' id='word_1_200' title='bbox 1090 3209 1190 3276; x_wconf 88' lang='lat' dir='ltr'>Debet</span> <span class='ocrx_word' id='word_1_201' title='bbox 1219 3225 1287 3276; x_wconf 90' lang='lat' dir='ltr'>esse</span> <span class='ocrx_word' id='word_1_202' title='bbox 1311 3209 1352 3276; x_wconf 89' lang='grc'>44</span> <span class='ocrx_word' id='word_1_203' title='bbox 1385 3209 1465 3276; x_wconf 79' lang='grc'>444-</span> 
     </span>
     <span class='ocr_line' id='line_1_26' title="bbox 506 3309 1465 3398; baseline -0.001 -18"><span class='ocrx_word' id='word_1_204' title='bbox 506 3309 678 3392; x_wconf 84' lang='grc'>4444444,</span> <span class='ocrx_word' id='word_1_205' title='bbox 704 3329 783 3396; x_wconf 84' lang='grc'>4444</span> <span class='ocrx_word' id='word_1_206' title='bbox 807 3313 1035 3398; x_wconf 88' lang='lat' dir='ltr'>interpretatur</span> <span class='ocrx_word' id='word_1_207' title='bbox 1059 3311 1164 3398; x_wconf 81' lang='lat' dir='ltr'>uigilia</span> <span class='ocrx_word' id='word_1_208' title='bbox 1188 3311 1363 3380; x_wconf 89' lang='lat' dir='ltr'>donationis</span> <span class='ocrx_word' id='word_1_209' title='bbox 1377 3313 1400 3394; x_wconf 81' lang='lat'>⁵,</span> <span class='ocrx_word' id='word_1_210' title='bbox 1429 3317 1465 3380; x_wconf 87' lang='lat' dir='ltr'>ut</span> 
     </span>
     <span class='ocr_line' id='line_1_27' title="bbox 506 3417 1465 3504; baseline 0.002 -20"><span class='ocrx_word' id='word_1_211' title='bbox 506 3417 612 3504; x_wconf 86' lang='lat' dir='ltr'>uigilet</span> <span class='ocrx_word' id='word_1_212' title='bbox 635 3417 717 3486; x_wconf 90' lang='grc'>44444</span> <span class='ocrx_word' id='word_1_213' title='bbox 740 3437 867 3504; x_wconf 78' lang='lat' dir='ltr'>gregem</span> <span class='ocrx_word' id='word_1_214' title='bbox 892 3417 950 3486; x_wconf 90' lang='lat' dir='ltr'>sibi</span> <span class='ocrx_word' id='word_1_215' title='bbox 974 3419 1198 3500; x_wconf 76' lang='lat' dir='ltr'>commissum,</span> <span class='ocrx_word' id='word_1_216' title='bbox 1221 3419 1465 3488; x_wconf 76' lang='lat' dir='ltr'>proverbiorum</span> 
     </span>
     <span class='ocr_line' id='line_1_28' title="bbox 506 3521 1464 3612; baseline 0.002 -22"><span class='ocrx_word' id='word_1_217' title='bbox 506 3521 655 3608; x_wconf 82' lang='lat' dir='ltr'>vigesimo</span> <span class='ocrx_word' id='word_1_218' title='bbox 671 3523 820 3608; x_wconf 89' lang='lat' dir='ltr'>septimo:</span> <span class='ocrx_word' id='word_1_219' title='bbox 849 3551 866 3584; x_wconf 75' lang='grc'>4</span> <span class='ocrx_word' id='word_1_220' title='bbox 882 3523 1054 3610; x_wconf 82' lang='lat' dir='ltr'>Diligenter</span> <span class='ocrx_word' id='word_1_221' title='bbox 1070 3541 1203 3608; x_wconf 88' lang='lat' dir='ltr'>agnosce</span> <span class='ocrx_word' id='word_1_222' title='bbox 1224 3525 1348 3592; x_wconf 86' lang='lat' dir='ltr'>vultum</span> <span class='ocrx_word' id='word_1_223' title='bbox 1373 3545 1464 3612; x_wconf 90' lang='lat' dir='ltr'>peoo-</span> 
     </span>
     <span class='ocr_line' id='line_1_29' title="bbox 506 3627 1464 3716; baseline 0.004 -22"><span class='ocrx_word' id='word_1_224' title='bbox 506 3627 550 3696; x_wconf 88' lang='grc'>444</span> <span class='ocrx_word' id='word_1_225' title='bbox 575 3627 649 3694; x_wconf 78' lang='lat' dir='ltr'>tui»</span> <span class='ocrx_word' id='word_1_226' title='bbox 681 3634 758 3710; x_wconf 88' lang='lat' dir='ltr'>etc.;</span> <span class='ocrx_word' id='word_1_227' title='bbox 781 3635 815 3696; x_wconf 91' lang='grc'>44</span> <span class='ocrx_word' id='word_1_228' title='bbox 836 3629 905 3698; x_wconf 88' lang='grc'>4444</span> <span class='ocrx_word' id='word_1_229' title='bbox 929 3647 1026 3714; x_wconf 88' lang='grc'>44444</span> <span class='ocrx_word' id='word_1_230' title='bbox 1050 3627 1188 3698; x_wconf 88' lang='grc'>4444444</span> <span class='ocrx_word' id='word_1_231' title='bbox 1217 3629 1347 3710; x_wconf 87' lang='grc'>4444444,</span> <span class='ocrx_word' id='word_1_232' title='bbox 1380 3629 1464 3716; x_wconf 93' lang='lat' dir='ltr'>quod</span> 
     </span>
     <span class='ocr_line' id='line_1_30' title="bbox 512 3737 1465 3824; baseline 0.013 -30"><span class='ocrx_word' id='word_1_233' title='bbox 512 3759 527 3794; x_wconf 89' lang='lat'>«</span> <span class='ocrx_word' id='word_1_234' title='bbox 542 3739 685 3820; x_wconf 84' lang='lat' dir='ltr'>pastores</span> <span class='ocrx_word' id='word_1_235' title='bbox 718 3745 809 3802; x_wconf 88' lang='lat' dir='ltr'>erant</span> <span class='ocrx_word' id='word_1_236' title='bbox 842 3737 1008 3822; x_wconf 78' lang='lat' dir='ltr'>uigilantes</span> <span class='ocrx_word' id='word_1_237' title='bbox 1042 3743 1074 3804; x_wconf 89' lang='lat' dir='ltr'>et</span> <span class='ocrx_word' id='word_1_238' title='bbox 1100 3737 1312 3818; x_wconf 84' lang='lat' dir='ltr'>custodientes</span> <span class='ocrx_word' id='word_1_239' title='bbox 1343 3737 1465 3824; x_wconf 83' lang='lat' dir='ltr'>uigilias</span> 
     </span>
     <span class='ocr_line' id='line_1_31' title="bbox 506 3841 1464 3932; baseline 0.004 -24"><span class='ocrx_word' id='word_1_240' title='bbox 506 3841 604 3910; x_wconf 91' lang='lat' dir='ltr'>noctis</span> <span class='ocrx_word' id='word_1_241' title='bbox 622 3869 638 3902; x_wconf 75' lang='lat' dir='ltr'>a</span> <span class='ocrx_word' id='word_1_242' title='bbox 657 3845 716 3908; x_wconf 90' lang='grc'>444.</span> <span class='ocrx_word' id='word_1_243' title='bbox 732 3841 832 3910; x_wconf 90' lang='lat' dir='ltr'>Debet</span> <span class='ocrx_word' id='word_1_244' title='bbox 854 3861 923 3910; x_wconf 93' lang='lat' dir='ltr'>esse</span> <span class='ocrx_word' id='word_1_245' title='bbox 939 3851 1131 3932; x_wconf 81' lang='grc'>4444444444</span> <span class='ocrx_word' id='word_1_246' title='bbox 1148 3863 1290 3932; x_wconf 80' lang='lat' dir='ltr'>reguum</span> <span class='ocrx_word' id='word_1_247' title='bbox 1315 3845 1392 3926; x_wconf 81' lang='lat' dir='ltr'>Dei,</span> <span class='ocrx_word' id='word_1_248' title='bbox 1417 3863 1464 3914; x_wconf 91' lang='lat' dir='ltr'>se-</span> 
     </span>
     <span class='ocr_line' id='line_1_32' title="bbox 507 3947 1465 4036; baseline 0.002 -22"><span class='ocrx_word' id='word_1_249' title='bbox 507 3947 646 4014; x_wconf 90' lang='lat' dir='ltr'>cundum</span> <span class='ocrx_word' id='word_1_250' title='bbox 678 3947 757 4014; x_wconf 90' lang='lat' dir='ltr'>illud</span> <span class='ocrx_word' id='word_1_251' title='bbox 779 3949 881 4016; x_wconf 89' lang='lat' dir='ltr'>lacobi</span> <span class='ocrx_word' id='word_1_252' title='bbox 911 3947 1066 4034; x_wconf 68' lang='lat' dir='ltr'>quintoss:</span> <span class='ocrx_word' id='word_1_253' title='bbox 1096 3975 1113 4010; x_wconf 85' lang='lat'>«</span> <span class='ocrx_word' id='word_1_254' title='bbox 1129 3949 1222 4030; x_wconf 88' lang='lat' dir='ltr'>licce,</span> <span class='ocrx_word' id='word_1_255' title='bbox 1247 3951 1383 4036; x_wconf 87' lang='lat' dir='ltr'>agricola</span> <span class='ocrx_word' id='word_1_256' title='bbox 1408 3967 1465 4018; x_wconf 82' lang='lat' dir='ltr'>ex-</span> 
     </span>
     <span class='ocr_line' id='line_1_33' title="bbox 506 4053 1464 4140; baseline 0.004 -20"><span class='ocrx_word' id='word_1_257' title='bbox 506 4057 627 4136; x_wconf 90' lang='lat' dir='ltr'>spectat</span> <span class='ocrx_word' id='word_1_258' title='bbox 647 4053 823 4136; x_wconf 90' lang='lat' dir='ltr'>pretiosum</span> <span class='ocrx_word' id='word_1_259' title='bbox 850 4053 992 4122; x_wconf 88' lang='lat' dir='ltr'>fructum</span> <span class='ocrx_word' id='word_1_260' title='bbox 1015 4059 1134 4134; x_wconf 88' lang='grc'>444444,</span> <span class='ocrx_word' id='word_1_261' title='bbox 1164 4055 1320 4140; x_wconf 88' lang='lat' dir='ltr'>patienter</span> <span class='ocrx_word' id='word_1_262' title='bbox 1342 4055 1464 4134; x_wconf 88' lang='lat' dir='ltr'>ferens,</span> 
     </span>
     <span class='ocr_line' id='line_1_34' title="bbox 506 4157 1464 4246; baseline 0 -20"><span class='ocrx_word' id='word_1_263' title='bbox 506 4159 603 4226; x_wconf 88' lang='lat' dir='ltr'>donec</span> <span class='ocrx_word' id='word_1_264' title='bbox 626 4157 757 4244; x_wconf 86' lang='lat' dir='ltr'>accipiat</span> <span class='ocrx_word' id='word_1_265' title='bbox 778 4167 1017 4246; x_wconf 87' lang='lat' dir='ltr'>temporaneum</span> <span class='ocrx_word' id='word_1_266' title='bbox 1043 4165 1074 4228; x_wconf 91' lang='lat' dir='ltr'>et</span> <span class='ocrx_word' id='word_1_267' title='bbox 1089 4161 1262 4228; x_wconf 88' lang='lat' dir='ltr'>serotinum</span> <span class='ocrx_word' id='word_1_268' title='bbox 1276 4187 1308 4228; x_wconf 74' lang='lat' dir='ltr'>u.</span> <span class='ocrx_word' id='word_1_269' title='bbox 1322 4199 1363 4208; x_wconf 88' lang='lat'>-</span> <span class='ocrx_word' id='word_1_270' title='bbox 1383 4161 1464 4228; x_wconf 93' lang='lat' dir='ltr'>Talis</span> 
     </span>
     <span class='ocr_line' id='line_1_35' title="bbox 505 4263 1464 4350; baseline 0.002 -20"><span class='ocrx_word' id='word_1_271' title='bbox 505 4263 602 4350; x_wconf 90' lang='lat' dir='ltr'>igitur</span> <span class='ocrx_word' id='word_1_272' title='bbox 626 4263 802 4350; x_wconf 89' lang='lat' dir='ltr'>praelatus,</span> <span class='ocrx_word' id='word_1_273' title='bbox 825 4263 858 4332; x_wconf 91' lang='lat' dir='ltr'>in</span> <span class='ocrx_word' id='word_1_274' title='bbox 875 4283 939 4350; x_wconf 90' lang='lat' dir='ltr'>quo</span> <span class='ocrx_word' id='word_1_275' title='bbox 961 4265 1175 4346; x_wconf 84' lang='lat' dir='ltr'>estvirilitas,</span> <span class='ocrx_word' id='word_1_276' title='bbox 1199 4265 1392 4346; x_wconf 85' lang='lat' dir='ltr'>studiositas,</span> <span class='ocrx_word' id='word_1_277' title='bbox 1409 4285 1464 4332; x_wconf 88' lang='lat' dir='ltr'>uo-</span> 
     </span>
     <span class='ocr_line' id='line_1_36' title="bbox 506 4367 1464 4454; baseline 0 -18"><span class='ocrx_word' id='word_1_278' title='bbox 506 4367 608 4436; x_wconf 87' lang='lat' dir='ltr'>bilitas</span> <span class='ocrx_word' id='word_1_279' title='bbox 631 4385 772 4450; x_wconf 88' lang='lat' dir='ltr'>morum,</span> <span class='ocrx_word' id='word_1_280' title='bbox 796 4369 932 4450; x_wconf 88' lang='lat' dir='ltr'>iustitia,</span> <span class='ocrx_word' id='word_1_281' title='bbox 954 4369 1146 4450; x_wconf 90' lang='lat' dir='ltr'>innocentia,</span> <span class='ocrx_word' id='word_1_282' title='bbox 1163 4369 1322 4454; x_wconf 84' lang='lat' dir='ltr'>uigilantia</span> <span class='ocrx_word' id='word_1_283' title='bbox 1344 4377 1376 4438; x_wconf 89' lang='lat' dir='ltr'>et</span> <span class='ocrx_word' id='word_1_284' title='bbox 1391 4387 1464 4436; x_wconf 90' lang='lat' dir='ltr'>con-</span> 
     </span>
    </p>

    <p class='ocr_par' dir='ltr' id='par_1_4' title="bbox 397 4473 1464 4778">
     <span class='ocr_line' id='line_1_37' title="bbox 397 4473 1464 4556; baseline 0.004 -16"><span class='ocrx_word' id='word_1_285' title='bbox 397 4521 399 4524; x_wconf 91' lang='grc'>-</span> <span class='ocrx_word' id='word_1_286' title='bbox 505 4473 648 4554; x_wconf 89' lang='grc'>4444444,</span> <span class='ocrx_word' id='word_1_287' title='bbox 673 4473 805 4544; x_wconf 90' lang='lat' dir='ltr'>idoneus</span> <span class='ocrx_word' id='word_1_288' title='bbox 827 4481 892 4556; x_wconf 91' lang='lat' dir='ltr'>est,</span> <span class='ocrx_word' id='word_1_289' title='bbox 916 4481 953 4544; x_wconf 90' lang='lat' dir='ltr'>ut</span> <span class='ocrx_word' id='word_1_290' title='bbox 975 4475 1137 4544; x_wconf 89' lang='lat' dir='ltr'>Christum</span> <span class='ocrx_word' id='word_1_291' title='bbox 1161 4475 1194 4542; x_wconf 94' lang='lat' dir='ltr'>in</span> <span class='ocrx_word' id='word_1_292' title='bbox 1215 4475 1368 4544; x_wconf 89' lang='lat' dir='ltr'>membris</span> <span class='ocrx_word' id='word_1_293' title='bbox 1397 4475 1464 4544; x_wconf 84' lang='grc'>4444</span> 
     </span>
     <span class='ocr_line' id='line_1_38' title="bbox 506 4581 1464 4670; baseline -0.003 -20"><span class='ocrx_word' id='word_1_294' title='bbox 506 4581 698 4650; x_wconf 85' lang='lat' dir='ltr'>crucifixum</span> <span class='ocrx_word' id='word_1_295' title='bbox 720 4583 872 4670; x_wconf 88' lang='lat' dir='ltr'>suscipiat</span> <span class='ocrx_word' id='word_1_296' title='bbox 894 4589 927 4652; x_wconf 92' lang='lat' dir='ltr'>et</span> <span class='ocrx_word' id='word_1_297' title='bbox 950 4583 1079 4652; x_wconf 88' lang='lat' dir='ltr'>collocet</span> <span class='ocrx_word' id='word_1_298' title='bbox 1102 4583 1263 4652; x_wconf 90' lang='lat' dir='ltr'>inlocum</span> <span class='ocrx_word' id='word_1_299' title='bbox 1296 4581 1410 4668; x_wconf 88' lang='lat' dir='ltr'>quietis</span> <span class='ocrx_word' id='word_1_300' title='bbox 1433 4586 1464 4650; x_wconf 91' lang='lat' dir='ltr'>et</span> 
     </span>
     <span class='ocr_line' id='line_1_39' title="bbox 506 4687 892 4778; baseline -0.005 -22"><span class='ocrx_word' id='word_1_301' title='bbox 506 4687 731 4778; x_wconf 77' lang='lat' dir='ltr'>ecclesiastIcae</span> <span class='ocrx_word' id='word_1_302' title='bbox 754 4689 892 4756; x_wconf 85' lang='lat' dir='ltr'>unitatis</span> 
     </span>
    </p>

    <p class='ocr_par' dir='ltr' id='par_1_5' title="bbox 346 4793 1464 4988">
     <span class='ocr_line' id='line_1_40' title="bbox 596 4793 1464 4882; baseline 0 -20"><span class='ocrx_word' id='word_1_303' title='bbox 596 4795 773 4880; x_wconf 77' lang='grc'>64444444.</span> <span class='ocrx_word' id='word_1_304' title='bbox 800 4795 877 4880; x_wconf 72' lang='lat' dir='ltr'>bh).</span> <span class='ocrx_word' id='word_1_305' title='bbox 902 4795 1044 4864; x_wconf 92' lang='lat' dir='ltr'>Secundo</span> <span class='ocrx_word' id='word_1_306' title='bbox 1067 4801 1222 4882; x_wconf 89' lang='lat' dir='ltr'>quantum</span> <span class='ocrx_word' id='word_1_307' title='bbox 1246 4797 1284 4864; x_wconf 90' lang='lat' dir='ltr'>ad</span> <span class='ocrx_word' id='word_1_308' title='bbox 1308 4793 1464 4880; x_wconf 82' lang='grc'>4444444-</span> 
     </span>
     <span class='ocr_line' id='line_1_41' title="bbox 346 4899 1464 4988; baseline -0.004 -18"><span class='ocrx_word' id='word_1_309' title='bbox 346 4903 494 4974; x_wconf 74' lang='lat' dir='ltr'>uuuuuu.</span> <span class='ocrx_word' id='word_1_310' title='bbox 506 4899 646 4968; x_wconf 82' lang='lat' dir='ltr'>centlum</span> <span class='ocrx_word' id='word_1_311' title='bbox 669 4901 861 4988; x_wconf 84' lang='grc'>4444444444</span> <span class='ocrx_word' id='word_1_312' title='bbox 884 4901 1006 4970; x_wconf 89' lang='lat' dir='ltr'>subdit:</span> <span class='ocrx_word' id='word_1_313' title='bbox 1025 4901 1263 4988; x_wconf 82' lang='lat' dir='ltr'>Etdeposituuc</span> <span class='ocrx_word' id='word_1_314' title='bbox 1278 4901 1464 4968; x_wconf 73' lang='lat' dir='ltr'>concludio</span> 
     </span>
    </p>
   </div>
   <div class='ocr_carea' id='block_1_3' title="bbox 350 4979 538 5040">
    <p class='ocr_par' dir='ltr' id='par_1_6' title="bbox 350 4979 538 5040">
     <span class='ocr_line' id='line_1_42' title="bbox 350 4979 538 5040; baseline 0.021 -16"><span class='ocrx_word' id='word_1_315' title='bbox 350 4981 382 5040; x_wconf 78' lang='lat' dir='ltr'>tle</span> <span class='ocrx_word' id='word_1_316' title='bbox 398 4979 493 5038; x_wconf 84' lang='grc'>4444444·</span> <span class='ocrx_word' id='word_1_317' title='bbox 534 4989 538 4996; x_wconf 90' lang='grc'><strong>“</strong></span> 
     </span>
    </p>
   </div>
   <div class='ocr_carea' id='block_1_4' title="bbox 400 5005 1464 5090">
    <p class='ocr_par' dir='ltr' id='par_1_7' title="bbox 400 5005 1464 5090">
     <span class='ocr_line' id='line_1_43' title="bbox 400 5005 1464 5090; baseline -0.001 -18"><span class='ocrx_word' id='word_1_318' title='bbox 400 5045 447 5080; x_wconf 71' lang='lat' dir='ltr'>rae.</span> <span class='ocrx_word' id='word_1_319' title='bbox 505 5005 641 5074; x_wconf 86' lang='grc'>4444444</span> <span class='ocrx_word' id='word_1_320' title='bbox 663 5007 793 5072; x_wconf 78' lang='lat' dir='ltr'>muodo</span> <span class='ocrx_word' id='word_1_321' title='bbox 806 5007 838 5084; x_wconf 77' lang='lat'>⁷,-</span> <span class='ocrx_word' id='word_1_322' title='bbox 861 5007 922 5074; x_wconf 90' lang='lat' dir='ltr'>hoe</span> <span class='ocrx_word' id='word_1_323' title='bbox 944 5007 1026 5090; x_wconf 87' lang='lat' dir='ltr'>enirn</span> <span class='ocrx_word' id='word_1_324' title='bbox 1052 5007 1380 5074; x_wconf 86' lang='lat' dir='ltr'>conuenientissimum</span> <span class='ocrx_word' id='word_1_325' title='bbox 1396 5009 1464 5072; x_wconf 88' lang='lat' dir='ltr'>erat</span> 
     </span>
    </p>
   </div>
   <div class='ocr_carea' id='block_1_5' title="bbox 490 5305 1486 6966">
    <p class='ocr_par' dir='ltr' id='par_1_8' title="bbox 505 5305 1466 5906">
     <span class='ocr_line' id='line_1_44' title="bbox 576 5305 1168 5374; baseline 0 -14"><span class='ocrx_word' id='word_1_326' title='bbox 576 5305 585 5336; x_wconf 81' lang='lat'><em>¹</em></span> <span class='ocrx_word' id='word_1_327' title='bbox 605 5307 681 5360; x_wconf 78' lang='lat' dir='ltr'>Vens.</span> <span class='ocrx_word' id='word_1_328' title='bbox 700 5307 732 5374; x_wconf 89' lang='grc'>6,</span> <span class='ocrx_word' id='word_1_329' title='bbox 751 5305 796 5360; x_wconf 92' lang='lat' dir='ltr'>ubi</span> <span class='ocrx_word' id='word_1_330' title='bbox 815 5307 869 5360; x_wconf 82' lang='lat' dir='ltr'>hD</span> <span class='ocrx_word' id='word_1_331' title='bbox 887 5307 1011 5360; x_wconf 87' lang='lat' dir='ltr'>omittunt</span> <span class='ocrx_word' id='word_1_332' title='bbox 1029 5321 1168 5374; x_wconf 80' lang='grc'>44444444.</span> 
     </span>
     <span class='ocr_line' id='line_1_45' title="bbox 575 5393 1464 5460; baseline 0 -12"><span class='ocrx_word' id='word_1_333' title='bbox 575 5393 587 5424; x_wconf 76' lang='lat' dir='ltr'>a</span> <span class='ocrx_word' id='word_1_334' title='bbox 608 5395 682 5448; x_wconf 82' lang='lat' dir='ltr'>Vens.</span> <span class='ocrx_word' id='word_1_335' title='bbox 700 5395 881 5460; x_wconf 68' lang='grc'>24544444,</span> <span class='ocrx_word' id='word_1_336' title='bbox 903 5395 937 5448; x_wconf 88' lang='lat' dir='ltr'>de</span> <span class='ocrx_word' id='word_1_337' title='bbox 962 5393 1093 5448; x_wconf 83' lang='lat' dir='ltr'>Nomtnib.</span> <span class='ocrx_word' id='word_1_338' title='bbox 1116 5393 1250 5458; x_wconf 83' lang='lat' dir='ltr'>Hebraio,</span> <span class='ocrx_word' id='word_1_339' title='bbox 1268 5395 1304 5448; x_wconf 85' lang='lat' dir='ltr'>de</span> <span class='ocrx_word' id='word_1_340' title='bbox 1320 5395 1399 5448; x_wconf 82' lang='lat' dir='ltr'>Gen:</span> <span class='ocrx_word' id='word_1_341' title='bbox 1424 5395 1464 5448; x_wconf 90' lang='lat' dir='ltr'>I-</span> 
     </span>
     <span class='ocr_line' id='line_1_46' title="bbox 505 5483 815 5552; baseline -0.026 -14"><span class='ocrx_word' id='word_1_342' title='bbox 505 5483 582 5552; x_wconf 74' lang='lat' dir='ltr'>sept,</span> <span class='ocrx_word' id='word_1_343' title='bbox 603 5489 785 5546; x_wconf 81' lang='lat' dir='ltr'>augmentum.</span> <span class='ocrx_word' id='word_1_344' title='bbox 813 5525 815 5530; x_wconf 81' lang='grc'>,</span> 
     </span>
     <span class='ocr_line' id='line_1_47' title="bbox 575 5565 1464 5638; baseline 0 -14"><span class='ocrx_word' id='word_1_345' title='bbox 575 5571 586 5602; x_wconf 80' lang='lat'>³</span> <span class='ocrx_word' id='word_1_346' title='bbox 605 5573 681 5624; x_wconf 84' lang='lat' dir='ltr'>Vers.</span> <span class='ocrx_word' id='word_1_347' title='bbox 701 5565 725 5624; x_wconf 82' lang='grc'>4.</span> <span class='ocrx_word' id='word_1_348' title='bbox 744 5597 780 5610; x_wconf 89' lang='lat'>·-</span> <span class='ocrx_word' id='word_1_349' title='bbox 799 5573 857 5624; x_wconf 92' lang='lat' dir='ltr'>Duo</span> <span class='ocrx_word' id='word_1_350' title='bbox 875 5585 951 5638; x_wconf 86' lang='lat' dir='ltr'>seqq.</span> <span class='ocrx_word' id='word_1_351' title='bbox 969 5571 1018 5624; x_wconf 89' lang='lat' dir='ltr'>loci</span> <span class='ocrx_word' id='word_1_352' title='bbox 1032 5577 1093 5624; x_wconf 84' lang='grc'>4444</span> <span class='ocrx_word' id='word_1_353' title='bbox 1111 5573 1137 5625; x_wconf 91' lang='lat' dir='ltr'>ll.</span> <span class='ocrx_word' id='word_1_354' title='bbox 1160 5571 1228 5624; x_wconf 88' lang='lat' dir='ltr'>Tim.</span> <span class='ocrx_word' id='word_1_355' title='bbox 1248 5573 1279 5634; x_wconf 98' lang='grc'>2,</span> <span class='ocrx_word' id='word_1_356' title='bbox 1299 5573 1323 5624; x_wconf 91' lang='grc'>3.</span> <span class='ocrx_word' id='word_1_357' title='bbox 1343 5579 1369 5624; x_wconf 89' lang='grc'>44</span> <span class='ocrx_word' id='word_1_358' title='bbox 1385 5573 1464 5624; x_wconf 87' lang='grc' dir='ltr'>Ρ444.</span> 
     </span>
     <span class='ocr_line' id='line_1_48' title="bbox 505 5663 612 5726; baseline 0 -12"><span class='ocrx_word' id='word_1_359' title='bbox 505 5663 549 5726; x_wconf 89' lang='grc'>34,</span> <span class='ocrx_word' id='word_1_360' title='bbox 568 5663 612 5714; x_wconf 89' lang='grc'>23.</span> 
     </span>
     <span class='ocr_line' id='line_1_49' title="bbox 577 5747 1466 5816; baseline 0.004 -16"><span class='ocrx_word' id='word_1_361' title='bbox 577 5747 589 5778; x_wconf 74' lang='lat'>⁴</span> <span class='ocrx_word' id='word_1_362' title='bbox 611 5749 684 5802; x_wconf 83' lang='lat' dir='ltr'>Vens.</span> <span class='ocrx_word' id='word_1_363' title='bbox 698 5749 723 5802; x_wconf 90' lang='lat' dir='ltr'>l.</span> <span class='ocrx_word' id='word_1_364' title='bbox 736 5777 771 5788; x_wconf 99' lang='lat'>-</span> <span class='ocrx_word' id='word_1_365' title='bbox 781 5747 900 5802; x_wconf 89' lang='lat' dir='ltr'>Subinde</span> <span class='ocrx_word' id='word_1_366' title='bbox 912 5751 1058 5816; x_wconf 83' lang='lat' dir='ltr'>allegantur</span> <span class='ocrx_word' id='word_1_367' title='bbox 1070 5751 1146 5804; x_wconf 88' lang='lat' dir='ltr'>Eceli.</span> <span class='ocrx_word' id='word_1_368' title='bbox 1161 5749 1202 5816; x_wconf 88' lang='grc'>37,</span> <span class='ocrx_word' id='word_1_369' title='bbox 1217 5751 1241 5802; x_wconf 87' lang='grc'>9.</span> <span class='ocrx_word' id='word_1_370' title='bbox 1255 5753 1281 5802; x_wconf 90' lang='grc'>44</span> <span class='ocrx_word' id='word_1_371' title='bbox 1294 5751 1369 5802; x_wconf 86' lang='lat' dir='ltr'>Rom.</span> <span class='ocrx_word' id='word_1_372' title='bbox 1383 5749 1407 5814; x_wconf 90' lang='grc'>4,</span> <span class='ocrx_word' id='word_1_373' title='bbox 1422 5749 1466 5804; x_wconf 86' lang='grc'>32.</span> 
     </span>
     <span class='ocr_line' id='line_1_50' title="bbox 535 5837 1464 5906; baseline 0.002 -16"><span class='ocrx_word' id='word_1_374' title='bbox 535 5879 537 5882; x_wconf 92' lang='grc'><strong>.</strong></span> <span class='ocrx_word' id='word_1_375' title='bbox 576 5837 587 5868; x_wconf 84' lang='lat'>⁵</span> <span class='ocrx_word' id='word_1_376' title='bbox 607 5841 641 5890; x_wconf 89' lang='lat' dir='ltr'>lta</span> <span class='ocrx_word' id='word_1_377' title='bbox 660 5837 739 5890; x_wconf 90' lang='lat' dir='ltr'>etiam</span> <span class='ocrx_word' id='word_1_378' title='bbox 752 5837 828 5892; x_wconf 87' lang='lat' dir='ltr'>Card.</span> <span class='ocrx_word' id='word_1_379' title='bbox 842 5841 921 5904; x_wconf 83' lang='lat' dir='ltr'>Hugo</span> <span class='ocrx_word' id='word_1_380' title='bbox 939 5843 965 5892; x_wconf 89' lang='lat' dir='ltr'>et</span> <span class='ocrx_word' id='word_1_381' title='bbox 978 5839 1007 5892; x_wconf 88' lang='grc' dir='ltr'>Β.</span> <span class='ocrx_word' id='word_1_382' title='bbox 1022 5837 1133 5906; x_wconf 72' lang='lat' dir='ltr'>Albona,</span> <span class='ocrx_word' id='word_1_383' title='bbox 1152 5841 1271 5906; x_wconf 86' lang='lat' dir='ltr'>Hieron,</span> <span class='ocrx_word' id='word_1_384' title='bbox 1286 5841 1319 5894; x_wconf 92' lang='lat' dir='ltr'>de</span> <span class='ocrx_word' id='word_1_385' title='bbox 1331 5837 1464 5892; x_wconf 87' lang='lat' dir='ltr'>Nominib.</span> 
     </span>
    </p>

    <p class='ocr_par' dir='ltr' id='par_1_9' title="bbox 490 5927 1466 6350">
     <span class='ocr_line' id='line_1_51' title="bbox 490 5927 1465 5996; baseline 0.002 -16"><span class='ocrx_word' id='word_1_386' title='bbox 490 5927 491 5930; x_wconf 74' lang='grc'>’</span> <span class='ocrx_word' id='word_1_387' title='bbox 505 5927 639 5990; x_wconf 85' lang='lat' dir='ltr'>Hebraic,</span> <span class='ocrx_word' id='word_1_388' title='bbox 655 5927 688 5980; x_wconf 92' lang='lat' dir='ltr'>de</span> <span class='ocrx_word' id='word_1_389' title='bbox 701 5927 805 5980; x_wconf 79' lang='grc'>4444444</span> <span class='ocrx_word' id='word_1_390' title='bbox 827 5949 840 5978; x_wconf 71' lang='lat' dir='ltr'>a</span> <span class='ocrx_word' id='word_1_391' title='bbox 854 5927 1062 5994; x_wconf 80' lang='lat' dir='ltr'>Aru&#39;mothoeus,</span> <span class='ocrx_word' id='word_1_392' title='bbox 1076 5927 1183 5982; x_wconf 89' lang='lat' dir='ltr'>altitudo</span> <span class='ocrx_word' id='word_1_393' title='bbox 1195 5929 1266 5996; x_wconf 87' lang='lat' dir='ltr'>eius,</span> <span class='ocrx_word' id='word_1_394' title='bbox 1286 5929 1325 5982; x_wconf 89' lang='lat' dir='ltr'>vel</span> <span class='ocrx_word' id='word_1_395' title='bbox 1340 5931 1465 5982; x_wconf 75' lang='lat' dir='ltr'>exaltatus</span> 
     </span>
     <span class='ocr_line' id='line_1_52' title="bbox 507 6015 1464 6086; baseline 0.002 -18"><span class='ocrx_word' id='word_1_396' title='bbox 507 6023 548 6070; x_wconf 86' lang='lat' dir='ltr'>est</span> <span class='ocrx_word' id='word_1_397' title='bbox 566 6017 622 6082; x_wconf 90' lang='lat' dir='ltr'>ipse</span> <span class='ocrx_word' id='word_1_398' title='bbox 634 6035 660 6068; x_wconf 78' lang='grc'>4.</span> <span class='ocrx_word' id='word_1_399' title='bbox 680 6017 705 6068; x_wconf 88' lang='grc'>44</span> <span class='ocrx_word' id='word_1_400' title='bbox 725 6015 871 6070; x_wconf 89' lang='lat' dir='ltr'>Comment.</span> <span class='ocrx_word' id='word_1_401' title='bbox 890 6017 917 6068; x_wconf 93' lang='lat' dir='ltr'>in</span> <span class='ocrx_word' id='word_1_402' title='bbox 936 6017 1014 6070; x_wconf 85' lang='lat' dir='ltr'>llere.</span> <span class='ocrx_word' id='word_1_403' title='bbox 1035 6017 1076 6070; x_wconf 88' lang='grc'>45.</span> <span class='ocrx_word' id='word_1_404' title='bbox 1100 6017 1176 6086; x_wconf 86' lang='lat' dir='ltr'>(inter</span> <span class='ocrx_word' id='word_1_405' title='bbox 1193 6031 1238 6082; x_wconf 91' lang='lat' dir='ltr'>op.</span> <span class='ocrx_word' id='word_1_406' title='bbox 1256 6017 1372 6086; x_wconf 81' lang='lat' dir='ltr'>Hieron.)</span> <span class='ocrx_word' id='word_1_407' title='bbox 1394 6017 1464 6070; x_wconf 88' lang='lat' dir='ltr'>eirca</span> 
     </span>
     <span class='ocr_line' id='line_1_53' title="bbox 505 6105 1464 6174; baseline 0 -16"><span class='ocrx_word' id='word_1_408' title='bbox 505 6107 599 6158; x_wconf 87' lang='lat' dir='ltr'>duem:</span> <span class='ocrx_word' id='word_1_409' title='bbox 614 6107 705 6170; x_wconf 93' lang='lat' dir='ltr'>loseph</span> <span class='ocrx_word' id='word_1_410' title='bbox 725 6107 797 6160; x_wconf 84' lang='lat' dir='ltr'>venit</span> <span class='ocrx_word' id='word_1_411' title='bbox 809 6121 868 6160; x_wconf 91' lang='lat' dir='ltr'>sero</span> <span class='ocrx_word' id='word_1_412' title='bbox 880 6119 1025 6172; x_wconf 88' lang='lat' dir='ltr'>parasceve</span> <span class='ocrx_word' id='word_1_413' title='bbox 1038 6105 1071 6160; x_wconf 90' lang='lat' dir='ltr'>ab</span> <span class='ocrx_word' id='word_1_414' title='bbox 1084 6107 1243 6170; x_wconf 68' lang='lat' dir='ltr'>arimathia,</span> <span class='ocrx_word' id='word_1_415' title='bbox 1254 6121 1323 6174; x_wconf 88' lang='lat' dir='ltr'>quae</span> <span class='ocrx_word' id='word_1_416' title='bbox 1337 6107 1464 6174; x_wconf 87' lang='lat' dir='ltr'>interpre-</span> 
     </span>
     <span class='ocr_line' id='line_1_54' title="bbox 506 6193 1465 6264; baseline 0 -16"><span class='ocrx_word' id='word_1_417' title='bbox 506 6199 574 6248; x_wconf 89' lang='lat' dir='ltr'>tatur</span> <span class='ocrx_word' id='word_1_418' title='bbox 587 6193 735 6264; x_wconf 84' lang='grc'>44444444,</span> <span class='ocrx_word' id='word_1_419' title='bbox 749 6197 783 6250; x_wconf 89' lang='grc'>44</span> <span class='ocrx_word' id='word_1_420' title='bbox 797 6197 986 6260; x_wconf 91' lang='lat' dir='ltr'>deponendum</span> <span class='ocrx_word' id='word_1_421' title='bbox 998 6209 1097 6260; x_wconf 87' lang='grc'>444444</span> <span class='ocrx_word' id='word_1_422' title='bbox 1110 6195 1135 6248; x_wconf 87' lang='grc'>44</span> <span class='ocrx_word' id='word_1_423' title='bbox 1148 6201 1358 6248; x_wconf 90' lang='lat' dir='ltr'>monumentum.</span> <span class='ocrx_word' id='word_1_424' title='bbox 1371 6225 1407 6236; x_wconf 78' lang='lat'>..</span> <span class='ocrx_word' id='word_1_425' title='bbox 1420 6197 1465 6248; x_wconf 91' lang='lat' dir='ltr'>Se-</span> 
     </span>
     <span class='ocr_line' id='line_1_55' title="bbox 506 6281 1466 6350; baseline 0.002 -14"><span class='ocrx_word' id='word_1_426' title='bbox 506 6287 623 6350; x_wconf 89' lang='lat' dir='ltr'>quuntur</span> <span class='ocrx_word' id='word_1_427' title='bbox 641 6285 719 6336; x_wconf 74' lang='lat' dir='ltr'>prou.</span> <span class='ocrx_word' id='word_1_428' title='bbox 738 6283 787 6350; x_wconf 81' lang='lat'>27,</span> <span class='ocrx_word' id='word_1_429' title='bbox 806 6287 849 6338; x_wconf 79' lang='grc'>43.</span> <span class='ocrx_word' id='word_1_430' title='bbox 868 6291 893 6338; x_wconf 91' lang='grc'>44</span> <span class='ocrx_word' id='word_1_431' title='bbox 912 6287 975 6338; x_wconf 87' lang='lat' dir='ltr'>Luc.</span> <span class='ocrx_word' id='word_1_432' title='bbox 994 6287 1023 6348; x_wconf 78' lang='grc'>4,</span> <span class='ocrx_word' id='word_1_433' title='bbox 1045 6287 1070 6338; x_wconf 90' lang='lat'>8.</span> <span class='ocrx_word' id='word_1_434' title='bbox 1313 6281 1325 6314; x_wconf 79' lang='lat'>⁶</span> <span class='ocrx_word' id='word_1_435' title='bbox 1344 6285 1420 6338; x_wconf 80' lang='lat' dir='ltr'>llere.</span> <span class='ocrx_word' id='word_1_436' title='bbox 1437 6283 1466 6338; x_wconf 87' lang='lat'>7.</span> 
     </span>
    </p>

    <p class='ocr_par' dir='ltr' id='par_1_10' title="bbox 506 6369 1486 6536">
     <span class='ocr_line' id='line_1_56' title="bbox 578 6369 1464 6438; baseline 0 -14"><span class='ocrx_word' id='word_1_437' title='bbox 578 6369 589 6400; x_wconf 84' lang='lat'>&#39;¹</span> <span class='ocrx_word' id='word_1_438' title='bbox 609 6375 643 6424; x_wconf 89' lang='lat' dir='ltr'>lta</span> <span class='ocrx_word' id='word_1_439' title='bbox 663 6371 740 6424; x_wconf 90' lang='lat' dir='ltr'>etiam</span> <span class='ocrx_word' id='word_1_440' title='bbox 767 6371 795 6428; x_wconf 83' lang='grc' dir='ltr'>Β.</span> <span class='ocrx_word' id='word_1_441' title='bbox 823 6371 924 6426; x_wconf 74' lang='lat' dir='ltr'>hiberi.</span> <span class='ocrx_word' id='word_1_442' title='bbox 950 6379 978 6426; x_wconf 89' lang='lat' dir='ltr'>et</span> <span class='ocrx_word' id='word_1_443' title='bbox 1001 6373 1153 6434; x_wconf 86' lang='lat' dir='ltr'>Gorranus;</span> <span class='ocrx_word' id='word_1_444' title='bbox 1172 6375 1219 6426; x_wconf 87' lang='lat' dir='ltr'>clr.</span> <span class='ocrx_word' id='word_1_445' title='bbox 1238 6373 1324 6428; x_wconf 89' lang='lat' dir='ltr'>llattb.</span> <span class='ocrx_word' id='word_1_446' title='bbox 1346 6371 1393 6436; x_wconf 80' lang='grc'>44,</span> <span class='ocrx_word' id='word_1_447' title='bbox 1413 6373 1464 6438; x_wconf 83' lang='grc'>59;</span> 
     </span>
     <span class='ocr_line' id='line_1_57' title="bbox 506 6457 1486 6536; baseline 0.008 -26"><span class='ocrx_word' id='word_1_448' title='bbox 506 6457 567 6514; x_wconf 86' lang='lat' dir='ltr'>Vat.</span> <span class='ocrx_word' id='word_1_449' title='bbox 585 6473 645 6512; x_wconf 89' lang='lat' dir='ltr'>cum</span> <span class='ocrx_word' id='word_1_450' title='bbox 665 6461 777 6526; x_wconf 80' lang='lat' dir='ltr'>Vrrlgata</span> <span class='ocrx_word' id='word_1_451' title='bbox 797 6461 909 6516; x_wconf 85' lang='grc'>44444444</span> <span class='ocrx_word' id='word_1_452' title='bbox 926 6461 1047 6516; x_wconf 79' lang='lat' dir='ltr'>sindone.</span> <span class='ocrx_word' id='word_1_453' title='bbox 1365 6533 1366 6536; x_wconf 8' lang='grc' dir='ltr'><strong>Ἴ</strong></span> <span class='ocrx_word' id='word_1_454' title='bbox 1484 6473 1486 6480; x_wconf 75' lang='grc'>’</span> 
     </span>
    </p>

    <p class='ocr_par' dir='ltr' id='par_1_11' title="bbox 506 6545 1464 6788">
     <span class='ocr_line' id='line_1_58' title="bbox 577 6545 1464 6616; baseline 0.002 -16"><span class='ocrx_word' id='word_1_455' title='bbox 577 6545 588 6576; x_wconf 78' lang='lat'>⁸</span> <span class='ocrx_word' id='word_1_456' title='bbox 609 6547 679 6600; x_wconf 89' lang='lat' dir='ltr'>Idem</span> <span class='ocrx_word' id='word_1_457' title='bbox 707 6547 819 6602; x_wconf 87' lang='lat' dir='ltr'>insinuat</span> <span class='ocrx_word' id='word_1_458' title='bbox 844 6551 934 6602; x_wconf 89' lang='lat' dir='ltr'>Glossa</span> <span class='ocrx_word' id='word_1_459' title='bbox 953 6545 1097 6602; x_wconf 82' lang='grc'>4444444444</span> <span class='ocrx_word' id='word_1_460' title='bbox 1115 6545 1158 6616; x_wconf 81' lang='lat' dir='ltr'>(ex</span> <span class='ocrx_word' id='word_1_461' title='bbox 1175 6549 1260 6614; x_wconf 88' lang='lat' dir='ltr'>Beda,</span> <span class='ocrx_word' id='word_1_462' title='bbox 1280 6549 1323 6602; x_wconf 89' lang='lat' dir='ltr'>lV.</span> <span class='ocrx_word' id='word_1_463' title='bbox 1343 6551 1368 6602; x_wconf 94' lang='lat' dir='ltr'>in</span> <span class='ocrx_word' id='word_1_464' title='bbox 1385 6551 1464 6602; x_wconf 86' lang='lat' dir='ltr'>Mare.</span> 
     </span>
     <span class='ocr_line' id='line_1_59' title="bbox 507 6635 1464 6716; baseline 0.006 -30"><span class='ocrx_word' id='word_1_465' title='bbox 507 6635 557 6698; x_wconf 96' lang='grc'>45,</span> <span class='ocrx_word' id='word_1_466' title='bbox 576 6635 622 6702; x_wconf 90' lang='grc'>46,</span> <span class='ocrx_word' id='word_1_467' title='bbox 642 6635 688 6716; x_wconf 77' lang='lat' dir='ltr'>ubi</span> <span class='ocrx_word' id='word_1_468' title='bbox 707 6639 825 6704; x_wconf 89' lang='lat' dir='ltr'>sequitur</span> <span class='ocrx_word' id='word_1_469' title='bbox 844 6635 1032 6700; x_wconf 86' lang='lat' dir='ltr'>Hieron.,lV.</span> <span class='ocrx_word' id='word_1_470' title='bbox 1049 6635 1194 6690; x_wconf 87' lang='lat' dir='ltr'>Comment.</span> <span class='ocrx_word' id='word_1_471' title='bbox 1208 6637 1235 6690; x_wconf 90' lang='lat' dir='ltr'>iu</span> <span class='ocrx_word' id='word_1_472' title='bbox 1247 6639 1335 6692; x_wconf 88' lang='lat' dir='ltr'>llattb.</span> <span class='ocrx_word' id='word_1_473' title='bbox 1349 6637 1391 6704; x_wconf 83' lang='lat' dir='ltr'>nt,</span> <span class='ocrx_word' id='word_1_474' title='bbox 1409 6639 1464 6708; x_wconf 89' lang='grc'>59.)</span> 
     </span>
     <span class='ocr_line' id='line_1_60' title="bbox 506 6721 743 6788; baseline 0.025 -18"><span class='ocrx_word' id='word_1_475' title='bbox 506 6721 534 6774; x_wconf 92' lang='lat' dir='ltr'>in</span> <span class='ocrx_word' id='word_1_476' title='bbox 551 6725 613 6776; x_wconf 88' lang='lat' dir='ltr'>Luc.</span> <span class='ocrx_word' id='word_1_477' title='bbox 632 6725 681 6788; x_wconf 89' lang='grc'>23,</span> <span class='ocrx_word' id='word_1_478' title='bbox 701 6725 743 6776; x_wconf 79' lang='grc'>33.</span> 
     </span>
    </p>

    <p class='ocr_par' dir='ltr' id='par_1_12' title="bbox 577 6807 1068 6876">
     <span class='ocr_line' id='line_1_61' title="bbox 577 6807 1068 6876; baseline 0.004 -14"><span class='ocrx_word' id='word_1_479' title='bbox 577 6807 590 6836; x_wconf 81' lang='lat'>⁹</span> <span class='ocrx_word' id='word_1_480' title='bbox 609 6811 680 6874; x_wconf 85' lang='lat' dir='ltr'>Quos</span> <span class='ocrx_word' id='word_1_481' title='bbox 698 6813 776 6864; x_wconf 87' lang='lat' dir='ltr'>etiam</span> <span class='ocrx_word' id='word_1_482' title='bbox 795 6811 872 6866; x_wconf 86' lang='lat' dir='ltr'>Card.</span> <span class='ocrx_word' id='word_1_483' title='bbox 890 6815 969 6876; x_wconf 82' lang='lat' dir='ltr'>Hugo</span> <span class='ocrx_word' id='word_1_484' title='bbox 987 6815 1068 6866; x_wconf 83' lang='lat' dir='ltr'>allent.</span> 
     </span>
    </p>

    <p class='ocr_par' dir='ltr' id='par_1_13' title="bbox 577 6893 1215 6966">
     <span class='ocr_line' id='line_1_62' title="bbox 577 6893 1215 6966; baseline 0.016 -20"><span class='ocrx_word' id='word_1_485' title='bbox 577 6893 602 6924; x_wconf 86' lang='lat'>¹⁰</span> <span class='ocrx_word' id='word_1_486' title='bbox 620 6895 695 6948; x_wconf 86' lang='lat' dir='ltr'>Vens.</span> <span class='ocrx_word' id='word_1_487' title='bbox 716 6897 762 6964; x_wconf 78' lang='lat' dir='ltr'>al,</span> <span class='ocrx_word' id='word_1_488' title='bbox 783 6899 825 6950; x_wconf 88' lang='lat' dir='ltr'>cui</span> <span class='ocrx_word' id='word_1_489' title='bbox 845 6899 1008 6952; x_wconf 87' lang='lat' dir='ltr'>subnectitur</span> <span class='ocrx_word' id='word_1_490' title='bbox 1028 6901 1119 6954; x_wconf 84' lang='lat' dir='ltr'>Erech.</span> <span class='ocrx_word' id='word_1_491' title='bbox 1138 6901 1170 6966; x_wconf 84' lang='grc'>9,</span> <span class='ocrx_word' id='word_1_492' title='bbox 1189 6903 1215 6956; x_wconf 79' lang='lat'>2.</span> 
     </span>
    </p>
   </div>
   <div class='ocr_carea' id='block_1_6' title="bbox 1073 595 1911 670">
    <p class='ocr_par' dir='ltr' id='par_1_14' title="bbox 1073 595 1911 670">
     <span class='ocr_line' id='line_1_63' title="bbox 1073 595 1911 670; baseline 0 -4"><span class='ocrx_word' id='word_1_493' title='bbox 1073 599 1268 668; x_wconf 84' lang='lat' dir='ltr'>COIIIIENT.</span> <span class='ocrx_word' id='word_1_494' title='bbox 1292 601 1329 668; x_wconf 95' lang='lat' dir='ltr'>IN</span> <span class='ocrx_word' id='word_1_495' title='bbox 1352 599 1592 670; x_wconf 78' lang='lat' dir='ltr'>EVINGELIUIII</span> <span class='ocrx_word' id='word_1_496' title='bbox 1613 595 1731 666; x_wconf 80' lang='lat' dir='ltr'>Lucan</span> <span class='ocrx_word' id='word_1_497' title='bbox 1756 599 1788 664; x_wconf 88' lang='lat' dir='ltr'>C.</span> <span class='ocrx_word' id='word_1_498' title='bbox 1811 599 1911 668; x_wconf 86' lang='lat' dir='ltr'>XXIII.</span> 
     </span>
    </p>
   </div>
   <div class='ocr_carea' id='block_1_7' title="bbox 1527 773 2483 1396">
    <p class='ocr_par' dir='ltr' id='par_1_15' title="bbox 1527 773 2483 1396">
     <span class='ocr_line' id='line_1_64' title="bbox 1528 773 2482 848; baseline 0.002 -6"><span class='ocrx_word' id='word_1_499' title='bbox 1528 773 1751 842; x_wconf 87' lang='lat' dir='ltr'>mundissimae</span> <span class='ocrx_word' id='word_1_500' title='bbox 1767 777 1850 842; x_wconf 89' lang='lat' dir='ltr'>carni</span> <span class='ocrx_word' id='word_1_501' title='bbox 1867 777 1992 844; x_wconf 88' lang='lat' dir='ltr'>Christi.</span> <span class='ocrx_word' id='word_1_502' title='bbox 2018 777 2103 844; x_wconf 92' lang='lat' dir='ltr'>Unde</span> <span class='ocrx_word' id='word_1_503' title='bbox 2118 777 2296 846; x_wconf 87' lang='lat' dir='ltr'>iustitutum</span> <span class='ocrx_word' id='word_1_504' title='bbox 2318 785 2364 848; x_wconf 91' lang='grc'>444</span> <span class='ocrx_word' id='word_1_505' title='bbox 2380 779 2411 846; x_wconf 90' lang='grc'>44</span> <span class='ocrx_word' id='word_1_506' title='bbox 2428 779 2482 844; x_wconf 85' lang='lat' dir='ltr'>Ec-</span> 
     </span>
     <span class='ocr_line' id='line_1_65' title="bbox 1528 881 2483 970; baseline 0.004 -22"><span class='ocrx_word' id='word_1_507' title='bbox 1528 881 1638 962; x_wconf 83' lang='lat' dir='ltr'>desta,</span> <span class='ocrx_word' id='word_1_508' title='bbox 1662 889 1699 950; x_wconf 91' lang='grc'>44</span> <span class='ocrx_word' id='word_1_509' title='bbox 1721 883 1913 970; x_wconf 81' lang='lat' dir='ltr'>corporolia</span> <span class='ocrx_word' id='word_1_510' title='bbox 1936 885 1998 952; x_wconf 94' lang='lat' dir='ltr'>sint</span> <span class='ocrx_word' id='word_1_511' title='bbox 2021 885 2071 952; x_wconf 57' lang='grc' dir='ltr'>44Ὶ</span> <span class='ocrx_word' id='word_1_512' title='bbox 2090 883 2223 968; x_wconf 89' lang='lat' dir='ltr'>simplici</span> <span class='ocrx_word' id='word_1_513' title='bbox 2248 887 2310 952; x_wconf 91' lang='lat' dir='ltr'>tela</span> <span class='ocrx_word' id='word_1_514' title='bbox 2340 885 2421 952; x_wconf 91' lang='lat' dir='ltr'>linea</span> <span class='ocrx_word' id='word_1_515' title='bbox 2453 891 2483 952; x_wconf 92' lang='lat' dir='ltr'>et</span> 
     </span>
     <span class='ocr_line' id='line_1_66' title="bbox 1527 987 2481 1070; baseline 0.002 -16"><span class='ocrx_word' id='word_1_516' title='bbox 1527 989 1747 1070; x_wconf 72' lang='lat' dir='ltr'>mundaum</span> <span class='ocrx_word' id='word_1_517' title='bbox 1772 991 1868 1058; x_wconf 88' lang='lat' dir='ltr'>tincta</span> <span class='ocrx_word' id='word_1_518' title='bbox 1895 1007 1953 1058; x_wconf 93' lang='lat' dir='ltr'>nec</span> <span class='ocrx_word' id='word_1_519' title='bbox 1975 989 2073 1056; x_wconf 85' lang='lat' dir='ltr'>uariis</span> <span class='ocrx_word' id='word_1_520' title='bbox 2100 987 2261 1058; x_wconf 89' lang='lat' dir='ltr'>coloribus</span> <span class='ocrx_word' id='word_1_521' title='bbox 2282 991 2445 1060; x_wconf 89' lang='lat' dir='ltr'>rubricata</span> <span class='ocrx_word' id='word_1_522' title='bbox 2458 991 2481 1056; x_wconf 82' lang='lat'>⁸.</span> 
     </span>
     <span class='ocr_line' id='line_1_67' title="bbox 1528 1095 2481 1182; baseline 0.002 -20"><span class='ocrx_word' id='word_1_523' title='bbox 1528 1095 1613 1162; x_wconf 91' lang='lat' dir='ltr'>Sicut</span> <span class='ocrx_word' id='word_1_524' title='bbox 1629 1097 1713 1164; x_wconf 91' lang='lat' dir='ltr'>enim</span> <span class='ocrx_word' id='word_1_525' title='bbox 1728 1115 1794 1164; x_wconf 88' lang='lat' dir='ltr'>oro</span> <span class='ocrx_word' id='word_1_526' title='bbox 1811 1097 1893 1182; x_wconf 88' lang='lat' dir='ltr'>gerit</span> <span class='ocrx_word' id='word_1_527' title='bbox 1907 1095 2040 1182; x_wconf 87' lang='lat' dir='ltr'>figuram</span> <span class='ocrx_word' id='word_1_528' title='bbox 2058 1097 2175 1176; x_wconf 90' lang='lat' dir='ltr'>crucis,</span> <span class='ocrx_word' id='word_1_529' title='bbox 2200 1101 2230 1164; x_wconf 91' lang='lat' dir='ltr'>et</span> <span class='ocrx_word' id='word_1_530' title='bbox 2247 1097 2336 1164; x_wconf 84' lang='grc'>44444</span> <span class='ocrx_word' id='word_1_531' title='bbox 2351 1097 2481 1178; x_wconf 86' lang='lat' dir='ltr'>tumuli,</span> 
     </span>
     <span class='ocr_line' id='line_1_68' title="bbox 1528 1199 2483 1290; baseline 0.004 -22"><span class='ocrx_word' id='word_1_532' title='bbox 1528 1209 1557 1268; x_wconf 90' lang='grc'>44</span> <span class='ocrx_word' id='word_1_533' title='bbox 1578 1211 1703 1288; x_wconf 81' lang='lat' dir='ltr'>putero</span> <span class='ocrx_word' id='word_1_534' title='bbox 1734 1203 1845 1286; x_wconf 86' lang='lat' dir='ltr'>lapidis</span> <span class='ocrx_word' id='word_1_535' title='bbox 1881 1199 2087 1286; x_wconf 91' lang='lat' dir='ltr'>suprapositi,</span> <span class='ocrx_word' id='word_1_536' title='bbox 2123 1201 2166 1268; x_wconf 91' lang='lat' dir='ltr'>sic</span> <span class='ocrx_word' id='word_1_537' title='bbox 2202 1203 2373 1290; x_wconf 82' lang='lat' dir='ltr'>corporale</span> <span class='ocrx_word' id='word_1_538' title='bbox 2402 1205 2483 1290; x_wconf 84' lang='lat' dir='ltr'>gent</span> 
     </span>
     <span class='ocr_line' id='line_1_69' title="bbox 1528 1307 2123 1396; baseline -0.003 -22"><span class='ocrx_word' id='word_1_539' title='bbox 1528 1309 1662 1396; x_wconf 88' lang='lat' dir='ltr'>liguram</span> <span class='ocrx_word' id='word_1_540' title='bbox 1686 1307 1834 1376; x_wconf 90' lang='lat' dir='ltr'>sindonis.</span> <span class='ocrx_word' id='word_1_541' title='bbox 1857 1307 1945 1374; x_wconf 91' lang='lat' dir='ltr'>Unde</span> <span class='ocrx_word' id='word_1_542' title='bbox 1967 1307 2123 1374; x_wconf 62' lang='lat' dir='ltr'>versusi:</span> 
     </span>
    </p>
   </div>
   <div class='ocr_carea' id='block_1_8' title="bbox 1633 1483 2351 1638">
    <p class='ocr_par' dir='ltr' id='par_1_16' title="bbox 1633 1483 2351 1638">
     <span class='ocr_line' id='line_1_70' title="bbox 1633 1483 2351 1554; baseline 0.003 -16"><span class='ocrx_word' id='word_1_543' title='bbox 1633 1487 1683 1538; x_wconf 82' lang='lat' dir='ltr'>Ara</span> <span class='ocrx_word' id='word_1_544' title='bbox 1703 1485 1800 1548; x_wconf 87' lang='lat' dir='ltr'>erucis,</span> <span class='ocrx_word' id='word_1_545' title='bbox 1821 1483 1965 1550; x_wconf 88' lang='lat' dir='ltr'>tumulique</span> <span class='ocrx_word' id='word_1_546' title='bbox 1982 1483 2062 1548; x_wconf 77' lang='lat' dir='ltr'>calla,</span> <span class='ocrx_word' id='word_1_547' title='bbox 2080 1483 2225 1550; x_wconf 86' lang='lat' dir='ltr'>lapidisque</span> <span class='ocrx_word' id='word_1_548' title='bbox 2244 1493 2351 1554; x_wconf 86' lang='lat' dir='ltr'>patena,</span> 
     </span>
     <span class='ocr_line' id='line_1_71' title="bbox 1634 1571 2284 1638; baseline 0 -10"><span class='ocrx_word' id='word_1_549' title='bbox 1634 1573 1756 1630; x_wconf 88' lang='lat' dir='ltr'>Sindouis</span> <span class='ocrx_word' id='word_1_550' title='bbox 1774 1571 1890 1626; x_wconf 84' lang='lat' dir='ltr'>effictum</span> <span class='ocrx_word' id='word_1_551' title='bbox 1907 1571 2021 1626; x_wconf 85' lang='grc'>4444444</span> <span class='ocrx_word' id='word_1_552' title='bbox 2039 1571 2135 1638; x_wconf 84' lang='lat' dir='ltr'>byssus</span> <span class='ocrx_word' id='word_1_553' title='bbox 2151 1571 2240 1628; x_wconf 87' lang='lat' dir='ltr'>hebet.</span> <span class='ocrx_word' id='word_1_554' title='bbox 2281 1623 2284 1628; x_wconf 79' lang='grc'>,</span> 
     </span>
    </p>
   </div>
   <div class='ocr_carea' id='block_1_9' title="bbox 1526 1729 2649 4984">
    <p class='ocr_par' dir='ltr' id='par_1_17' title="bbox 1526 1729 2600 2958">
     <span class='ocr_line' id='line_1_72' title="bbox 1615 1729 2600 1814; baseline 0.006 -16"><span class='ocrx_word' id='word_1_555' title='bbox 1615 1733 1652 1799; x_wconf 82' lang='grc'>34</span> <span class='ocrx_word' id='word_1_556' title='bbox 1673 1731 1743 1800; x_wconf 91' lang='grc'>4444</span> <span class='ocrx_word' id='word_1_557' title='bbox 1759 1733 1789 1798; x_wconf 90' lang='grc'>44</span> <span class='ocrx_word' id='word_1_558' title='bbox 1814 1731 1910 1799; x_wconf 88' lang='lat' dir='ltr'>huius</span> <span class='ocrx_word' id='word_1_559' title='bbox 1941 1729 2076 1814; x_wconf 86' lang='lat' dir='ltr'>figuram</span> <span class='ocrx_word' id='word_1_560' title='bbox 2097 1729 2213 1798; x_wconf 87' lang='lat' dir='ltr'>dicitur</span> <span class='ocrx_word' id='word_1_561' title='bbox 2242 1733 2484 1802; x_wconf 80' lang='lat' dir='ltr'>Proverbiorum</span> <span class='ocrx_word' id='word_1_562' title='bbox 2502 1743 2600 1804; x_wconf 65' lang='lat' dir='ltr'>Figurae·</span> 
     </span>
     <span class='ocr_line' id='line_1_73' title="bbox 1526 1835 2483 1924; baseline 0.004 -20"><span class='ocrx_word' id='word_1_563' title='bbox 1526 1839 1638 1906; x_wconf 88' lang='lat' dir='ltr'>ultimo</span> <span class='ocrx_word' id='word_1_564' title='bbox 1647 1839 1689 1904; x_wconf 88' lang='lat'>¹⁰:</span> <span class='ocrx_word' id='word_1_565' title='bbox 1706 1839 1900 1906; x_wconf 78' lang='lat' dir='ltr'>«Sindonem</span> <span class='ocrx_word' id='word_1_566' title='bbox 1911 1837 1983 1904; x_wconf 85' lang='lat' dir='ltr'>lecit</span> <span class='ocrx_word' id='word_1_567' title='bbox 1997 1843 2026 1904; x_wconf 93' lang='grc'>44</span> <span class='ocrx_word' id='word_1_568' title='bbox 2043 1835 2227 1904; x_wconf 85' lang='grc'>4444444444</span> <span class='ocrx_word' id='word_1_569' title='bbox 2243 1841 2401 1924; x_wconf 79' lang='lat' dir='ltr'>cingulum</span> <span class='ocrx_word' id='word_1_570' title='bbox 2419 1845 2483 1908; x_wconf 82' lang='lat' dir='ltr'>tra-</span> 
     </span>
     <span class='ocr_line' id='line_1_74' title="bbox 1527 1939 2483 2030; baseline 0.003 -20"><span class='ocrx_word' id='word_1_571' title='bbox 1527 1943 1603 2012; x_wconf 90' lang='lat' dir='ltr'>didit</span> <span class='ocrx_word' id='word_1_572' title='bbox 1634 1945 1863 2012; x_wconf 87' lang='lat' dir='ltr'>Chananaeo».</span> <span class='ocrx_word' id='word_1_573' title='bbox 1889 1945 1921 2010; x_wconf 94' lang='lat' dir='ltr'>ln</span> <span class='ocrx_word' id='word_1_574' title='bbox 1953 1943 2049 2012; x_wconf 93' lang='lat' dir='ltr'>buius</span> <span class='ocrx_word' id='word_1_575' title='bbox 2072 1939 2172 2012; x_wconf 86' lang='lat' dir='ltr'>¹etiam</span> <span class='ocrx_word' id='word_1_576' title='bbox 2201 1943 2335 2030; x_wconf 87' lang='lat' dir='ltr'>liguram</span> <span class='ocrx_word' id='word_1_577' title='bbox 2367 1945 2483 2012; x_wconf 89' lang='lat' dir='ltr'>dicitur</span> 
     </span>
     <span class='ocr_line' id='line_1_75' title="bbox 1529 2049 2483 2137; baseline 0.002 -23"><span class='ocrx_word' id='word_1_578' title='bbox 1529 2049 1698 2120; x_wconf 86' lang='lat' dir='ltr'>Ezechielis</span> <span class='ocrx_word' id='word_1_579' title='bbox 1718 2069 1821 2130; x_wconf 91' lang='lat' dir='ltr'>nono,</span> <span class='ocrx_word' id='word_1_580' title='bbox 1843 2051 1928 2137; x_wconf 91' lang='lat' dir='ltr'>quod</span> <span class='ocrx_word' id='word_1_581' title='bbox 1956 2049 2055 2130; x_wconf 83' lang='grc'>«444,</span> <span class='ocrx_word' id='word_1_582' title='bbox 2079 2049 2134 2136; x_wconf 85' lang='grc'>444</span> <span class='ocrx_word' id='word_1_583' title='bbox 2156 2053 2224 2114; x_wconf 91' lang='grc'>4444</span> <span class='ocrx_word' id='word_1_584' title='bbox 2248 2051 2278 2116; x_wconf 87' lang='grc'>44</span> <span class='ocrx_word' id='word_1_585' title='bbox 2303 2049 2403 2116; x_wconf 92' lang='lat' dir='ltr'>medio</span> <span class='ocrx_word' id='word_1_586' title='bbox 2426 2067 2483 2118; x_wconf 83' lang='lat' dir='ltr'>sex</span> 
     </span>
     <span class='ocr_line' id='line_1_76' title="bbox 1527 2153 2483 2242; baseline 0 -20"><span class='ocrx_word' id='word_1_587' title='bbox 1527 2155 1689 2236; x_wconf 91' lang='lat' dir='ltr'>virorum,</span> <span class='ocrx_word' id='word_1_588' title='bbox 1712 2155 1843 2224; x_wconf 83' lang='lat' dir='ltr'>vestitus</span> <span class='ocrx_word' id='word_1_589' title='bbox 1880 2164 1948 2224; x_wconf 89' lang='lat' dir='ltr'>erat</span> <span class='ocrx_word' id='word_1_590' title='bbox 1970 2153 2061 2224; x_wconf 90' lang='lat' dir='ltr'>lineis</span> <span class='ocrx_word' id='word_1_591' title='bbox 2078 2179 2115 2236; x_wconf 80' lang='lat'>»3</span> <span class='ocrx_word' id='word_1_592' title='bbox 2146 2161 2178 2222; x_wconf 90' lang='lat' dir='ltr'>et</span> <span class='ocrx_word' id='word_1_593' title='bbox 2207 2155 2268 2222; x_wconf 93' lang='lat' dir='ltr'>hoc</span> <span class='ocrx_word' id='word_1_594' title='bbox 2303 2153 2483 2242; x_wconf 88' lang='lat' dir='ltr'>insignum</span> 
     </span>
     <span class='ocr_line' id='line_1_77' title="bbox 1526 2261 2484 2354; baseline 0 -26"><span class='ocrx_word' id='word_1_595' title='bbox 1526 2261 1735 2354; x_wconf 84' lang='lat' dir='ltr'>innocentiae,</span> <span class='ocrx_word' id='word_1_596' title='bbox 1760 2261 1881 2330; x_wconf 90' lang='lat' dir='ltr'>ratione</span> <span class='ocrx_word' id='word_1_597' title='bbox 1904 2263 1997 2330; x_wconf 90' lang='lat' dir='ltr'>ouius</span> <span class='ocrx_word' id='word_1_598' title='bbox 2018 2281 2097 2348; x_wconf 88' lang='lat' dir='ltr'>agno</span> <span class='ocrx_word' id='word_1_599' title='bbox 2122 2261 2320 2330; x_wconf 87' lang='lat' dir='ltr'>immaculato</span> <span class='ocrx_word' id='word_1_600' title='bbox 2335 2267 2368 2330; x_wconf 93' lang='lat' dir='ltr'>et</span> <span class='ocrx_word' id='word_1_601' title='bbox 2389 2261 2484 2328; x_wconf 89' lang='lat' dir='ltr'>albis-</span> 
     </span>
     <span class='ocr_line' id='line_1_78' title="bbox 1527 2369 2485 2456; baseline 0 -20"><span class='ocrx_word' id='word_1_602' title='bbox 1527 2369 1605 2436; x_wconf 91' lang='lat' dir='ltr'>simo</span> <span class='ocrx_word' id='word_1_603' title='bbox 1630 2373 1847 2454; x_wconf 66' lang='lat' dir='ltr'>comparatum</span> <span class='ocrx_word' id='word_1_604' title='bbox 1880 2375 2010 2456; x_wconf 90' lang='lat' dir='ltr'>propter</span> <span class='ocrx_word' id='word_1_605' title='bbox 2039 2369 2241 2456; x_wconf 89' lang='lat' dir='ltr'>quodetiam</span> <span class='ocrx_word' id='word_1_606' title='bbox 2270 2387 2385 2454; x_wconf 88' lang='lat' dir='ltr'>sponsa</span> <span class='ocrx_word' id='word_1_607' title='bbox 2414 2369 2485 2438; x_wconf 92' lang='lat' dir='ltr'>eius</span> 
     </span>
     <span class='ocr_line' id='line_1_79' title="bbox 1526 2457 2484 2562; baseline -0.002 -20"><span class='ocrx_word' id='word_1_608' title='bbox 1526 2475 1618 2542; x_wconf 89' lang='lat' dir='ltr'>debet</span> <span class='ocrx_word' id='word_1_609' title='bbox 1635 2475 1741 2542; x_wconf 82' lang='lat' dir='ltr'>vestiri</span> <span class='ocrx_word' id='word_1_610' title='bbox 1767 2477 1902 2558; x_wconf 89' lang='lat' dir='ltr'>puritate</span> <span class='ocrx_word' id='word_1_611' title='bbox 1919 2457 2130 2558; x_wconf 75' lang='lat' dir='ltr'>innocentia&#39;li;</span> <span class='ocrx_word' id='word_1_612' title='bbox 2146 2475 2344 2562; x_wconf 80' lang='lat' dir='ltr'>Apocalypsis</span> <span class='ocrx_word' id='word_1_613' title='bbox 2365 2475 2484 2542; x_wconf 90' lang='lat' dir='ltr'>decimo</span> 
     </span>
     <span class='ocr_line' id='line_1_80' title="bbox 1526 2579 2484 2666; baseline 0.002 -20"><span class='ocrx_word' id='word_1_614' title='bbox 1526 2581 1665 2646; x_wconf 80' lang='lat' dir='ltr'>nou011:</span> <span class='ocrx_word' id='word_1_615' title='bbox 1696 2579 1890 2648; x_wconf 76' lang='lat' dir='ltr'>«Venerunt</span> <span class='ocrx_word' id='word_1_616' title='bbox 1904 2581 2032 2664; x_wconf 89' lang='lat' dir='ltr'>nuptiae</span> <span class='ocrx_word' id='word_1_617' title='bbox 2048 2581 2141 2666; x_wconf 80' lang='lat' dir='ltr'>rigni,</span> <span class='ocrx_word' id='word_1_618' title='bbox 2158 2587 2190 2648; x_wconf 89' lang='lat' dir='ltr'>et</span> <span class='ocrx_word' id='word_1_619' title='bbox 2204 2581 2289 2648; x_wconf 79' lang='lat' dir='ltr'>uxor</span> <span class='ocrx_word' id='word_1_620' title='bbox 2306 2581 2374 2650; x_wconf 93' lang='lat' dir='ltr'>eius</span> <span class='ocrx_word' id='word_1_621' title='bbox 2393 2597 2484 2666; x_wconf 87' lang='lat' dir='ltr'>prae-</span> 
     </span>
     <span class='ocr_line' id='line_1_81' title="bbox 1526 2675 2485 2770; baseline 0.002 -20"><span class='ocrx_word' id='word_1_622' title='bbox 1526 2683 1650 2768; x_wconf 87' lang='lat' dir='ltr'>paravit</span> <span class='ocrx_word' id='word_1_623' title='bbox 1672 2701 1713 2750; x_wconf 92' lang='lat' dir='ltr'>se.</span> <span class='ocrx_word' id='word_1_624' title='bbox 1740 2683 1775 2748; x_wconf 87' lang='lat' dir='ltr'>lit</span> <span class='ocrx_word' id='word_1_625' title='bbox 1798 2683 1905 2750; x_wconf 89' lang='lat' dir='ltr'>datum</span> <span class='ocrx_word' id='word_1_626' title='bbox 1922 2675 1968 2750; x_wconf 89' lang='lat' dir='ltr'>est</span> <span class='ocrx_word' id='word_1_627' title='bbox 1991 2683 2054 2764; x_wconf 89' lang='lat' dir='ltr'>illi,</span> <span class='ocrx_word' id='word_1_628' title='bbox 2070 2691 2106 2750; x_wconf 89' lang='lat' dir='ltr'>ut</span> <span class='ocrx_word' id='word_1_629' title='bbox 2129 2685 2286 2768; x_wconf 88' lang='lat' dir='ltr'>cooperiat</span> <span class='ocrx_word' id='word_1_630' title='bbox 2303 2705 2334 2754; x_wconf 92' lang='lat' dir='ltr'>se</span> <span class='ocrx_word' id='word_1_631' title='bbox 2359 2687 2485 2770; x_wconf 85' lang='lat' dir='ltr'>byssino</span> 
     </span>
     <span class='ocr_line' id='line_1_82' title="bbox 1526 2787 2485 2870; baseline 0.006 -18"><span class='ocrx_word' id='word_1_632' title='bbox 1526 2789 1699 2870; x_wconf 88' lang='lat' dir='ltr'>splendenti</span> <span class='ocrx_word' id='word_1_633' title='bbox 1723 2793 1756 2852; x_wconf 93' lang='lat' dir='ltr'>et</span> <span class='ocrx_word' id='word_1_634' title='bbox 1778 2789 1919 2854; x_wconf 91' lang='lat' dir='ltr'>candido.</span> <span class='ocrx_word' id='word_1_635' title='bbox 1945 2787 2108 2870; x_wconf 81' lang='lat' dir='ltr'>byssinum</span> <span class='ocrx_word' id='word_1_636' title='bbox 2135 2789 2218 2854; x_wconf 93' lang='lat' dir='ltr'>enim</span> <span class='ocrx_word' id='word_1_637' title='bbox 2249 2789 2485 2858; x_wconf 85' lang='lat' dir='ltr'>instihcationes</span> 
     </span>
     <span class='ocr_line' id='line_1_83' title="bbox 1526 2875 2599 2958; baseline -0.002 0"><span class='ocrx_word' id='word_1_638' title='bbox 1526 2897 1600 2958; x_wconf 90' lang='lat' dir='ltr'>sunt</span> <span class='ocrx_word' id='word_1_639' title='bbox 1625 2893 1857 2956; x_wconf 76' lang='lat' dir='ltr'>Sanctorum».</span> <span class='ocrx_word' id='word_1_640' title='bbox 2597 2875 2599 2878; x_wconf 53' lang='grc'><strong>’</strong></span> 
     </span>
    </p>

    <p class='ocr_par' dir='ltr' id='par_1_18' title="bbox 1526 2993 2649 4984">
     <span class='ocr_line' id='line_1_84' title="bbox 1619 2993 2649 3092; baseline 0.01 -34"><span class='ocrx_word' id='word_1_641' title='bbox 1619 2995 1669 3058; x_wconf 87' lang='grc'>65.</span> <span class='ocrx_word' id='word_1_642' title='bbox 1695 2993 1756 3060; x_wconf 89' lang='lat' dir='ltr'>Sed</span> <span class='ocrx_word' id='word_1_643' title='bbox 1769 2993 1844 3078; x_wconf 89' lang='lat' dir='ltr'>quia</span> <span class='ocrx_word' id='word_1_644' title='bbox 1869 2995 1945 3062; x_wconf 86' lang='lat' dir='ltr'>haec</span> <span class='ocrx_word' id='word_1_645' title='bbox 1960 2993 2115 3062; x_wconf 90' lang='lat' dir='ltr'>munditia</span> <span class='ocrx_word' id='word_1_646' title='bbox 2133 2995 2193 3062; x_wconf 92' lang='lat' dir='ltr'>luit</span> <span class='ocrx_word' id='word_1_647' title='bbox 2211 2997 2436 3080; x_wconf 88' lang='lat' dir='ltr'>perfectissime</span> <span class='ocrx_word' id='word_1_648' title='bbox 2451 2999 2649 3092; x_wconf 65' lang='grc'>4444444444</span> 
     </span>
     <span class='ocr_line' id='line_1_85' title="bbox 1526 3073 2612 3188; baseline -0.002 -20"><span class='ocrx_word' id='word_1_649' title='bbox 1526 3101 1592 3168; x_wconf 87' lang='grc'>4444</span> <span class='ocrx_word' id='word_1_650' title='bbox 1616 3099 1755 3180; x_wconf 91' lang='lat' dir='ltr'>Christo,</span> <span class='ocrx_word' id='word_1_651' title='bbox 1771 3101 1826 3186; x_wconf 93' lang='lat' dir='ltr'>qui</span> <span class='ocrx_word' id='word_1_652' title='bbox 1843 3101 1929 3169; x_wconf 91' lang='lat' dir='ltr'>solus</span> <span class='ocrx_word' id='word_1_653' title='bbox 1944 3101 2004 3168; x_wconf 89' lang='lat' dir='ltr'>luit</span> <span class='ocrx_word' id='word_1_654' title='bbox 2024 3125 2040 3160; x_wconf 78' lang='grc'>4</span> <span class='ocrx_word' id='word_1_655' title='bbox 2056 3101 2137 3170; x_wconf 90' lang='grc'>44444</span> <span class='ocrx_word' id='word_1_656' title='bbox 2159 3109 2304 3172; x_wconf 89' lang='lat' dir='ltr'>mortuos</span> <span class='ocrx_word' id='word_1_657' title='bbox 2319 3103 2484 3188; x_wconf 71' lang='grc'>44444414»,</span> <span class='ocrx_word' id='word_1_658' title='bbox 2524 3073 2612 3106; x_wconf 56' lang='lat' dir='ltr'>&#39;mum&#39;</span> 
     </span>
     <span class='ocr_line' id='line_1_86' title="bbox 1526 3205 2484 3292; baseline 0.006 -20"><span class='ocrx_word' id='word_1_659' title='bbox 1526 3205 1596 3272; x_wconf 93' lang='lat' dir='ltr'>ideo</span> <span class='ocrx_word' id='word_1_660' title='bbox 1621 3205 1706 3272; x_wconf 89' lang='lat' dir='ltr'>solus</span> <span class='ocrx_word' id='word_1_661' title='bbox 1729 3207 1873 3290; x_wconf 90' lang='lat' dir='ltr'>sepultus</span> <span class='ocrx_word' id='word_1_662' title='bbox 1902 3213 1950 3274; x_wconf 89' lang='lat' dir='ltr'>est</span> <span class='ocrx_word' id='word_1_663' title='bbox 1973 3209 2056 3274; x_wconf 81' lang='lat' dir='ltr'>Intra</span> <span class='ocrx_word' id='word_1_664' title='bbox 2084 3227 2201 3276; x_wconf 87' lang='lat' dir='ltr'>norum</span> <span class='ocrx_word' id='word_1_665' title='bbox 2225 3215 2484 3292; x_wconf 89' lang='lat' dir='ltr'>monumentum;</span> 
     </span>
     <span class='ocr_line' id='line_1_87' title="bbox 1527 3311 2484 3398; baseline 0.004 -18"><span class='ocrx_word' id='word_1_666' title='bbox 1527 3319 1560 3380; x_wconf 87' lang='lat' dir='ltr'>et</span> <span class='ocrx_word' id='word_1_667' title='bbox 1580 3319 1749 3398; x_wconf 86' lang='lat' dir='ltr'>propterea</span> <span class='ocrx_word' id='word_1_668' title='bbox 1771 3311 1894 3380; x_wconf 88' lang='lat' dir='ltr'>subdit:</span> <span class='ocrx_word' id='word_1_669' title='bbox 1921 3315 1959 3380; x_wconf 82' lang='lat' dir='ltr'>et</span> <span class='ocrx_word' id='word_1_670' title='bbox 1980 3313 2091 3398; x_wconf 85' lang='grc'>444444</span> <span class='ocrx_word' id='word_1_671' title='bbox 2114 3333 2189 3380; x_wconf 85' lang='lat' dir='ltr'>eum</span> <span class='ocrx_word' id='word_1_672' title='bbox 2211 3315 2248 3380; x_wconf 84' lang='grc'>444</span> <span class='ocrx_word' id='word_1_673' title='bbox 2274 3323 2484 3384; x_wconf 82' lang='lat' dir='ltr'>monumento</span> 
     </span>
     <span class='ocr_line' id='line_1_88' title="bbox 1527 3419 2483 3510; baseline 0.006 -24"><span class='ocrx_word' id='word_1_674' title='bbox 1527 3419 1651 3500; x_wconf 83' lang='grc'>444444,</span> <span class='ocrx_word' id='word_1_675' title='bbox 1677 3419 1712 3486; x_wconf 84' lang='lat' dir='ltr'>io</span> <span class='ocrx_word' id='word_1_676' title='bbox 1736 3437 1800 3508; x_wconf 85' lang='lat' dir='ltr'>quo</span> <span class='ocrx_word' id='word_1_677' title='bbox 1820 3419 1967 3488; x_wconf 85' lang='grc'>44444444</span> <span class='ocrx_word' id='word_1_678' title='bbox 1984 3419 2162 3510; x_wconf 77' lang='lat' dir='ltr'>pruisquam</span> <span class='ocrx_word' id='word_1_679' title='bbox 2173 3419 2304 3506; x_wconf 83' lang='lat' dir='ltr'>positus</span> <span class='ocrx_word' id='word_1_680' title='bbox 2318 3419 2433 3508; x_wconf 78' lang='lat' dir='ltr'>fuerat</span> <span class='ocrx_word' id='word_1_681' title='bbox 2445 3423 2483 3492; x_wconf 75' lang='lat'>¹³.</span> 
     </span>
     <span class='ocr_line' id='line_1_89' title="bbox 1527 3525 2485 3608; baseline 0.006 -18"><span class='ocrx_word' id='word_1_682' title='bbox 1527 3525 1626 3594; x_wconf 87' lang='lat' dir='ltr'>Beda:</span> <span class='ocrx_word' id='word_1_683' title='bbox 1654 3551 1671 3584; x_wconf 84' lang='lat'>«</span> <span class='ocrx_word' id='word_1_684' title='bbox 1688 3527 1777 3592; x_wconf 90' lang='lat' dir='ltr'>Solus</span> <span class='ocrx_word' id='word_1_685' title='bbox 1801 3525 1952 3592; x_wconf 90' lang='lat' dir='ltr'>Dominus</span> <span class='ocrx_word' id='word_1_686' title='bbox 1975 3527 2006 3592; x_wconf 94' lang='lat' dir='ltr'>in</span> <span class='ocrx_word' id='word_1_687' title='bbox 2030 3525 2154 3594; x_wconf 89' lang='lat' dir='ltr'>tumulo</span> <span class='ocrx_word' id='word_1_688' title='bbox 2171 3525 2362 3608; x_wconf 90' lang='lat' dir='ltr'>includitur,</span> <span class='ocrx_word' id='word_1_689' title='bbox 2383 3535 2421 3596; x_wconf 90' lang='grc'>44</span> <span class='ocrx_word' id='word_1_690' title='bbox 2436 3545 2485 3596; x_wconf 88' lang='grc'>44-</span> 
     </span>
     <span class='ocr_line' id='line_1_90' title="bbox 1527 3629 2542 3728; baseline 0.004 -30"><span class='ocrx_word' id='word_1_691' title='bbox 1527 3630 1766 3728; x_wconf 25' lang='grc'>44444441444444</span> <span class='ocrx_word' id='word_1_692' title='bbox 1789 3636 1820 3698; x_wconf 89' lang='grc'>44</span> <span class='ocrx_word' id='word_1_693' title='bbox 1844 3629 2035 3698; x_wconf 89' lang='lat' dir='ltr'>resurrectio</span> <span class='ocrx_word' id='word_1_694' title='bbox 2059 3651 2076 3698; x_wconf 91' lang='lat' dir='ltr'>a</span> <span class='ocrx_word' id='word_1_695' title='bbox 2100 3637 2226 3700; x_wconf 91' lang='lat' dir='ltr'>nostrae</span> <span class='ocrx_word' id='word_1_696' title='bbox 2248 3631 2415 3720; x_wconf 82' lang='lat' dir='ltr'>fragilitate</span> <span class='ocrx_word' id='word_1_697' title='bbox 2429 3653 2484 3702; x_wconf 54' lang='lat' dir='ltr'>nan</span> <span class='ocrx_word' id='word_1_698' title='bbox 2541 3709 2542 3712; x_wconf 8' lang='grc' dir='ltr'><strong>Ἴ</strong></span> 
     </span>
     <span class='ocr_line' id='line_1_91' title="bbox 1528 3736 2484 3808; baseline 0.002 -2"><span class='ocrx_word' id='word_1_699' title='bbox 1528 3743 1620 3806; x_wconf 87' lang='grc'>44444</span> <span class='ocrx_word' id='word_1_700' title='bbox 1635 3736 1794 3806; x_wconf 89' lang='lat' dir='ltr'>dissimilis</span> <span class='ocrx_word' id='word_1_701' title='bbox 1807 3743 2000 3806; x_wconf 86' lang='lat' dir='ltr'>monstretur</span> <span class='ocrx_word' id='word_1_702' title='bbox 2011 3763 2043 3804; x_wconf 74' lang='grc'>4.</span> <span class='ocrx_word' id='word_1_703' title='bbox 2056 3737 2140 3804; x_wconf 89' lang='lat' dir='ltr'>Unde</span> <span class='ocrx_word' id='word_1_704' title='bbox 2153 3737 2247 3806; x_wconf 88' lang='lat' dir='ltr'>Isaiae</span> <span class='ocrx_word' id='word_1_705' title='bbox 2258 3739 2425 3806; x_wconf 91' lang='lat' dir='ltr'>undecimo</span> <span class='ocrx_word' id='word_1_706' title='bbox 2437 3741 2484 3808; x_wconf 72' lang='lat'>14:</span> 
     </span>
     <span class='ocr_line' id='line_1_92' title="bbox 1534 3843 2485 3930; baseline 0.008 -24"><span class='ocrx_word' id='word_1_707' title='bbox 1534 3869 1551 3906; x_wconf 78' lang='lat' dir='ltr'>a</span> <span class='ocrx_word' id='word_1_708' title='bbox 1562 3845 1667 3928; x_wconf 90' lang='lat' dir='ltr'>Ipsum</span> <span class='ocrx_word' id='word_1_709' title='bbox 1684 3851 1791 3930; x_wconf 90' lang='lat' dir='ltr'>gentes</span> <span class='ocrx_word' id='word_1_710' title='bbox 1811 3843 2074 3930; x_wconf 89' lang='lat' dir='ltr'>deprecabuntur,</span> <span class='ocrx_word' id='word_1_711' title='bbox 2091 3845 2198 3910; x_wconf 88' lang='lat' dir='ltr'>eterit</span> <span class='ocrx_word' id='word_1_712' title='bbox 2219 3844 2400 3930; x_wconf 89' lang='lat' dir='ltr'>sepulcrum</span> <span class='ocrx_word' id='word_1_713' title='bbox 2417 3845 2485 3914; x_wconf 92' lang='lat' dir='ltr'>eius</span> 
     </span>
     <span class='ocr_line' id='line_1_93' title="bbox 1527 3933 2484 4036; baseline 0 -20"><span class='ocrx_word' id='word_1_714' title='bbox 1527 3949 1700 4036; x_wconf 87' lang='lat' dir='ltr'>gloriosum</span> <span class='ocrx_word' id='word_1_715' title='bbox 1724 3977 1755 4016; x_wconf 75' lang='grc'>4.</span> <span class='ocrx_word' id='word_1_716' title='bbox 1778 3953 1868 4016; x_wconf 88' lang='grc' dir='ltr'>Τ444</span> <span class='ocrx_word' id='word_1_717' title='bbox 1889 3933 2086 4016; x_wconf 84' lang='lat' dir='ltr'>verificatum</span> <span class='ocrx_word' id='word_1_718' title='bbox 2114 3955 2161 4016; x_wconf 88' lang='lat' dir='ltr'>est</span> <span class='ocrx_word' id='word_1_719' title='bbox 2183 3947 2261 4016; x_wconf 90' lang='lat' dir='ltr'>illud</span> <span class='ocrx_word' id='word_1_720' title='bbox 2285 3951 2484 4018; x_wconf 87' lang='lat' dir='ltr'>Thronorum</span> 
     </span>
     <span class='ocr_line' id='line_1_94' title="bbox 1528 4055 2486 4142; baseline 0 -18"><span class='ocrx_word' id='word_1_721' title='bbox 1528 4055 1638 4124; x_wconf 89' lang='lat' dir='ltr'>tertio:</span> <span class='ocrx_word' id='word_1_722' title='bbox 1670 4057 1800 4142; x_wconf 79' lang='lat' dir='ltr'>«Lapsa</span> <span class='ocrx_word' id='word_1_723' title='bbox 1821 4061 1870 4124; x_wconf 88' lang='lat' dir='ltr'>est</span> <span class='ocrx_word' id='word_1_724' title='bbox 1888 4055 1921 4122; x_wconf 93' lang='lat' dir='ltr'>in</span> <span class='ocrx_word' id='word_1_725' title='bbox 1943 4055 2047 4124; x_wconf 90' lang='lat' dir='ltr'>lacum</span> <span class='ocrx_word' id='word_1_726' title='bbox 2069 4055 2133 4122; x_wconf 90' lang='lat' dir='ltr'>vita</span> <span class='ocrx_word' id='word_1_727' title='bbox 2150 4073 2232 4136; x_wconf 89' lang='lat' dir='ltr'>mea,</span> <span class='ocrx_word' id='word_1_728' title='bbox 2255 4063 2288 4124; x_wconf 93' lang='lat' dir='ltr'>et</span> <span class='ocrx_word' id='word_1_729' title='bbox 2308 4067 2486 4142; x_wconf 90' lang='lat' dir='ltr'>posueruut</span> 
     </span>
     <span class='ocr_line' id='line_1_95' title="bbox 1527 4159 2484 4248; baseline -0.001 -20"><span class='ocrx_word' id='word_1_730' title='bbox 1527 4163 1661 4248; x_wconf 90' lang='lat' dir='ltr'>lapidem</span> <span class='ocrx_word' id='word_1_731' title='bbox 1686 4181 1782 4248; x_wconf 90' lang='lat' dir='ltr'>super</span> <span class='ocrx_word' id='word_1_732' title='bbox 1805 4181 1854 4230; x_wconf 94' lang='lat' dir='ltr'>me</span> <span class='ocrx_word' id='word_1_733' title='bbox 1871 4187 1899 4226; x_wconf 73' lang='lat' dir='ltr'>a.</span> <span class='ocrx_word' id='word_1_734' title='bbox 1926 4159 1996 4228; x_wconf 93' lang='lat' dir='ltr'>Ideo</span> <span class='ocrx_word' id='word_1_735' title='bbox 2017 4167 2123 4228; x_wconf 86' lang='lat' dir='ltr'>autem</span> <span class='ocrx_word' id='word_1_736' title='bbox 2147 4161 2267 4248; x_wconf 90' lang='lat' dir='ltr'>positus</span> <span class='ocrx_word' id='word_1_737' title='bbox 2291 4163 2351 4228; x_wconf 87' lang='lat' dir='ltr'>fuit</span> <span class='ocrx_word' id='word_1_738' title='bbox 2369 4163 2403 4228; x_wconf 92' lang='lat' dir='ltr'>iu</span> <span class='ocrx_word' id='word_1_739' title='bbox 2419 4179 2484 4228; x_wconf 91' lang='lat' dir='ltr'>mo-</span> 
     </span>
     <span class='ocr_line' id='line_1_96' title="bbox 1528 4265 2484 4352; baseline 0.002 -20"><span class='ocrx_word' id='word_1_740' title='bbox 1528 4272 1681 4334; x_wconf 86' lang='lat' dir='ltr'>numento</span> <span class='ocrx_word' id='word_1_741' title='bbox 1703 4265 1828 4346; x_wconf 84' lang='lat' dir='ltr'>exciso,</span> <span class='ocrx_word' id='word_1_742' title='bbox 1854 4265 1928 4352; x_wconf 91' lang='lat' dir='ltr'>quia</span> <span class='ocrx_word' id='word_1_743' title='bbox 1950 4265 1995 4334; x_wconf 88' lang='lat' dir='ltr'>sic</span> <span class='ocrx_word' id='word_1_744' title='bbox 2018 4265 2224 4334; x_wconf 79' lang='lat' dir='ltr'>conrenIebat</span> <span class='ocrx_word' id='word_1_745' title='bbox 2245 4267 2314 4334; x_wconf 88' lang='lat' dir='ltr'>lieri</span> <span class='ocrx_word' id='word_1_746' title='bbox 2339 4267 2376 4334; x_wconf 91' lang='lat' dir='ltr'>de</span> <span class='ocrx_word' id='word_1_747' title='bbox 2393 4267 2484 4334; x_wconf 87' lang='lat' dir='ltr'>Chri-</span> 
     </span>
     <span class='ocr_line' id='line_1_97' title="bbox 1528 4371 2483 4460; baseline -0.003 -21"><span class='ocrx_word' id='word_1_748' title='bbox 1528 4377 1593 4454; x_wconf 91' lang='lat' dir='ltr'>sto,</span> <span class='ocrx_word' id='word_1_749' title='bbox 1619 4373 1674 4460; x_wconf 91' lang='lat' dir='ltr'>qui</span> <span class='ocrx_word' id='word_1_750' title='bbox 1704 4379 1771 4438; x_wconf 91' lang='lat' dir='ltr'>erat</span> <span class='ocrx_word' id='word_1_751' title='bbox 1801 4373 1911 4458; x_wconf 81' lang='lat' dir='ltr'>«lapis</span> <span class='ocrx_word' id='word_1_752' title='bbox 1940 4371 2067 4440; x_wconf 83' lang='lat' dir='ltr'>excisus</span> <span class='ocrx_word' id='word_1_753' title='bbox 2091 4372 2129 4438; x_wconf 94' lang='lat' dir='ltr'>de</span> <span class='ocrx_word' id='word_1_754' title='bbox 2156 4377 2262 4438; x_wconf 87' lang='lat' dir='ltr'>monte</span> <span class='ocrx_word' id='word_1_755' title='bbox 2294 4371 2361 4440; x_wconf 92' lang='lat' dir='ltr'>sine</span> <span class='ocrx_word' id='word_1_756' title='bbox 2383 4371 2483 4438; x_wconf 85' lang='lat' dir='ltr'>maui-</span> 
     </span>
     <span class='ocr_line' id='line_1_98' title="bbox 1527 4477 2483 4560; baseline 0.001 -14"><span class='ocrx_word' id='word_1_757' title='bbox 1527 4479 1587 4546; x_wconf 92' lang='lat' dir='ltr'>bus</span> <span class='ocrx_word' id='word_1_758' title='bbox 1604 4505 1635 4560; x_wconf 78' lang='lat'>»,</span> <span class='ocrx_word' id='word_1_759' title='bbox 1659 4477 1796 4546; x_wconf 82' lang='lat' dir='ltr'>DeuieIIs</span> <span class='ocrx_word' id='word_1_760' title='bbox 1818 4477 1954 4546; x_wconf 91' lang='lat' dir='ltr'>secundo</span> <span class='ocrx_word' id='word_1_761' title='bbox 1969 4477 2004 4544; x_wconf 76' lang='lat'>¹⁶.</span> <span class='ocrx_word' id='word_1_762' title='bbox 2030 4481 2091 4544; x_wconf 92' lang='lat' dir='ltr'>lloc</span> <span class='ocrx_word' id='word_1_763' title='bbox 2107 4477 2196 4544; x_wconf 90' lang='lat' dir='ltr'>etiam</span> <span class='ocrx_word' id='word_1_764' title='bbox 2214 4477 2330 4546; x_wconf 87' lang='lat' dir='ltr'>factum</span> <span class='ocrx_word' id='word_1_765' title='bbox 2355 4485 2419 4560; x_wconf 91' lang='lat' dir='ltr'>est,</span> <span class='ocrx_word' id='word_1_766' title='bbox 2441 4495 2483 4548; x_wconf 90' lang='lat' dir='ltr'>ne</span> 
     </span>
     <span class='ocr_line' id='line_1_99' title="bbox 1527 4585 2483 4674; baseline -0.002 -20"><span class='ocrx_word' id='word_1_767' title='bbox 1527 4585 1608 4674; x_wconf 79' lang='lat' dir='ltr'>quIs</span> <span class='ocrx_word' id='word_1_768' title='bbox 1622 4593 1728 4672; x_wconf 89' lang='lat' dir='ltr'>posset</span> <span class='ocrx_word' id='word_1_769' title='bbox 1748 4585 1871 4666; x_wconf 89' lang='lat' dir='ltr'>dicere,</span> <span class='ocrx_word' id='word_1_770' title='bbox 1893 4587 1979 4670; x_wconf 91' lang='lat' dir='ltr'>quod</span> <span class='ocrx_word' id='word_1_771' title='bbox 2002 4585 2170 4654; x_wconf 85' lang='lat' dir='ltr'>suffossum</span> <span class='ocrx_word' id='word_1_772' title='bbox 2192 4593 2275 4652; x_wconf 90' lang='lat' dir='ltr'>esset</span> <span class='ocrx_word' id='word_1_773' title='bbox 2297 4603 2483 4654; x_wconf 89' lang='lat' dir='ltr'>monumen-</span> 
     </span>
     <span class='ocr_line' id='line_1_100' title="bbox 1527 4689 2483 4778; baseline -0.006 -18"><span class='ocrx_word' id='word_1_774' title='bbox 1527 4699 1615 4772; x_wconf 90' lang='lat' dir='ltr'>tum;</span> <span class='ocrx_word' id='word_1_775' title='bbox 1637 4697 1766 4778; x_wconf 89' lang='lat' dir='ltr'>propter</span> <span class='ocrx_word' id='word_1_776' title='bbox 1792 4689 1874 4776; x_wconf 88' lang='lat' dir='ltr'>quod</span> <span class='ocrx_word' id='word_1_777' title='bbox 1898 4698 1929 4758; x_wconf 94' lang='lat' dir='ltr'>et</span> <span class='ocrx_word' id='word_1_778' title='bbox 1951 4691 1985 4756; x_wconf 91' lang='lat' dir='ltr'>in</span> <span class='ocrx_word' id='word_1_779' title='bbox 2007 4689 2248 4758; x_wconf 84' lang='lat' dir='ltr'>resurrectionis</span> <span class='ocrx_word' id='word_1_780' title='bbox 2271 4707 2365 4758; x_wconf 84' lang='lat' dir='ltr'>verae</span> <span class='ocrx_word' id='word_1_781' title='bbox 2387 4707 2483 4774; x_wconf 82' lang='lat' dir='ltr'>argu-</span> 
     </span>
     <span class='ocr_line' id='line_1_101' title="bbox 1526 4793 2483 4880; baseline -0.002 -18"><span class='ocrx_word' id='word_1_782' title='bbox 1526 4801 1670 4862; x_wconf 88' lang='lat' dir='ltr'>mentum</span> <span class='ocrx_word' id='word_1_783' title='bbox 1691 4795 1836 4862; x_wconf 87' lang='lat' dir='ltr'>custodes</span> <span class='ocrx_word' id='word_1_784' title='bbox 1859 4793 1998 4880; x_wconf 90' lang='lat' dir='ltr'>deputati</span> <span class='ocrx_word' id='word_1_785' title='bbox 2022 4793 2145 4862; x_wconf 68' lang='lat' dir='ltr'>suutffl.</span> <span class='ocrx_word' id='word_1_786' title='bbox 2176 4793 2280 4861; x_wconf 78' lang='lat' dir='ltr'>«Erat</span> <span class='ocrx_word' id='word_1_787' title='bbox 2295 4799 2400 4862; x_wconf 90' lang='lat' dir='ltr'>autem</span> <span class='ocrx_word' id='word_1_788' title='bbox 2416 4811 2483 4860; x_wconf 83' lang='lat' dir='ltr'>mo-</span> 
     </span>
     <span class='ocr_line' id='line_1_102' title="bbox 1528 4895 2480 4984; baseline -0.002 -18"><span class='ocrx_word' id='word_1_789' title='bbox 1528 4905 1733 4976; x_wconf 87' lang='lat' dir='ltr'>numentum,</span> <span class='ocrx_word' id='word_1_790' title='bbox 1756 4907 1794 4964; x_wconf 85' lang='lat' dir='ltr'>ut</span> <span class='ocrx_word' id='word_1_791' title='bbox 1814 4895 1925 4964; x_wconf 86' lang='lat' dir='ltr'>dicunt</span> <span class='ocrx_word' id='word_1_792' title='bbox 1944 4899 2140 4984; x_wconf 83' lang='lat' dir='ltr'>expositores</span> <span class='ocrx_word' id='word_1_793' title='bbox 2154 4899 2189 4976; x_wconf 78' lang='lat'>1⁷,</span> <span class='ocrx_word' id='word_1_794' title='bbox 2214 4897 2303 4982; x_wconf 88' lang='lat' dir='ltr'>quasi</span> <span class='ocrx_word' id='word_1_795' title='bbox 2327 4897 2480 4984; x_wconf 90' lang='lat' dir='ltr'>quaedam</span> 
     </span>
    </p>
   </div>
   <div class='ocr_carea' id='block_1_10' title="bbox 1528 5003 2483 5096">
    <p class='ocr_par' dir='ltr' id='par_1_19' title="bbox 1528 5003 2483 5096">
     <span class='ocr_line' id='line_1_103' title="bbox 1528 5003 2483 5096; baseline 0.002 -26"><span class='ocrx_word' id='word_1_796' title='bbox 1528 5005 1639 5072; x_wconf 90' lang='lat' dir='ltr'>domus</span> <span class='ocrx_word' id='word_1_797' title='bbox 1664 5003 1799 5072; x_wconf 90' lang='lat' dir='ltr'>rotunda</span> <span class='ocrx_word' id='word_1_798' title='bbox 1813 5003 1847 5066; x_wconf 92' lang='lat' dir='ltr'>in</span> <span class='ocrx_word' id='word_1_799' title='bbox 1869 5021 1949 5088; x_wconf 89' lang='lat' dir='ltr'>rupe</span> <span class='ocrx_word' id='word_1_800' title='bbox 1974 5003 2094 5084; x_wconf 88' lang='lat' dir='ltr'>excisa,</span> <span class='ocrx_word' id='word_1_801' title='bbox 2109 5009 2221 5096; x_wconf 80' lang='grc'>444444</span> <span class='ocrx_word' id='word_1_802' title='bbox 2243 5005 2430 5084; x_wconf 91' lang='lat' dir='ltr'>altitudinis,</span> <span class='ocrx_word' id='word_1_803' title='bbox 2447 5013 2483 5072; x_wconf 88' lang='lat' dir='ltr'>ut</span> 
     </span>
    </p>
   </div>
   <div class='ocr_carea' id='block_1_11' title="bbox 1527 5305 2483 6434">
    <p class='ocr_par' dir='ltr' id='par_1_20' title="bbox 1600 5305 1855 5360">
     <span class='ocr_line' id='line_1_104' title="bbox 1600 5305 1855 5360; baseline -0.016 0"><span class='ocrx_word' id='word_1_804' title='bbox 1600 5305 1621 5336; x_wconf 84' lang='lat'>¹¹</span> <span class='ocrx_word' id='word_1_805' title='bbox 1642 5307 1719 5360; x_wconf 91' lang='lat' dir='ltr'>Vers.</span> <span class='ocrx_word' id='word_1_806' title='bbox 1737 5305 1763 5358; x_wconf 82' lang='lat'>7.</span> <span class='ocrx_word' id='word_1_807' title='bbox 1786 5305 1855 5356; x_wconf 91' lang='grc'>448.</span> 
     </span>
    </p>

    <p class='ocr_par' dir='ltr' id='par_1_21' title="bbox 1528 5389 2482 5640">
     <span class='ocr_line' id='line_1_105' title="bbox 1600 5389 2481 5460; baseline 0.002 -12"><span class='ocrx_word' id='word_1_808' title='bbox 1600 5393 1673 5448; x_wconf 65' lang='grc'>14444</span> <span class='ocrx_word' id='word_1_809' title='bbox 1690 5393 1786 5446; x_wconf 89' lang='lat' dir='ltr'>dicitur</span> <span class='ocrx_word' id='word_1_810' title='bbox 1804 5393 1845 5444; x_wconf 87' lang='lat' dir='ltr'>Ps.</span> <span class='ocrx_word' id='word_1_811' title='bbox 1864 5389 1911 5458; x_wconf 85' lang='grc'>87,</span> <span class='ocrx_word' id='word_1_812' title='bbox 1931 5393 1962 5460; x_wconf 92' lang='grc'>6,</span> <span class='ocrx_word' id='word_1_813' title='bbox 1986 5405 2064 5460; x_wconf 93' lang='lat' dir='ltr'>quem</span> <span class='ocrx_word' id='word_1_814' title='bbox 2085 5393 2152 5444; x_wconf 86' lang='lat' dir='ltr'>Petr.</span> <span class='ocrx_word' id='word_1_815' title='bbox 2174 5389 2315 5448; x_wconf 88' lang='lat' dir='ltr'>Lombard.</span> <span class='ocrx_word' id='word_1_816' title='bbox 2336 5393 2481 5450; x_wconf 88' lang='lat' dir='ltr'>seeundum</span> 
     </span>
     <span class='ocr_line' id='line_1_106' title="bbox 1528 5481 2482 5552; baseline 0.004 -18"><span class='ocrx_word' id='word_1_817' title='bbox 1528 5483 1636 5546; x_wconf 78' lang='lat' dir='ltr'>hargost.</span> <span class='ocrx_word' id='word_1_818' title='bbox 1658 5483 1695 5536; x_wconf 90' lang='lat' dir='ltr'>sic</span> <span class='ocrx_word' id='word_1_819' title='bbox 1714 5481 1837 5546; x_wconf 83' lang='lat' dir='ltr'>exponit:</span> <span class='ocrx_word' id='word_1_820' title='bbox 1857 5481 1881 5534; x_wconf 93' lang='lat' dir='ltr'>ld</span> <span class='ocrx_word' id='word_1_821' title='bbox 1903 5485 1940 5534; x_wconf 86' lang='lat' dir='ltr'>est</span> <span class='ocrx_word' id='word_1_822' title='bbox 1959 5481 2027 5534; x_wconf 88' lang='lat' dir='ltr'>inter</span> <span class='ocrx_word' id='word_1_823' title='bbox 2045 5487 2196 5546; x_wconf 85' lang='lat' dir='ltr'>peccatores</span> <span class='ocrx_word' id='word_1_824' title='bbox 2210 5483 2281 5536; x_wconf 89' lang='lat' dir='ltr'>solus</span> <span class='ocrx_word' id='word_1_825' title='bbox 2293 5483 2348 5536; x_wconf 89' lang='lat' dir='ltr'>sine</span> <span class='ocrx_word' id='word_1_826' title='bbox 2360 5489 2482 5552; x_wconf 87' lang='lat' dir='ltr'>peccato,</span> 
     </span>
     <span class='ocr_line' id='line_1_107' title="bbox 1528 5569 2375 5640; baseline 0 -16"><span class='ocrx_word' id='word_1_827' title='bbox 1528 5571 1574 5638; x_wconf 91' lang='lat' dir='ltr'>qui</span> <span class='ocrx_word' id='word_1_828' title='bbox 1593 5575 1678 5636; x_wconf 85' lang='lat' dir='ltr'>potest</span> <span class='ocrx_word' id='word_1_829' title='bbox 1694 5569 1809 5622; x_wconf 87' lang='lat' dir='ltr'>animam</span> <span class='ocrx_word' id='word_1_830' title='bbox 1829 5583 1927 5636; x_wconf 87' lang='lat' dir='ltr'>ponere</span> <span class='ocrx_word' id='word_1_831' title='bbox 1945 5575 1971 5624; x_wconf 92' lang='lat' dir='ltr'>et</span> <span class='ocrx_word' id='word_1_832' title='bbox 1988 5583 2121 5624; x_wconf 88' lang='lat' dir='ltr'>resumere</span> <span class='ocrx_word' id='word_1_833' title='bbox 2141 5569 2225 5640; x_wconf 89' lang='lat' dir='ltr'>[toan.</span> <span class='ocrx_word' id='word_1_834' title='bbox 2243 5573 2292 5636; x_wconf 92' lang='grc'>40,</span> <span class='ocrx_word' id='word_1_835' title='bbox 2312 5573 2375 5640; x_wconf 72' lang='grc'>484.</span> 
     </span>
    </p>

    <p class='ocr_par' dir='ltr' id='par_1_22' title="bbox 1527 5657 2482 5900">
     <span class='ocr_line' id='line_1_108' title="bbox 1601 5657 2482 5726; baseline 0.001 -12"><span class='ocrx_word' id='word_1_836' title='bbox 1601 5657 1623 5690; x_wconf 76' lang='lat'>¹⁸</span> <span class='ocrx_word' id='word_1_837' title='bbox 1642 5659 1726 5714; x_wconf 88' lang='lat' dir='ltr'>Codd.</span> <span class='ocrx_word' id='word_1_838' title='bbox 1745 5657 1798 5712; x_wconf 91' lang='lat' dir='ltr'>CD</span> <span class='ocrx_word' id='word_1_839' title='bbox 1816 5661 1877 5714; x_wconf 85' lang='grc'>4444</span> <span class='ocrx_word' id='word_1_840' title='bbox 1895 5657 1939 5726; x_wconf 86' lang='lat' dir='ltr'>(lta</span> <span class='ocrx_word' id='word_1_841' title='bbox 1958 5659 2037 5714; x_wconf 89' lang='lat' dir='ltr'>etiam</span> <span class='ocrx_word' id='word_1_842' title='bbox 2054 5661 2083 5714; x_wconf 87' lang='lat' dir='ltr'>B.</span> <span class='ocrx_word' id='word_1_843' title='bbox 2102 5657 2209 5726; x_wconf 79' lang='grc'>4444444.)</span> <span class='ocrx_word' id='word_1_844' title='bbox 2222 5675 2228 5726; x_wconf 92' lang='grc'><strong>;</strong></span> <span class='ocrx_word' id='word_1_845' title='bbox 2240 5663 2287 5714; x_wconf 85' lang='lat' dir='ltr'>cfr.</span> <span class='ocrx_word' id='word_1_846' title='bbox 2299 5663 2368 5714; x_wconf 89' lang='lat' dir='ltr'>loan.</span> <span class='ocrx_word' id='word_1_847' title='bbox 2384 5663 2425 5724; x_wconf 86' lang='lat' dir='ltr'>l9,</span> <span class='ocrx_word' id='word_1_848' title='bbox 2440 5661 2482 5726; x_wconf 75' lang='lat' dir='ltr'>ll,</span> 
     </span>
     <span class='ocr_line' id='line_1_109' title="bbox 1527 5747 2482 5818; baseline 0 -18"><span class='ocrx_word' id='word_1_849' title='bbox 1527 5747 1628 5818; x_wconf 77' lang='lat' dir='ltr'>Hfuil.</span> <span class='ocrx_word' id='word_1_850' title='bbox 1648 5747 1831 5800; x_wconf 88' lang='lat' dir='ltr'>-Sententia</span> <span class='ocrx_word' id='word_1_851' title='bbox 1852 5747 1937 5802; x_wconf 85' lang='lat' dir='ltr'>Dedae</span> <span class='ocrx_word' id='word_1_852' title='bbox 1955 5747 2065 5804; x_wconf 88' lang='lat' dir='ltr'>habetur</span> <span class='ocrx_word' id='word_1_853' title='bbox 2085 5749 2125 5802; x_wconf 89' lang='lat' dir='ltr'>Vl.</span> <span class='ocrx_word' id='word_1_854' title='bbox 2147 5749 2172 5800; x_wconf 93' lang='lat' dir='ltr'>in</span> <span class='ocrx_word' id='word_1_855' title='bbox 2195 5747 2258 5802; x_wconf 89' lang='lat' dir='ltr'>Luc.</span> <span class='ocrx_word' id='word_1_856' title='bbox 2287 5749 2335 5812; x_wconf 80' lang='grc'>43,</span> <span class='ocrx_word' id='word_1_857' title='bbox 2363 5749 2412 5812; x_wconf 88' lang='grc'>63,</span> <span class='ocrx_word' id='word_1_858' title='bbox 2436 5747 2482 5800; x_wconf 82' lang='lat' dir='ltr'>urbi</span> 
     </span>
     <span class='ocr_line' id='line_1_110' title="bbox 1528 5833 2080 5900; baseline 0 -12"><span class='ocrx_word' id='word_1_859' title='bbox 1528 5837 1605 5888; x_wconf 88' lang='grc'>44444</span> <span class='ocrx_word' id='word_1_860' title='bbox 1624 5837 1714 5888; x_wconf 87' lang='lat' dir='ltr'>Glossa</span> <span class='ocrx_word' id='word_1_861' title='bbox 1733 5833 1874 5888; x_wconf 82' lang='grc'>4444444444</span> <span class='ocrx_word' id='word_1_862' title='bbox 1893 5837 1978 5900; x_wconf 90' lang='lat' dir='ltr'>ipsam</span> <span class='ocrx_word' id='word_1_863' title='bbox 1997 5839 2080 5888; x_wconf 80' lang='lat' dir='ltr'>alleri.</span> 
     </span>
    </p>

    <p class='ocr_par' dir='ltr' id='par_1_23' title="bbox 1600 5923 2201 5992">
     <span class='ocr_line' id='line_1_111' title="bbox 1600 5923 2201 5992; baseline 0 -14"><span class='ocrx_word' id='word_1_864' title='bbox 1600 5923 1716 5978; x_wconf 78' lang='lat' dir='ltr'>14Vers.</span> <span class='ocrx_word' id='word_1_865' title='bbox 1738 5927 1780 5978; x_wconf 90' lang='grc'>40.</span> <span class='ocrx_word' id='word_1_866' title='bbox 1799 5953 1834 5962; x_wconf 86' lang='grc'>-</span> <span class='ocrx_word' id='word_1_867' title='bbox 1853 5925 1976 5992; x_wconf 86' lang='lat' dir='ltr'>Sequitur</span> <span class='ocrx_word' id='word_1_868' title='bbox 1994 5927 2091 5978; x_wconf 87' lang='lat' dir='ltr'>Tbren.</span> <span class='ocrx_word' id='word_1_869' title='bbox 2110 5927 2139 5990; x_wconf 87' lang='grc'>3,</span> <span class='ocrx_word' id='word_1_870' title='bbox 2160 5925 2201 5978; x_wconf 88' lang='grc'>53.</span> 
     </span>
    </p>

    <p class='ocr_par' dir='ltr' id='par_1_24' title="bbox 1528 6011 2483 6434">
     <span class='ocr_line' id='line_1_112' title="bbox 1538 6011 2481 6080; baseline 0 -12"><span class='ocrx_word' id='word_1_871' title='bbox 1538 6065 1543 6078; x_wconf 73' lang='grc'>,</span> <span class='ocrx_word' id='word_1_872' title='bbox 1600 6011 1622 6044; x_wconf 85' lang='lat'>²⁵</span> <span class='ocrx_word' id='word_1_873' title='bbox 1641 6015 1717 6068; x_wconf 81' lang='lat' dir='ltr'>Vers.</span> <span class='ocrx_word' id='word_1_874' title='bbox 1736 6013 1781 6066; x_wconf 88' lang='grc'>34.</span> <span class='ocrx_word' id='word_1_875' title='bbox 1793 6041 1822 6052; x_wconf 88' lang='lat'><em>-</em></span> <span class='ocrx_word' id='word_1_876' title='bbox 1841 6013 1929 6068; x_wconf 85' lang='lat' dir='ltr'>Glossa</span> <span class='ocrx_word' id='word_1_877' title='bbox 1948 6011 2091 6068; x_wconf 81' lang='lat' dir='ltr'>ordr&#39;rrorr&#39;u</span> <span class='ocrx_word' id='word_1_878' title='bbox 2110 6013 2151 6080; x_wconf 83' lang='lat' dir='ltr'>(ex</span> <span class='ocrx_word' id='word_1_879' title='bbox 2168 6011 2247 6080; x_wconf 84' lang='lat' dir='ltr'>Beda)</span> <span class='ocrx_word' id='word_1_880' title='bbox 2264 6013 2289 6066; x_wconf 83' lang='lat' dir='ltr'>tn</span> <span class='ocrx_word' id='word_1_881' title='bbox 2301 6015 2364 6068; x_wconf 86' lang='lat' dir='ltr'>Luc.</span> <span class='ocrx_word' id='word_1_882' title='bbox 2378 6015 2420 6076; x_wconf 89' lang='grc'>23,</span> <span class='ocrx_word' id='word_1_883' title='bbox 2433 6013 2481 6068; x_wconf 74' lang='grc'>534</span> 
     </span>
     <span class='ocr_line' id='line_1_113' title="bbox 1529 6101 2482 6174; baseline -0.002 -16"><span class='ocrx_word' id='word_1_884' title='bbox 1529 6105 1560 6158; x_wconf 85' lang='lat' dir='ltr'>Itt</span> <span class='ocrx_word' id='word_1_885' title='bbox 1579 6115 1631 6174; x_wconf 81' lang='lat' dir='ltr'>quo</span> <span class='ocrx_word' id='word_1_886' title='bbox 1651 6101 1772 6158; x_wconf 81' lang='grc'>44444444</span> <span class='ocrx_word' id='word_1_887' title='bbox 1790 6107 1854 6168; x_wconf 81' lang='lat' dir='ltr'>eto,</span> <span class='ocrx_word' id='word_1_888' title='bbox 1872 6101 1894 6152; x_wconf 93' lang='lat' dir='ltr'>si</span> <span class='ocrx_word' id='word_1_889' title='bbox 1914 6101 1938 6154; x_wconf 89' lang='lat' dir='ltr'>ln</span> <span class='ocrx_word' id='word_1_890' title='bbox 1958 6107 2142 6164; x_wconf 82' lang='lat' dir='ltr'>monumenm,</span> <span class='ocrx_word' id='word_1_891' title='bbox 2161 6101 2208 6154; x_wconf 91' lang='lat' dir='ltr'>ubi</span> <span class='ocrx_word' id='word_1_892' title='bbox 2226 6101 2292 6156; x_wconf 92' lang='lat' dir='ltr'>alius</span> <span class='ocrx_word' id='word_1_893' title='bbox 2309 6101 2412 6166; x_wconf 89' lang='lat' dir='ltr'>positus</span> <span class='ocrx_word' id='word_1_894' title='bbox 2423 6101 2482 6156; x_wconf 84' lang='lat' dir='ltr'>fuis·</span> 
     </span>
     <span class='ocr_line' id='line_1_114' title="bbox 1528 6187 2481 6260; baseline 0 -14"><span class='ocrx_word' id='word_1_895' title='bbox 1528 6197 1581 6260; x_wconf 89' lang='lat' dir='ltr'>set,</span> <span class='ocrx_word' id='word_1_896' title='bbox 1601 6197 1753 6260; x_wconf 87' lang='lat' dir='ltr'>poneretur,</span> <span class='ocrx_word' id='word_1_897' title='bbox 1778 6191 1843 6244; x_wconf 92' lang='lat' dir='ltr'>alius</span> <span class='ocrx_word' id='word_1_898' title='bbox 1868 6189 2041 6244; x_wconf 83' lang='lat' dir='ltr'>resurrexisse</span> <span class='ocrx_word' id='word_1_899' title='bbox 2067 6191 2220 6254; x_wconf 79' lang='lat' dir='ltr'>tingeretur.</span> <span class='ocrx_word' id='word_1_900' title='bbox 2237 6191 2266 6242; x_wconf 94' lang='lat' dir='ltr'>ln</span> <span class='ocrx_word' id='word_1_901' title='bbox 2284 6195 2358 6256; x_wconf 84' lang='lat' dir='ltr'>petra</span> <span class='ocrx_word' id='word_1_902' title='bbox 2376 6187 2481 6258; x_wconf 82' lang='grc'>444444,</span> 
     </span>
     <span class='ocr_line' id='line_1_115' title="bbox 1529 6277 2483 6344; baseline -0.002 -10"><span class='ocrx_word' id='word_1_903' title='bbox 1529 6295 1560 6334; x_wconf 90' lang='lat' dir='ltr'>ne</span> <span class='ocrx_word' id='word_1_904' title='bbox 1578 6281 1602 6334; x_wconf 91' lang='lat' dir='ltr'>si</span> <span class='ocrx_word' id='word_1_905' title='bbox 1619 6293 1650 6334; x_wconf 83' lang='lat' dir='ltr'>ex</span> <span class='ocrx_word' id='word_1_906' title='bbox 1669 6281 1755 6332; x_wconf 87' lang='lat' dir='ltr'>multis</span> <span class='ocrx_word' id='word_1_907' title='bbox 1775 6277 1908 6344; x_wconf 88' lang='lat' dir='ltr'>lapidibus</span> <span class='ocrx_word' id='word_1_908' title='bbox 1931 6279 2097 6332; x_wconf 81' lang='lat' dir='ltr'>aedificatum</span> <span class='ocrx_word' id='word_1_909' title='bbox 2116 6283 2199 6344; x_wconf 87' lang='lat' dir='ltr'>esset,</span> <span class='ocrx_word' id='word_1_910' title='bbox 2218 6279 2292 6332; x_wconf 90' lang='lat' dir='ltr'>lossis</span> <span class='ocrx_word' id='word_1_911' title='bbox 2311 6279 2406 6332; x_wconf 86' lang='lat' dir='ltr'>tumuli</span> <span class='ocrx_word' id='word_1_912' title='bbox 2424 6281 2483 6332; x_wconf 86' lang='lat' dir='ltr'>lun-</span> 
     </span>
     <span class='ocr_line' id='line_1_116' title="bbox 1529 6365 2482 6434; baseline -0.002 -12"><span class='ocrx_word' id='word_1_913' title='bbox 1529 6369 1671 6434; x_wconf 80' lang='grc'>4444444,</span> <span class='ocrx_word' id='word_1_914' title='bbox 1685 6371 1753 6420; x_wconf 88' lang='grc'>44444</span> <span class='ocrx_word' id='word_1_915' title='bbox 1767 6367 1869 6420; x_wconf 88' lang='lat' dir='ltr'>ablatus</span> <span class='ocrx_word' id='word_1_916' title='bbox 1881 6367 2020 6420; x_wconf 86' lang='lat' dir='ltr'>diceretur.</span> <span class='ocrx_word' id='word_1_917' title='bbox 2036 6365 2088 6418; x_wconf 85' lang='lat' dir='ltr'>Ch.</span> <span class='ocrx_word' id='word_1_918' title='bbox 2102 6369 2164 6416; x_wconf 91' lang='lat' dir='ltr'>tom.</span> <span class='ocrx_word' id='word_1_919' title='bbox 2177 6365 2221 6418; x_wconf 82' lang='lat' dir='ltr'>Vl.</span> <span class='ocrx_word' id='word_1_920' title='bbox 2234 6377 2296 6434; x_wconf 87' lang='lat' dir='ltr'>pag.</span> <span class='ocrx_word' id='word_1_921' title='bbox 2309 6367 2370 6434; x_wconf 86' lang='grc'>543,</span> <span class='ocrx_word' id='word_1_922' title='bbox 2384 6372 2443 6422; x_wconf 86' lang='lat' dir='ltr'>note</span> <span class='ocrx_word' id='word_1_923' title='bbox 2459 6367 2482 6420; x_wconf 92' lang='grc'>4.</span> 
     </span>
    </p>
   </div>
   <div class='ocr_carea' id='block_1_12' title="bbox 1482 6455 2305 6524">
    <p class='ocr_par' dir='ltr' id='par_1_25' title="bbox 1482 6455 2305 6524">
     <span class='ocr_line' id='line_1_117' title="bbox 1482 6455 2305 6524; baseline 0.001 -14"><span class='ocrx_word' id='word_1_924' title='bbox 1482 6481 1485 6488; x_wconf 77' lang='lat'><em>,</em></span> <span class='ocrx_word' id='word_1_925' title='bbox 1529 6461 1553 6510; x_wconf 90' lang='lat' dir='ltr'>et</span> <span class='ocrx_word' id='word_1_926' title='bbox 1571 6457 1688 6524; x_wconf 83' lang='lat' dir='ltr'>Hieron,</span> <span class='ocrx_word' id='word_1_927' title='bbox 1709 6455 1752 6510; x_wconf 88' lang='lat' dir='ltr'>lV.</span> <span class='ocrx_word' id='word_1_928' title='bbox 1773 6455 1918 6512; x_wconf 85' lang='lat' dir='ltr'>Comment.</span> <span class='ocrx_word' id='word_1_929' title='bbox 1937 6455 1965 6508; x_wconf 83' lang='lat' dir='ltr'>tn</span> <span class='ocrx_word' id='word_1_930' title='bbox 1982 6455 2070 6508; x_wconf 84' lang='lat' dir='ltr'>llattb.</span> <span class='ocrx_word' id='word_1_931' title='bbox 2089 6455 2137 6522; x_wconf 79' lang='lat' dir='ltr'>ut,</span> <span class='ocrx_word' id='word_1_932' title='bbox 2156 6455 2199 6508; x_wconf 88' lang='grc'>64.</span> <span class='ocrx_word' id='word_1_933' title='bbox 2219 6459 2243 6506; x_wconf 90' lang='grc'>44</span> <span class='ocrx_word' id='word_1_934' title='bbox 2262 6455 2305 6510; x_wconf 81' lang='lat' dir='ltr'>dl.</span> 
     </span>
    </p>
   </div>
   <div class='ocr_carea' id='block_1_13' title="bbox 1528 6543 2482 6970">
    <p class='ocr_par' dir='ltr' id='par_1_26' title="bbox 1529 6543 2482 6704">
     <span class='ocr_line' id='line_1_118' title="bbox 1600 6543 2482 6616; baseline 0 -14"><span class='ocrx_word' id='word_1_935' title='bbox 1600 6543 1622 6576; x_wconf 75' lang='lat'>¹⁶</span> <span class='ocrx_word' id='word_1_936' title='bbox 1641 6545 1692 6602; x_wconf 86' lang='lat' dir='ltr'>Ch.</span> <span class='ocrx_word' id='word_1_937' title='bbox 1711 6547 1797 6600; x_wconf 84' lang='lat' dir='ltr'>llattb.</span> <span class='ocrx_word' id='word_1_938' title='bbox 1817 6545 1866 6608; x_wconf 82' lang='grc'>27,</span> <span class='ocrx_word' id='word_1_939' title='bbox 1886 6545 1934 6598; x_wconf 90' lang='grc'>64.</span> <span class='ocrx_word' id='word_1_940' title='bbox 1954 6559 2030 6614; x_wconf 92' lang='lat' dir='ltr'>seqq.</span> <span class='ocrx_word' id='word_1_941' title='bbox 2046 6551 2072 6598; x_wconf 86' lang='lat' dir='ltr'>et</span> <span class='ocrx_word' id='word_1_942' title='bbox 2090 6545 2139 6608; x_wconf 87' lang='grc'>23,</span> <span class='ocrx_word' id='word_1_943' title='bbox 2159 6545 2201 6598; x_wconf 92' lang='grc'>44.</span> <span class='ocrx_word' id='word_1_944' title='bbox 2220 6559 2294 6616; x_wconf 88' lang='lat' dir='ltr'>seqq.</span> <span class='ocrx_word' id='word_1_945' title='bbox 2306 6547 2482 6614; x_wconf 81' lang='lat' dir='ltr'>-SuperIus</span> 
     </span>
     <span class='ocr_line' id='line_1_119' title="bbox 1529 6633 2249 6704; baseline -0.001 -14"><span class='ocrx_word' id='word_1_946' title='bbox 1529 6641 1590 6704; x_wconf 90' lang='lat' dir='ltr'>post</span> <span class='ocrx_word' id='word_1_947' title='bbox 1606 6639 1811 6692; x_wconf 75' lang='grc'>4444444444</span> <span class='ocrx_word' id='word_1_948' title='bbox 1829 6637 1849 6688; x_wconf 88' lang='grc' dir='ltr'><strong>Β</strong></span> <span class='ocrx_word' id='word_1_949' title='bbox 1867 6635 1940 6690; x_wconf 84' lang='lat' dir='ltr'>addit</span> <span class='ocrx_word' id='word_1_950' title='bbox 1959 6637 1983 6690; x_wconf 87' lang='grc'>44</span> <span class='ocrx_word' id='word_1_951' title='bbox 2000 6647 2100 6704; x_wconf 82' lang='lat' dir='ltr'>corpus</span> <span class='ocrx_word' id='word_1_952' title='bbox 2117 6633 2249 6692; x_wconf 86' lang='grc'>44444444.</span> 
     </span>
    </p>

    <p class='ocr_par' dir='ltr' id='par_1_27' title="bbox 1528 6721 2482 6970">
     <span class='ocr_line' id='line_1_120' title="bbox 1600 6721 2482 6794; baseline 0 -18"><span class='ocrx_word' id='word_1_953' title='bbox 1600 6721 1621 6754; x_wconf 73' lang='lat'>¹²</span> <span class='ocrx_word' id='word_1_954' title='bbox 1641 6725 1691 6792; x_wconf 86' lang='lat' dir='ltr'>Qui</span> <span class='ocrx_word' id='word_1_955' title='bbox 1710 6727 1855 6790; x_wconf 88' lang='lat' dir='ltr'>sequuntur</span> <span class='ocrx_word' id='word_1_956' title='bbox 1873 6725 1985 6792; x_wconf 79' lang='lat' dir='ltr'>Rodum,</span> <span class='ocrx_word' id='word_1_957' title='bbox 2004 6725 2046 6776; x_wconf 89' lang='lat' dir='ltr'>lV.</span> <span class='ocrx_word' id='word_1_958' title='bbox 2066 6725 2092 6776; x_wconf 92' lang='lat' dir='ltr'>in</span> <span class='ocrx_word' id='word_1_959' title='bbox 2110 6725 2187 6778; x_wconf 90' lang='lat' dir='ltr'>llarc.</span> <span class='ocrx_word' id='word_1_960' title='bbox 2209 6725 2256 6794; x_wconf 89' lang='grc'>45,</span> <span class='ocrx_word' id='word_1_961' title='bbox 2276 6725 2307 6780; x_wconf 90' lang='grc'>46</span> <span class='ocrx_word' id='word_1_962' title='bbox 2321 6745 2327 6780; x_wconf 88' lang='lat'>:</span> <span class='ocrx_word' id='word_1_963' title='bbox 2342 6727 2379 6780; x_wconf 90' lang='lat' dir='ltr'>De</span> <span class='ocrx_word' id='word_1_964' title='bbox 2393 6739 2482 6780; x_wconf 92' lang='lat' dir='ltr'>monu-</span> 
     </span>
     <span class='ocr_line' id='line_1_121' title="bbox 1529 6813 2481 6882; baseline 0 -16"><span class='ocrx_word' id='word_1_965' title='bbox 1529 6819 1617 6866; x_wconf 84' lang='lat' dir='ltr'>mento</span> <span class='ocrx_word' id='word_1_966' title='bbox 1629 6813 1739 6866; x_wconf 89' lang='lat' dir='ltr'>&#39;Domini</span> <span class='ocrx_word' id='word_1_967' title='bbox 1758 6815 1858 6876; x_wconf 87' lang='lat' dir='ltr'>lerunt,</span> <span class='ocrx_word' id='word_1_968' title='bbox 1877 6813 1923 6882; x_wconf 88' lang='lat' dir='ltr'>qui</span> <span class='ocrx_word' id='word_1_969' title='bbox 1942 6817 2030 6866; x_wconf 91' lang='lat' dir='ltr'>nostra</span> <span class='ocrx_word' id='word_1_970' title='bbox 2048 6819 2132 6866; x_wconf 88' lang='grc'>444444</span> <span class='ocrx_word' id='word_1_971' title='bbox 2151 6815 2183 6868; x_wconf 90' lang='grc'>44</span> <span class='ocrx_word' id='word_1_972' title='bbox 2204 6815 2366 6880; x_wconf 87' lang='lat' dir='ltr'>ierosolymis</span> <span class='ocrx_word' id='word_1_973' title='bbox 2385 6815 2409 6868; x_wconf 89' lang='lat' dir='ltr'>ln</span> <span class='ocrx_word' id='word_1_974' title='bbox 2429 6815 2481 6866; x_wconf 90' lang='lat' dir='ltr'>Bri·</span> 
     </span>
     <span class='ocr_line' id='line_1_122' title="bbox 1528 6901 2270 6970; baseline 0 -14"><span class='ocrx_word' id='word_1_975' title='bbox 1528 6901 1644 6956; x_wconf 86' lang='lat' dir='ltr'>tanniam</span> <span class='ocrx_word' id='word_1_976' title='bbox 1663 6915 1774 6970; x_wconf 87' lang='lat' dir='ltr'>venere,</span> <span class='ocrx_word' id='word_1_977' title='bbox 1792 6901 1864 6968; x_wconf 89' lang='lat' dir='ltr'>quod</span> <span class='ocrx_word' id='word_1_978' title='bbox 1884 6903 1979 6956; x_wconf 90' lang='lat' dir='ltr'>domus</span> <span class='ocrx_word' id='word_1_979' title='bbox 1997 6905 2074 6956; x_wconf 78' lang='lat' dir='ltr'>luent</span> <span class='ocrx_word' id='word_1_980' title='bbox 2091 6903 2203 6956; x_wconf 87' lang='lat' dir='ltr'>rotunda</span> <span class='ocrx_word' id='word_1_981' title='bbox 2220 6907 2270 6956; x_wconf 88' lang='lat' dir='ltr'>etc.</span> 
     </span>
    </p>
   </div>
   <div class='ocr_carea' id='block_1_14' title="bbox 0 0 2959 8260">
    <p class='ocr_par' dir='ltr' id='par_1_28' title="bbox 0 0 2959 8260">
     <span class='ocr_line' id='line_1_123' title="bbox 0 0 2959 8260; baseline 0 0"><span class='ocrx_word' id='word_1_982' title='bbox 0 0 2959 8260; x_wconf 95' lang='lat' dir='ltr'> </span> 
     </span>
    </p>
   </div>
  </div>
 </body>
</html>
