5900 8266
576 597 639 664 690
774 641 775 644 =
1277 607 1278 610 ’
1344 607 1345 610 ’
1434 603 1549 670 INDEX
1572 605 1700 670 RERUM

829 687 894 742 Cllli
916 689 951 758 (3)
1069 717 1070 720 =
2178 687 2301 756 0111144)

626 803 662 814 -
680 777 752 830 venit
768 781 877 844 propter
901 791 948 830 nos
976 777 1002 830 in
1020 775 1168 832 bumilitate
1187 781 1211 830 et
1248 779 1365 832 servavit
1382 779 1622 842 circumcisionem,
1640 793 1675 832 44
1700 779 1834 832 videretur
1854 779 1885 832 al·
1922 781 2036 832 randum
2059 785 2086 832 et
2112 775 2232 830 homines
2257 775 2434 828 aedificandos
2454 775 2487 826 69
2508 773 2558 826 440

574 865 748 932 humanitate,
765 865 828 932 quia
840 863 956 918 mundns
968 879 1021 918 non
1035 863 1211 932 cognoscebat
1249 865 1329 920 terius
1346 867 1413 920 ritus
1431 871 1455 918 et
1475 867 1560 932 gentis
1577 867 1610 920 Vl
1629 865 1683 918 344
1695 865 1731 918 25
1744 865 1771 916 2*
1793 895 1824 904 --
1838 881 1885 920 vo-
1922 867 2070 926 -,crevit
2100 865 2125 918 ln
2159 863 2235 916 bonis
2264 863 2443 928 spiritualibus
2475 863 2559 928 magis

572 953 630 1006 eius
646 953 833 1006 sublimitatem
852 955 885 1006 111
905 953 957 1006 253
977 955 1007 1006 34
1030 981 1067 992 -
1084 953 1157 1006 venit
1176 953 1209 1006 ad
1248 955 1296 1006 luit
1313 953 1465 1008 circumcidi
1485 959 1593 1020 propter
1617 955 1693 1018 Legis
1721 951 1885 1018 approbatio·
1923 955 2010 1022 quoad
2030 951 2189 1006 evidentiam
2202 965 2285 1018 quam
2297 949 2385 1018 quoad
2399 949 2559 1004 existentiam

470 1029 473 1034 ’
575 1043 768 1096 immittendum
802 1043 947 1096 dilectionis
982 1041 1146 1104 incendium,
1178 1039 1209 1094 ad
1248 1057 1310 1094 uem
1327 1047 1354 1094 44
1380 1041 1574 1108 impletionem,
1598 1045 1706 1108 propter
1735 1041 1885 1096 puerilitatis
1924 1045 1955 1096 Vl
1976 1043 2027 1096 553
2047 1043 2061 1092 2
2081 1069 2116 1078 -
2134 1039 2162 1092 iu
2180 1039 2262 1102 gratia
2282 1051 2374 1090 omnes
2396 1039 2494 1090 44441144
2507 1039 2558 1090 288

573 1129 763 1196 percolendum
791 1131 923 1196 passionis
948 1131 1096 1184 remedium
1124 1135 1149 1182 et
1178 1129 1211 1180 ad
1238 1121 1434 1192 ostensionem,
1455 1137 1563 1196 propter
1590 1129 1733 1194 spiritualis
1751 1129 1886 1184 414444444-
1924 1131 1957 1184 57
1971 1159 2004 1172 -
2018 1129 2065 1180 luit
2082 1129 2178 1194 plenus
2195 1127 2280 1192 gratia
2298 1125 2424 1192 singulari
2437 1127 2559 1192 maxima,

573 1219 795 1272 introducendum
813 1221 921 1272 affectus
938 1217 1050 1272 carnalis
1067 1219 1209 1272 divortium
1248 1219 1328 1270 sionis
1342 1217 1561 1270 introductionem
1580 1223 1608 1270 44
1624 1223 1733 1282 propter
1750 1217 1885 1270 contermi-
1923 1231 1992 1286 quae
2009 1217 2165 1282 potuitesse
2177 1213 2204 1266 in
2219 1213 2339 1276 homine,
2351 1219 2375 1266 44
2388 1213 2472 1278 gratia
2485 1215 2560 1266 aruin-

574 1307 618 1360 Vll
636 1307 689 1360 330
705 1305 741 1360 70
759 1333 795 1348 -·
814 1307 882 1360 lusto
899 1307 998 1360 iudicio
1015 1307 1044 1360 in
1056 1305 1149 1360 Christi
1168 1305 1211 1360 ad·
1248 1305 1307 1360 tatis
1318 1309 1344 1358 et
1357 1304 1512 1360 concordiae
1525 1305 1783 1360 commendationem
1796 1307 1838 1360 1411
1853 1305 1884 1360 54
1923 1307 1978 1372 444,
1995 1319 2049 1372 qua
2071 1303 2140 1356 nulla
2170 1303 2253 1354 maior
2282 1303 2334 1356 255
2363 1301 2392 1355 41
2416 1330 2451 1340 -
2469 1303 2560 1356 habuit

573 1399 653 1450 aventu
675 1397 746 1450 caeci
764 1401 837 1448 erant
855 1395 1018 1450 illuminandi
1032 1401 1064 1450 et
1079 1393 1209 1448 Pharisaei
1250 1393 1283 1446 45
1296 1423 1330 1434 -
1343 1393 1371 1446 44
1382 1393 1581 1447 circumcisione
1594 1407 1623 1448 se
1634 1395 1748 1460 perlecta
1765 1395 1886 1448 humilia·
1923 1393 2034 1460 gratiam
2060 1397 2174 1444 creatam
2202 1391 2301 1444 linitam
2327 1391 2354 1444 in
2377 1405 2421 1456 se,
2438 1393 2487 1444 sed
2504 1405 2559 1444 non

573 1483 729 1538 excaecandi
755 1485 789 1536 Vl
809 1483 859 1536 376
880 1483 913 1536 47
932 1511 967 1524 -
986 1485 1094 1538 veniens
1114 1483 1137 1536 in
1157 1497 1210 1536 ear·
1248 1481 1286 1534 vit
1304 1489 1329 1534 44
1345 1481 1604 1536 inchoavitnostram
1616 1483 1725 1536 salntem
1739 1481 1884 1536 ibid-in
1922 1487 2047 1534 arctatam
2060 1479 2095 1532 ad
2106 1479 2220 1546 aliquem
2232 1479 2397 1544 actum,scd
2409 1479 2440 1532 ad
2451 1493 2558 1534 omnem

538 1621 542 1626 ,
573 1585 634 1624 nem
651 1573 780 1626 illuminat
798 1577 949 1638 peccatores
967 1579 1083 1624 errantes
1104 1569 1209 1624 vitiat
1248 1569 1886 1638 circumcisionevocaturlesns,qnianonaccepit
1923 1571 1974 1622 289
1994 1571 2083 1620 63-
2102 1573 2229 1634 quantum
2254 1567 2290 1622 ad
2313 1567 2501 1622 humanitatem
2522 1573 2559 1622 est

573 1663 609 1714 27
629 1691 662 1700 -
680 1645 753 1714 venit
770 1669 799 1714 nt
816 1663 859 1714 lux
878 1661 910 1714 ad
925 1659 1104 1726 dirigendum,
1116 1665 1143 1714 ut
1157 1675 1210 1712 me·
1247 1657 1475 1712 circumcisionem
1493 1667 1602 1724 propter
1619 1663 1799 1714 necessitatem
1821 1671 1884 1712 suae
1923 1659 2014 1724 plenus
2035 1657 2116 1720 gratia
2135 1657 2169 1710 ad
2186 1657 2362 1734 exhaurienda
2375 1663 2495 1722 peccata,
2508 1657 2559 1722 ple·

573 1749 659 1804 diator
677 1749 710 1802 ad
728 1747 909 1816 liberandum,
928 1755 956 1802 ut
981 1747 1081 1802 amicus
1100 1747 1134 1802 ad
1151 1763 1211 1802 cou-
1247 1745 1396 1814 curationis
1417 1747 1461 1800 sed
1483 1753 1590 1814 propter
1609 1747 1829 1816 dispensationem
1844 1761 1884 1800 no·
1922 1761 1973 1798 uns
1990 1745 2106 1798 veritatis
2132 1747 2169 1798 ad
2195 1745 2328 1810 implenda
2353 1745 2482 1812 promissa
2507 1745 2557 1798 254

573 1837 735 1900 vivendum,
752 1843 780 1890 ut
800 1851 913 1904 sponsus
936 1837 969 1894 ad
989 1837 1209 1902 cohabitandum,
1247 1841 1316 1890 strae
1340 1837 1431 1890 salutis
1453 1837 1488 1892 55
1514 1837 1548 1890 46
1571 1863 1606 1876 -
1630 1837 1783 1890 nominatur
1801 1837 1884 1902 lesus,
1922 1835 1956 1888 35
1977 1835 2123 1888 -4144444
2153 1837 2190 1886 444
2219 1835 2243 1886 44
2274 1835 2434 1900 singularem
2461 1835 2558 1900 gratiae

573 1933 603 1980 ut
620 1939 663 1980 rex
683 1927 716 1978 ad
735 1925 954 1990 praesidendum,
975 1931 1003 1978 nt
1019 1925 1100 1978 itrdcx
1118 1925 1149 1978 ad
1171 1939 1211 1978 re·
1247 1925 1310 1994 quia
1328 1933 1368 1980 est
1385 1927 1504 1980 Salvator
1525 1939 1587 1978 vere
1607 1931 1632 1978 44
1649 1925 1756 1990 4444444
1775 1921 1836 1980 ibici.
1922 1923 2109 1990 plenitudinem
2131 1923 2183 1976 666
2203 1939 2229 1976 v.
2249 1923 2284 1976 46
2300 1951 2338 1960 -
2355 1925 2424 1976 Deus
2442 1937 2494 1976 non
2515 1925 2559 1978 dat

573 2015 744 2068 tribuendum
764 2015 798 2068 Vl
817 2015 870 2068 597
887 2029 915 2068 v.
934 2013 967 2066 46
1301 2045 1335 2056 -
1355 2017 1457 2070 delatus
1468 2017 1495 2070 in
1507 2017 1646 2068 ierusalem
1660 2021 1684 2068 et
1697 2015 1722 2068 44
1735 2015 1884 2080 Aegyptum
1922 2011 2024 2068 Christo
2039 2011 2161 2078 spiritum
2178 2011 2214 2064 ad
2232 2023 2382 2064 mensnram
2396 2015 2491 2064 certam
2507 2013 2557 2064 288

626 2133 661 2142 --·
674 2103 824 2168 incarnatio,
836 2103 926 2170 passio
938 2109 963 2156 et
976 2105 1131 2158 resurrectio
1142 2103 1212 2158 Cini-
1249 2105 1345 2160 141157
1365 2105 1398 2158 56
1418 2103 1606 2160 -descendit
1631 2119 1646 2158 4
1675 2103 1768 2158 iudaea
1793 2105 1818 2156 in
1837 2105 1884 2156 Ae·
1922 2101 1956 2158 57
1975 2129 2009 2142 -
2029 2103 2054 2154 ln
2072 2101 2127 2156 solo
2148 2101 2249 2156 Christo
2278 2105 2316 2152 est
2345 2101 2426 2164 gratia
2455 2099 2559 2154 unionis

572 2195 604 2248 sti
623 2199 684 2248 sunt
699 2207 779 2248 cansa
808 2193 877 2248 vitae
894 2197 921 2246 44
938 2193 1028 2248 salutis
1052 2199 1158 2248 nostrae
1177 2195 1209 2248 141
1248 2203 1362 2260 gyptnm
1388 2201 1497 2262 propter
1524 2195 1735 2262 persecutionem
1760 2195 1885 2256 Herodis,
1923 2193 1966 2248 Vll
1985 2191 2019 2244 24
2039 2191 2070 2244 56
2090 2219 2125 2230 -
2144 2191 2236 2244 Anima
2261 2189 2357 2244 Christi
2374 2189 2402 2242 iu
2420 2195 2487 2242 statu
2507 2191 2560 2242 via·

572 2283 625 2336 250
653 2282 687 2335 45
713 2309 750 2322 -
767 2281 803 2332 ad
824 2297 874 2336 uos
901 2281 1038 2338 descendit
1064 2283 1210 2338 exhibendo
1248 2291 1338 2350 postea
1358 2283 1461 2338 rediens
1481 2285 1514 2338 de
1532 2285 1653 2358 Aegypto
1672 2287 1788 2350 perlatus
1802 2283 1885 2336 estin
1923 2281 1986 2336 toris
2003 2279 2117 2334 habebat
2135 2281 2286 2334 continuam
2302 2279 2349 2332 Dei
2362 2277 2511 2332 linitionem
2525 2279 2558 2330 11

572 2371 767 2424 miserationem
797 2371 903 2426 41444444
930 2371 1033 2436 44444444
1058 2371 1110 2426 540
1135 2373 1145 2424 4
1175 2399 1211 2412 -·
1247 2373 1884 2440 64144444144444444014444444441441446590
1923 2371 1975 2424 225
1992 2383 2019 2422 r.
2040 2371 2072 2422 46
2092 2395 2126 2410 ·-
2145 2371 2172 2424 ln
2189 2365 2489 2434 Christoiuitperiectio
2509 2365 2559 2418 vir·

572 2461 621 2512 Per
638 2459 771 2514 Christum
791 2461 943 2526 pacificator
961 2463 1042 2516 homo
1060 2477 1122 2514 cnm
1142 2463 1210 2526 Deo,
1247 2461 1327 2514 —in
1347 2461 1510 2528 apparitione
1529 2461 1645 2514 notitiam
1669 2475 1743 2514 snam
1763 2461 1886 2528 gentibus
1922 2449 1984 2512 tu'iis
2001 2473 2034 2512 ex
2051 2465 2124 2526 parte
2144 2459 2238 2512 meritis
2263 2473 2323 2512 cum
2344 2457 2446 2510 deiectu
2469 2455 2559 2508 aetatis

573 2563 633 2602 cnm
652 2549 771 2616 Angelis,
801 2563 863 2602 cnm
887 2551 995 2604 homine
1022 2557 1049 2604 et
1075 2551 1209 2604 44441441
1247 2551 1373 2604 revelavit
1391 2551 1425 2602 Vl
1443 2551 1494 2602 302
1514 2551 1548 2602 83
1922 2563 1953 2602 ex
1973 2547 2154 2614 partecarnis
2171 2549 2216 2602 Vll
2234 2547 2270 2600 65
2288 2547 2317 2598 91

573 2639 602 2692 54
626 2639 655 2692 34
678 2639 840 2706 -Aliectus
857 2639 960 2704 pietatis
986 2647 1024 2694 est
1053 2641 1079 2692 in
1108 2639 1209 2692 Christo
1301 2669 1336 2678 -—
1356 2635 1545 2704 aparentibus
1570 2637 1719 2690 ducebatur
1742 2637 1767 2688 iu
1789 2631 1885 2690 ierusa-
1975 2663 2010 2674 -
2030 2637 2055 2686 ln
2075 2633 2176 2688 Christo
2200 2635 2246 2686 tuit
2266 2635 2377 2700 Spiritus
2397 2641 2500 2690 sanctos
2519 2647 2559 2686 se·

572 2727 720 2780 secundum
747 2731 867 2780 naturam
886 2733 1046 2794 assumtam,
1072 2733 1100 2778 et
1125 2725 1209 2778 virtus
1247 2725 1782 2788 leniadcultumdivinnmperagendum
1795 2725 1885 2776 111465
1922 2721 2038 2774 cundum
2056 2723 2235 2774 omnimodam
2255 2723 2442 2786 plenitudinem
2464 2725 2507 2776 Vll
2525 2725 2555 2776 83
2624 2717 2625 2720 ’

572 2798 714 2866 maiestatis
748 2815 894 2866 secundum
926 2821 1047 2866 naturam
1076 2817 1209 2866 aeternam
1247 2815 1293 2866 93.
1320 2813 1355 2862 66
1373 2811 1409 2862 94
1427 2839 1462 2848 -
1481 2809 1607 2862 remansit
1632 2809 1661 2860 iu
1688 2811 1825 2862 ierusalem
1852 2811 1885 2864 ad
1922 2807 1956 2860 53
1975 2833 2010 2846 -
2029 2821 2076 2872 444
2100 2809 2328 2860 mansuetudiuem
2347 2809 2418 2862 venit
2436 2809 2498 2864 ibid.
2522 2837 2557 2850 -

573 2901 620 2954 474
643 2903 678 2954 23
1247 2899 1396 2952 vacandum
1415 2899 1526 2950 orationi
1544 2897 1600 2948 sine
1616 2903 1754 2962 parentum
1784 2911 1886 2950 consor·
1922 2897 2007 2962 Super
2034 2909 2174 2960 personam
2203 2895 2295 2950 Christi
2321 2897 2347 2948 in
2371 2899 2487 2950 liumana
2514 2911 2558 2950 na·

566 2973 568 2976 ¹
626 3019 661 3028 -
691 2989 729 3040 De
757 2989 860 3042 Christo
896 2989 1056 3040 stvfficienter
1085 2989 1209 3048 44444444,
1247 2987 1336 3040 44466
1357 2983 1389 3038 94
1409 2983 1589 3038 -remansit
1616 2987 1686 3038 solos
1716 2985 1772 3038 4444
1791 3001 1885 3052 pareu-
1922 2989 1979 3036 tura
1998 2983 2110 3050 Spiritus
2128 2990 2234 3039 sanctus
2251 2985 2383 3052 requievit
2402 2985 2433 3038 97
2450 2987 2490 3038 36.
2507 2987 2556 3040 452

572 3083 699 3144 quantum
720 3077 799 3140 exigit
817 3077 874 3128 eins
893 3075 1021 3140 dignitas,
1040 3079 1079 3126 est
1091 3073 1209 3138 impossl·
1248 3079 1304 3126 turn
1328 3073 1434 3126 consilio
1454 3077 1481 3126 et
1498 3073 1654 3138 complacito
1673 3071 1707 3126 ib.
1727 3075 1770 3136 95,
1790 3077 1832 3138 96,
1851 3075 1884 3130 97
1921 3073 1955 3124 62
1976 3101 2009 3112 -
2030 3073 2141 3138 Spiritus
2164 3081 2271 3126 sanctus
2292 3073 2424 3142 requievit
2443 3075 2469 3126 in
2486 3073 2558 3128 Chri-

572 3163 625 3216 bite
651 3163 699 3216 toti
730 3163 828 3214 mundo
860 3169 885 3214 44
913 3163 986 3214 omni
1016 3163 1136 3226 linguae,
1164 3161 1210 3214 sed
1247 3191 1282 3200 -
1301 3161 1401 3214 dimisit
1419 3167 1541 3226 parentes
1557 3167 1667 3226 propter
1683 3161 1787 3216 Panem
1804 3169 1885 3216 aeter·
1921 3165 1961 3214 sto
1980 3161 2013 3212 Vl
2034 3161 2085 3214 260
2104 3163 2138 3214 66
2157 3189 2191 3202 -·
2212 3161 2322 3226 Spiritus
2341 3169 2447 3214 sanctus
2465 3163 2514 3214 init
2533 3163 2556 3214 in

572 3251 712 3316 Evangelia
722 3251 825 3314 singula
839 3255 948 3304 tractant
960 3251 1119 3304 sufficienter
1130 3263 1211 3316 quau·
1247 3265 1310 3304 num
1331 3249 1436 3302 68406
1459 3279 1494 3288 -·-
1518 3249 1628 3316 Cognati
1658 3255 1682 3304 et
1709 3251 1761 3304 noti
1791 3251 1883 3306 Christi
1920 3251 2022 3304 Christo
2040 3263 2070 3304 ex
2090 3255 2210 3316 tempore
2227 3251 2406 3316 conceptionis
2421 3249 2457 3304 ib.
2475 3251 2510 3304 67
2523 3279 2557 3292 -

572 3345 627 3392 tum
646 3341 681 3392 ad
698 3337 870 3392 substantiam
890 3343 917 3392 44
933 3339 1129 3404 explicationem
1148 3339 1210 3392 iidei
1246 3341 1405 3406 elongantur
1423 3337 1457 3392 ab
1477 3337 1534 3404 ipso
1552 3339 1585 3390 66
1606 3339 1650 3404 96,
1667 3341 1701 3392 97
1920 3339 2033 3406 Spiritus
2044 3343 2149 3392 sanctus
2160 3339 2255 3394 dicitur
2267 3355 2325 3394 esse
2337 3355 2417 3406 super
2426 3339 2557 3394 Christum

572 3427 712 3480 1412429
733 3425 1210 3494 2*-44144444444444144444444-
1300 3457 1338 3466 -
1357 3427 1465 3482 44444444
1489 3441 1553 3494 4444
1580 3429 1704 3482 omnibus
1729 3427 1815 3484 dilexit
1840 3431 1882 3484 Vll
1919 3427 2558 3496 qnantumadconceptionempeveinsvirtutem,

572 3515 681 3568 sterium
698 3515 883 3568 incarnationis
902 3517 945 3570 1444
969 3517 1002 3568 79
1023 3517 1057 3570 38
1075 3545 1112 3556 -
1130 3517 1211 3580 Origo
1249 3517 1300 3570 498
1318 3519 1353 3570 33
1370 3545 1407 3556 -
1425 3517 1497 3572 nani
1516 3531 1621 3584 semper
1634 3517 1775 3572 obediebat
1788 3521 1818 3572 Vl
1833 3521 1884 3574 269
1919 3519 1964 3570 vel
1980 3523 2106 3586 quantum
2123 3517 2160 3584 ad
2177 3517 2434 3584 superexcellentiam
2460 3519 2559 3582 gratiae

572 3601 666 3658 Christi
684 3603 955 3670 incompreheusibilis
976 3605 1005 3656 Vl
1027 3605 1072 3658 494
1101 3603 1211 3656 40494
1249 3607 1318 3658 5·-
1337 3611 1475 3672 correptus
1492 3619 1507 3658 a
1527 3607 1606 3660 llatre
1623 3621 1653 3660 se
1668 3607 1799 3660 humiliter
1810 3623 1885 3662 encu-
1920 3607 2060 3670 singularis
2088 3607 2130 3658 Vll
2159 3603 2192 3658 97
2220 3607 2253 3658 36
2281 3607 2362 3658 -ln
2391 3607 2492 3660 Christo
2521 3611 2559 3660 est

572 3695 607 3746 22
625 3721 661 3730 -
679 3693 736 3748 Non
752 3707 897 3758 possumus
915 3693 1059 3760 intelligere
1076 3691 1212 3746 44444414-
1248 3695 1330 3758 savit,
1358 3695 1496 3758 invitatus,
1528 3701 1555 3748 ut
1590 3699 1684 3750 laceret
1715 3695 1884 3760 miraculum,
1921 3697 2057 3762 plenitudo
2085 3697 2312 3760 supereffluentiae
2340 3695 2373 3748 Vl
2402 3695 2454 3748 538
2481 3697 2501 3748 2
2524 3723 2558 3736 -

572 3787 614 3834 cta
631 3795 646 3832 a
666 3781 767 3836 Christo
787 3783 837 3836 529
866 3781 911 3834 56.
929 3783 981 3836 530
990 3781 1035 3834 57
1055 3811 1089 3822 -
1108 3783 1134 3832 14
1153 3781 1212 3834 visl-
1248 3783 1315 3838 dure
1334 3783 1477 3850 respondet
1502 3785 1530 3838 in
1556 3787 1707 3850 excnrplnm
1735 3783 1886 3838 humilitatis
1921 3791 2025 3850 poterat
2050 3785 2146 3838 mereri
2173 3783 2242 3838 bona
2271 3783 2421 3850 operatione
2441 3783 2468 3838 id
2485 3785 2559 3850 qarod

572 3871 669 3924 tatione
687 3871 733 3924 Dei
752 3871 818 3922 mira
838 3871 885 3924 luit
902 3871 960 3922 eius
979 3871 1096 3936 dignatio
1115 3871 1158 3922 Vll
1178 3871 1212 3924 42
1249 3875 1293 3926 Vll
1312 3875 1347 3926 68
1367 3873 1419 3926 407
1435 3901 1473 3910 -
1487 3887 1516 3926 44
1529 3871 1639 3928 subiecit
1652 3873 1723 3928 Matri
1735 3873 1886 3940 corripienti
1921 3877 1977 3924 erat
1994 3871 2113 3926 debitum
2135 3887 2181 3938 per
2201 3873 2326 3940 gratiam,
2345 3873 2378 3926 de
2398 3871 2485 3926 debito
2505 3887 2558 3926 nno

574 3961 624 4014 138
653 3987 688 4000 -
715 3965 774 4012 ante
807 3959 1027 4024 incarnationem,
1057 3961 1117 4012 licet
1144 3967 1212 4014 esset
1248 3963 1396 4016 secundom
1415 3961 1532 4014 cilicium
1550 3961 1653 4026 pietatis
1670 3961 1704 4016 ib.
1726 3963 1777 4016 405
1794 3991 1831 4000 -
1848 3975 1886 4012 re·
1922 3961 2001 4014 modo
2022 3961 2142 4014 iaciendo
2159 3961 2278 4014 debitum
2295 3961 2417 4026 pluribus
2437 3961 2523 4012 4688

572 4061 676 4102 summa
697 4049 741 4102 lux
758 4045 882 4101 omnibns
896 4061 1032 4114 praesens,
1045 4063 1098 4100 non
1117 4061 1212 4114 cogno·
1248 4051 1362 4116 spondet
1389 4051 1521 4102 humiliter
1538 4055 1563 4102 et
1582 4051 1713 4116 sapienter
1733 4049 1886 4114 parentibus
1975 4079 2010 4088 -·
2027 4047 2122 4102 adeius
2141 4055 2179 4102 est
2198 4049 2292 4114 Spiritu
2312 4055 2403 4104 saneto
2417 4055 2448 4102 nt
2463 4051 2558 4102 predia·

572 4135 694 4190 scebatur
713 4151 728 4190 a
748 4137 900 4190 mnndon
920 4137 966 4190 254
991 4135 1024 4188 24
1043 4165 1080 4174 -
1097 4139 1214 4190 lucerna*
1248 4137 1283 4192 ib.
1303 4141 1353 4192 406
1921 4145 1963 4192 444
1980 4137 2065 4204 magis
2084 4153 2163 4204 quarn
2192 4139 2234 4192 alii
2263 4139 2348 4192 Sancti
2366 4139 2410 4192 Vll
2430 4141 2448 4192 5
2471 4139 2505 4188 48
2523 4165 2559 4178 -·

468 4263 470 4266 -
572 4225 609 4278 tio
621 4231 661 4278 est
673 4225 768 4278 inutilis
787 4225 878 4292 nobie,
898 4225 946 4278 nisi
966 4225 1146 4278 manifestetur
1160 4227 1211 4280 250
1301 4255 1338 4264 —-
1356 4225 1427 4280 llatvi
1447 4227 1546 4292 petenti
1563 4241 1617 4280 uon
1645 4227 1830 4294 responditur
1847 4227 1887 4278 in·
1922 4233 1998 4280 natus
2018 4227 2050 4280 de
2070 4227 2166 4294 Spiritu
2185 4231 2458 4280 sanctoestsauctum
2476 4227 2511 4280 25
2525 4225 2557 4278 64

574 4315 609 4368 17
625 4341 663 4354 -
680 4311 774 4366 Christi
793 4315 927 4380 generatio
938 4313 1174 4380 imperscrutabilis
1187 4319 1213 4366 et
1248 4315 1413 4384 dignatione,
1432 4315 1480 4370 sed
1498 4331 1530 4368 ex
1548 4317 1691 4370 1444404444
1706 4317 1777 4372 etad
1792 4315 1887 4368 instru-
1922 4345 1959 4356 -
1976 4323 2070 4370 unctus
2088 4321 2127 4368 est
2151 4315 2247 4380 Spiritu
2276 4321 2364 4368 sancto
2391 4315 2416 4366 in
2442 4317 2557 4368 humana

572 4403 702 4456 adventus
722 4403 903 4456 4444044346
923 4403 1113 4458 38-81444444
1132 4403 1212 4456 incar·
1248 4405 1362 4460 ctionem
1381 4405 1486 4458 141269
1514 4405 1538 4456 4.
1566 4407 1617 4460 273
1640 4405 1672 4460 47
1692 4435 1726 4446 -
1744 4405 1887 4472 innuptiis
1922 4411 2017 4458 natura
2043 4405 2078 4456 07
2097 4405 2130 4456 36
2154 4433 2201 4468 -Ὶ
2217 4405 2313 4458 dieitur
2341 4409 2435 4456 unctus
2459 4403 2557 4468 Spiritu

572 4491 644 4544 natio
672 4497 711 4544 est
737 4497 930 4546 sacramentum
960 4505 1087 4558 magnum
1112 4495 1213 4548 ratione
1249 4495 1340 4548 divina
1358 4497 1473 4548 tacturus
1490 4495 1566 4562 quasi
1588 4495 1703 4560 ignotam
1722 4495 1887 4560 4444414114·-
1922 4497 2013 4546 444444
2030 4493 2557 4558 propternnionemcumdivinanatura

489 4633 492 4640 ⁴
572 4579 735 4644 Divinitatis,
753 4587 875 4634 sanctum
893 4579 994 4634 ratione
1012 4585 1147 4634 assumtae
1165 4585 1212 4634 hu·
1248 4589 1315 4636 trem
1337 4583 1386 4636 490
1409 4581 1440 4636 44
1638 4605 1639 4608 “
1922 4581 2118 4648 pergratiam,
2134 4583 2174 4634 vcl
2193 4571 2322 4650 boantum
2346 4581 2382 4634 ad
2400 4581 2559 4646 praerogati-

573 4669 704 4722 manitatis
724 4669 767 4722 Vll
787 4671 819 4724 32
840 4671 873 4722 93

626 4787 662 4796 -
680 4759 708 4810 in
725 4759 902 4812 incarnatione
920 4759 1039 4812 ascendit
1061 4765 1121 4812 ante
1148 4773 1212 4822 444,
1250 4761 1302 4816 297
1320 4763 1354 4816 62
1373 4761 1532 4828 -reliquit
1557 4763 1665 4816 Matrem
1684 4767 1711 4814 et
1728 4761 1821 4814 iratres
1842 4759 1888 4814 Ca·
1922 4787 1959 4798 —
1975 4763 2015 4814 est
2033 4761 2148 4812 Sanetus·
2159 4759 2315 4812 Sanctorum
2339 4765 2433 4812 unctus
2461 4757 2561 4822 Spiritu

573 4853 604 4900 ut
621 4847 691 4900 viatn
720 4847 790 4900 vitae
813 4849 963 4900 ostenderet
990 4861 1038 4912 per
1061 4849 1212 4914 exemplum
1248 4853 1397 4916 pharnanm
1414 4851 1449 4902 144
1470 4849 1521 4902 273
1541 4849 1584 4914 49,
1603 4851 1636 4902 20
1922 4853 2013 4900 sancto
2031 4845 2093 4900 thid.
2108 4873 2147 4888 -
2164 4847 2366 4902 uncttasvirtutc
2380 4847 2490 4912 Spiritus
2504 4861 2560 4900 san·

573 4935 643 4988 44144
662 4939 687 4988 44
706 4935 840 5002 eloquium
865 4933 998 4988 doctrinae
1017 4937 1052 4988 Vl
1070 4937 1117 4990 624
1142 4939 1213 4988 2-
1273 4939 1339 4988 ’.-’-
1355 4935 1464 4990 4444444
1480 4937 1573 4990 Christi
1593 4937 1886 5002 diconturcognarivel
1921 4935 2079 4988 44442443
2286 4939 2288 4942 ’
2413 4933 2415 4936 ’
2551 4949 2553 4954 ’

574 5023 691 5078 Salvator
711 5023 801 5078 mundi
819 5023 847 5076 in
864 5037 914 5076 suo
926 5029 985 5076 ortu
998 5025 1149 5090 exemplum
1163 5023 1213 5074 vir·
1249 5025 1437 5090 eorrsangninci
1458 5025 1483 5076 iu
1501 5025 1619 5076 secundo
1643 5023 1779 5088 grangl
1798 5023 1849 5074 340
1869 5023 1885 5074 4
1975 5051 2012 5060 --
2028 5023 2098 5074 44444
2116 5023 2201 5074 evasit
2218 5021 2421 5086 a‘corruptione
2435 5023 2559 5086 coucupi-

573 5111 634 5164 tutis
654 5111 776 5176 praebuit
794 5117 818 5164 et
838 5113 910 5164 viam
927 5111 1019 5164 salutis
1037 5111 1150 5164 ostendit
1168 5111 1211 5164 Vll
1248 5143 1286 5154 -
1303 5111 1496 5176 consanguinei
1515 5111 1578 5164 vani
1595 5113 1755 5176 persuadent
1771 5109 1888 5162 4414444-
1922 5111 2034 5164 44444444
2052 5107 2187 5174 originalis
2215 5111 2247 5162 Vl
2276 5111 2308 5160 63
2333 5123 2359 5160 v.
2381 5109 2412 5160 29
2431 5135 2467 5148 --
2485 5111 2558 5164 solus

574 5199 608 5250 48
628 5200 662 5252 46
689 5227 726 5260 -ε
749 5199 859 5254 veniens
882 5201 909 5252 iu
928 5209 1035 5252 carnem
1062 5199 1108 5252 dat
1124 5213 1213 5250 errem-
1248 5209 1305 5254 rem
1326 5205 1459 5254 terrenum
1477 5205 1502 5252 et
1526 5209 1624 5252 vanum
1653 5197 1688 5252 tn
1707 5199 1721 5250 3
1739 5227 1777 5238 -
1793 5197 1887 5250 vitavit
1907 5197 1977 5250 'sine
1994 5203 2102 5260 peccato
2115 5197 2232 5262 originali
2246 5203 2391 5262 conceptus
2403 5203 2444 5250 est
2456 5197 2489 5248 64
2504 5201 2558 5264 442

573 5289 647 5352 plum
666 5287 830 5350 humilitatis,
845 5287 1214 5350 mansuetudinisetuauper·
1233 5287 1442 5340 'multitudinem
1461 5287 1731 5350 consanguineorum,
1751 5293 1780 5338 ut
1796 5287 1887 5338 lateret
1921 5315 1956 5326 -
1974 5287 2111 5350 peccatum
2129 5287 2231 5338 actuale
2261 5299 2310 5338 non
2339 5287 2398 5340 iecit
2414 5299 2464 5338 nec
2481 5285 2560 5352 origi·

574 5377 684 5430 44444144
704 5375 847 5428 5354-
870 5377 896 5428 in
920 5375 1098 5428 incarnatione
1121 5373 1214 5426 illumi·
1249 5377 1299 5428 344
1321 5377 1391 5428 9-
1409 5363 1490 5426 noluit
1508 5375 1651 5428 ascendere
1676 5387 1737 5426 curn
1751 5373 1887 5428 iratribus
1922 5375 1980 5426 nale
2004 5373 2131 5428 contrarie
2153 5375 2180 5426 in
2206 5375 2376 5440 conceptione
2404 5377 2455 5428 422
2477 5389 2505 5428 v.
2525 5377 2558 5428 42

572 5457 669 5516 netad
688 5462 877 5530 bumilitatem,
898 5461 1077 5514 innativitate
1096 5461 1130 5514 ad
1149 5473 1213 5526 pau·
1248 5463 1284 5516 ad
1299 5461 1372 5516 ‘diem
1392 5463 1501 5524 testum,
1521 5467 1549 5514 ut
1567 5461 1656 5528 posset
1673 5461 1783 5516 latenter
1799 5475 1887 5516 ascen·
1922 5491 1958 5500 -
1975 5461 2045 5514 seius
2065 5461 2111 5514 tuit
2131 5463 2186 5518 sine
2204 5469 2313 5530 peccato
2331 5463 2427 5518 veniali
2446 5465 2473 5516 64
2492 5441 2558 5532 445

573 5557 710 5616 pertatem,
730 5551 754 5604 iu
767 5551 967 5604 circumcisione
980 5551 1014 5602 ad
1027 5549 1213 5614 obedientiam,
1249 5551 1313 5604 dere
1342 5549 1405 5604 ibid.
1431 5551 1483 5602 342
1514 5549 1547 5602 47
1566 5579 1603 5588 ·—
1619 5551 1776 5618 requiritur,
1799 5557 1836 5604 nt
1852 5551 1886 5604 ad
1920 5551 2559 5618 -4444444444444444441411904-444444

573 5639 600 5692 in
617 5641 782 5704 apparitione
800 5639 834 5692 ad
848 5637 992 5692 doctrinae
1020 5639 1214 5692 communican-
1248 5639 1415 5706 propinquos
1432 5643 1553 5692 trauseat-
1563 5645 1619 5692 turn
1640 5647 1746 5706 propter
1766 5645 1886 5694 naturam
1923 5645 2010 5706 potest
2021 5639 2152 5694 Christum
2165 5657 2278 5710 arguere
2291 5643 2325 5696 de
2338 5647 2447 5708 peccato
2459 5643 2493 5696 111
2507 5643 2559 5696 367

574 5727 651 5790 tiam,
677 5727 701 5778 in
727 5725 857 5780 oblatione
881 5727 916 5780 ad
938 5727 1098 5790 credonem,
1123 5727 1149 5780 in
1168 5725 1212 5780 ba·
1249 5729 1460 5794 agnoscendam,
1478 5731 1533 5782 tum
1562 5735 1669 5794 propter
1697 5729 1830 5782 caritatem
1848 5743 1887 5782 re·
1907 5731 1957 5782 63
1975 5731 2051 5782 -ln
2066 5729 2243 5784 Christouihil
2258 5719 2562 5796 inirenittrrredargrren·

573 5817 671 5880 ptismo
688 5817 723 5868 ad
741 5815 811 5868 vitae
830 5815 987 5882 novitatem,
1007 5815 1034 5868 in
1060 5815 1159 5870 ieiunio
1177 5817 1212 5870 ed
1248 5817 1417 5884 pendendam
1436 5817 1479 5870 1441
1499 5815 1549 5870 497
1569 5819 1602 5872 30
1620 5819 1758 5884 -magis
1771 5824 1887 5884 accepta·
1923 5821 1988 5872 dum
2009 5821 2051 5872 Vll
2075 5819 2124 5872 l37
2150 5821 2182 5872 43
2201 5849 2236 5858 -
2255 5819 2361 5872 estsine
2375 5821 2484 5886 macula,
2498 5819 2560 5886 qnia

573 5905 660 5956 carnis
677 5903 903 5958 mortificationem
923 5905 970 5956 304
995 5905 1029 5958 83
1049 5905 1104 5974 (82)
1143 5893 1144 5896 “
1248 5905 1294 5960 bat
1312 5905 1888 5976 discipulorumeruditionenrquamparen·
1922 5909 2094 5962 4444444414
2111 5905 2561 5962 440444441’4·26382·--0144444

626 6019 663 6032 -
679 6001 720 6046 est
736 5993 898 6048 admirabilis
921 6007 1044 6062 nascens,
1062 5993 1212 6062 proficiens,
1249 6001 1305 6050 turn
1334 5995 1494 6050 affectionem
1530 5995 1576 6046 198
1601 5996 1630 6047 31
1655 6025 1689 6036 -
1708 5999 1821 6062 44444444
1843 5999 1887 6062 pa·
1922 5997 2085 6064 signaculum
2095 6011 2127 6050 ex
2137 6003 2211 6064 parte
2219 5997 2304 6050 carnis
2315 5995 2560 6062 estpeccatiimnrn·

573 6081 685 6146 docens,
704 6087 807 6148 tacens,
820 6097 917 6150 agene,
929 6083 1044 6150 patiens,
1063 6097 1213 6152 resurgens
1248 6087 1341 6140 rentali
1359 6085 1509 6152 cognationi
1528 6099 1593 6138 suae
1604 6087 1653 6138 hos
1664 6085 1713 6152 quai
1724 6085 1812 6138 audita
1829 6099 1888 6138 con·
1922 6087 1999 6154 nitas,
2018 6099 2047 6138 en
2067 6091 2142 6152 parte
2157 6081 2260 6138 animae
2272 6085 2560 6148 donorumplnralites,

574 6171 726 6238 ascendens,
744 6171 863 6226 indicans
882 6175 924 6226 Vll
944 6173 977 6226 53
997 6175 1032 6226 39
1049 6201 1086 6210 -
1103 6171 1214 6226 admira.
1249 6171 1516 6244 aequanimitas
1922 6179 2046 6240 exparte
2065 6173 2169 6226 divinae
2189 6177 2295 6226 naturae
2325 6169 2403 6224 Verbi
2432 6171 2561 6226 Divinitas

574 6259 634 6316 bilis
652 6265 690 6314 est
708 6261 855 6316 secundnm
872 6261 947 6330 quod
959 6261 1127 6316 mediatoris
1140 6263 1215 6328 pacis
1301 6289 1339 6304 —
1354 6263 1458 6316 Fratres
1469 6261 1569 6316 Christi
1588 6263 1654 6316 irunt
1670 6263 1826 6328 cognatione
1837 6263 1889 6328 spi·
1923 6259 1974 6316 554
1994 6277 2028 6314 v..
2039 6261 2074 6312 33
2092 6287 2127 6298 -·
2145 6273 2200 6312 non
2220 6257 2336 6310 habebat
2354 6265 2492 6324 peccatum
2511 6275 2560 6314 ner

574 6351 729 6414 concordia,
747 6351 895 6404 secundum
914 6349 987 6418 quod
999 6351 1113 6404 salvator
1125 6349 1153 6402 in
1165 6351 1215 6404 414-
1249 6349 1400 6406 renatavit
1418 6349 1470 6402 237
1488 6351 1760 6424 442-44414444444
1782 6351 1887 6416 generis
1922 6350 2001 6402 ullam
2020 6347 2154 6402 tenebram
2177 6347 2227 6400 445
2242 6347 2275 6400 44
2287 6349 2406 6400 -solus
2428 6353 2466 6400 est
2484 6349 2561 6412 liber,

574 6439 680 6502 mentia,
698 6439 847 6492 secundum
864 6439 936 6508 qood
957 6439 1049 6492 doctor
1067 6439 1095 6490 in
1113 6437 1215 6504 sapien·
1250 6443 1329 6492 irater
1346 6439 1399 6492 543
1418 6437 1461 6492 37.
1478 6423 1527 6490 564
1550 6439 1584 6490 66
1649 6459 1651 6466 v
1815 6457 1816 6460 ¹
1921 6437 1983 6508 quia
2003 6439 2075 6490 44144
2085 6435 2141 6490 sine
2152 6441 2261 6502 peccato
2276 6435 2325 6490 354
2340 6437 2370 6490 51
2387 6437 2560 6490 -lllnnditia

537 6523 547 6540 ‘'
574 6529 624 6592 tia,
642 6527 789 6582 secundnm
806 6529 879 6594 quod
893 6527 1105 6592 triumphatorio
1124 6531 1214 6592 poten·
1244 6529 1246 6532 ’
1287 6525 1356 6580 i-
1375 6527 1486 6592 gratiam
1506 6525 1656 6580 inveniebat
1679 6541 1770 6580 coram
1787 6527 1887 6580 Deoct
1922 6525 2085 6580 innocentiae
2102 6525 2150 6578 init
2165 6527 2280 6590 perfecte
2292 6525 2321 6578 iu
2333 6525 2388 6578 solo
2400 6523 2504 6578 Christo
2517 6525 2560 6578 vn

575 6615 609 6668 tia
628 6617 663 6668 60
680 6615 717 6668 74
734 6641 771 6656 -··
783 6619 822 6668 est
836 6615 963 6670 mirabilis
983 6619 1077 6668 cuncta
1091 6613 1214 6682 creando,
1250 6613 1402 6668 bominibus
1420 6615 1464 6668 Vll
1483 6615 1517 6666 69
1536 6615 1588 6666 410
1606 6643 1641 6654 -
1660 6621 1701 6668 444
1718 6617 1812 6678 plenus
1830 6629 1887 6680 gra·
1922 6613 1973 6670 584
1994 6615 2028 6668 65
2041 6641 2076 6652 -
2087 6619 2128 6666 444
2139 6617 2268 6688 periectos
2287 6615 2338 6668 463
2359 6615 2388 6668 41
2401 6619 2442 6654 ’-
2453 6627 2502 6678 444
2517 6627 2562 6664 au·

538 6713 540 6722 ’
574 6705 667 6768 plenus
677 6703 822 6768 gratiarum
831 6703 919 6756 omnia
936 6703 1083 6758 recreando
1094 6703 1213 6756 1445383
1250 6703 1285 6755 tia
1302 6717 1356 6756 non
1379 6703 1464 6754 solum
1482 6703 1656 6766 sufficienter,
1673 6703 1721 6756 sed
1738 6703 1888 6776 etiam-su·
1921 6701 2094 6756 touomasiam
2112 6703 2198 6756 iustus
2214 6703 2360 6770 appellatur
2374 6703 2406 6756 Vl
2421 6703 2431 6754 4
2439 6703 2470 6754 22
2483 6715 2513 6754 v.
2526 6703 2560 6754 42

611 6793 626 6844 3
645 6817 679 6830 -
698 6805 751 6844 444
769 6797 825 6844 4444
842 6791 977 6844 subiectus
996 6793 1048 6856 legi
1067 6797 1215 6856 praesenta·
1233 6829 1235 6834 -
1250 6789 1463 6856 perabundanter
1480 6793 1515 6844 89
1530 6793 1591 6844 2-
1605 6791 1761 6856 4440444044
1778 6791 1888 6844 interius
1907 6793 1958 6832 '-
1980 6797 2021 6844 est
2045 6793 2154 6846 Sanctus
2179 6793 2205 6844 et
2227 6793 2401 6844 sanctificator
2423 6787 2564 6844 itomanam

575 6877 652 6928 tionis
677 6879 915 6946 primogenitorum
944 6879 987 6932 1111
1006 6879 1040 6932 56
1059 6881 1094 6932 53
1111 6877 1215 6932 -444-
1250 6879 1398 6932 secundum
1415 6879 1577 6934 evidentiam
1603 6881 1674 6946 apnd
1705 6883 1788 6934 114444
1807 6883 1887 6934 hono·
1922 6881 2035 6934 1411406
2055 6879 2089 6934 74
2360 6885 2362 6888 ’
