<?xml version="1.0" encoding="UTF-8"?>
<!DOCTYPE html PUBLIC "-//W3C//DTD XHTML 1.0 Transitional//EN"
    "http://www.w3.org/TR/xhtml1/DTD/xhtml1-transitional.dtd">
<html xmlns="http://www.w3.org/1999/xhtml" xml:lang="en" lang="en">
 <head>
  <title>
</title>
<meta http-equiv="Content-Type" content="text/html;charset=utf-8" />
  <meta name='ocr-system' content='tesseract 3.04.00' />
  <meta name='ocr-capabilities' content='ocr_page ocr_carea ocr_par ocr_line ocrx_word'/>
</head>
<body>
  <div class='ocr_page' id='page_1' title='image "./doctorisseraphi01italgoog_0741.png"; bbox 0 0 5908 8266; ppageno 0'>
   <div class='ocr_carea' id='block_1_1' title="bbox 675 605 2374 770">
    <p class='ocr_par' dir='ltr' id='par_1_1' title="bbox 675 605 2374 770">
     <span class='ocr_line' id='line_1_1' title="bbox 675 605 1829 690; baseline 0.012 -16"><span class='ocrx_word' id='word_1_1' title='bbox 675 605 740 674; x_wconf 79' lang='lat' dir='ltr'>lau</span> <span class='ocrx_word' id='word_1_2' title='bbox 815 619 816 624; x_wconf 77' lang='grc'>’</span> <span class='ocrx_word' id='word_1_3' title='bbox 1537 619 1652 688; x_wconf 80' lang='lat' dir='ltr'>INDEX</span> <span class='ocrx_word' id='word_1_4' title='bbox 1673 621 1802 690; x_wconf 82' lang='lat' dir='ltr'>RERUM</span> <span class='ocrx_word' id='word_1_5' title='bbox 1828 669 1829 672; x_wconf 18' lang='grc' dir='ltr'><strong>κ</strong></span> 
     </span>
     <span class='ocr_line' id='line_1_2' title="bbox 968 695 2374 770; baseline 0.011 -18"><span class='ocrx_word' id='word_1_6' title='bbox 968 695 1033 752; x_wconf 84' lang='lat' dir='ltr'>COG</span> <span class='ocrx_word' id='word_1_7' title='bbox 2312 715 2374 770; x_wconf 87' lang='lat' dir='ltr'>COL</span> 
     </span>
    </p>
   </div>
   <div class='ocr_carea' id='block_1_2' title="bbox 668 785 2666 1042">
    <p class='ocr_par' dir='ltr' id='par_1_2' title="bbox 668 785 2666 1042">
     <span class='ocr_line' id='line_1_3' title="bbox 673 785 2664 868; baseline 0.01 -31"><span class='ocrx_word' id='word_1_8' title='bbox 673 813 714 826; x_wconf 89' lang='lat'>-</span> <span class='ocrx_word' id='word_1_9' title='bbox 731 785 788 842; x_wconf 78' lang='lat' dir='ltr'>lon</span> <span class='ocrx_word' id='word_1_10' title='bbox 803 791 977 854; x_wconf 75' lang='lat' dir='ltr'><strong>agnoscentes</strong></span> <span class='ocrx_word' id='word_1_11' title='bbox 1002 789 1089 842; x_wconf 88' lang='lat' dir='ltr'>Deum</span> <span class='ocrx_word' id='word_1_12' title='bbox 1114 793 1175 842; x_wconf 91' lang='lat' dir='ltr'>sunt</span> <span class='ocrx_word' id='word_1_13' title='bbox 1193 791 1254 844; x_wconf 84' lang='lat' dir='ltr'>rani</span> <span class='ocrx_word' id='word_1_14' title='bbox 1274 805 1317 844; x_wconf 83' lang='lat' dir='ltr'>ra·</span> <span class='ocrx_word' id='word_1_15' title='bbox 1352 800 1461 848; x_wconf 88' lang='lat' dir='ltr'>naturas</span> <span class='ocrx_word' id='word_1_16' title='bbox 1485 801 1577 848; x_wconf 88' lang='lat' dir='ltr'>reram</span> <span class='ocrx_word' id='word_1_17' title='bbox 1604 797 1777 850; x_wconf 90' lang='lat' dir='ltr'>saecularium</span> <span class='ocrx_word' id='word_1_18' title='bbox 1804 797 1814 848; x_wconf 96' lang='lat' dir='ltr'>t</span> <span class='ocrx_word' id='word_1_19' title='bbox 1823 795 1854 848; x_wconf 92' lang='grc'>94</span> <span class='ocrx_word' id='word_1_20' title='bbox 1874 809 1902 850; x_wconf 85' lang='lat' dir='ltr'>r.</span> <span class='ocrx_word' id='word_1_21' title='bbox 1920 797 1937 848; x_wconf 91' lang='lat'>8</span> <span class='ocrx_word' id='word_1_22' title='bbox 1956 825 1990 842; x_wconf 49' lang='lat' dir='ltr'>-a</span> <span class='ocrx_word' id='word_1_23' title='bbox 2027 803 2120 854; x_wconf 87' lang='grc'>44440444</span> <span class='ocrx_word' id='word_1_24' title='bbox 2140 805 2178 854; x_wconf 87' lang='grc'>434</span> <span class='ocrx_word' id='word_1_25' title='bbox 2196 799 2286 856; x_wconf 85' lang='lat' dir='ltr'>ridere</span> <span class='ocrx_word' id='word_1_26' title='bbox 2307 809 2373 868; x_wconf 86' lang='lat' dir='ltr'>per</span> <span class='ocrx_word' id='word_1_27' title='bbox 2390 803 2526 866; x_wconf 87' lang='lat' dir='ltr'>speculum</span> <span class='ocrx_word' id='word_1_28' title='bbox 2549 803 2610 858; x_wconf 81' lang='grc'>44444.</span> <span class='ocrx_word' id='word_1_29' title='bbox 2629 829 2664 844; x_wconf 84' lang='lat'>-</span> 
     </span>
     <span class='ocr_line' id='line_1_4' title="bbox 677 875 2666 954; baseline 0.007 -26"><span class='ocrx_word' id='word_1_30' title='bbox 677 875 758 930; x_wconf 86' lang='grc'>444444</span> <span class='ocrx_word' id='word_1_31' title='bbox 779 875 941 944; x_wconf 71' lang='lat' dir='ltr'>cogitationis</span> <span class='ocrx_word' id='word_1_32' title='bbox 965 877 1012 932; x_wconf 88' lang='grc'>462</span> <span class='ocrx_word' id='word_1_33' title='bbox 1031 893 1057 932; x_wconf 84' lang='grc'>4.</span> <span class='ocrx_word' id='word_1_34' title='bbox 1080 879 1263 932; x_wconf 89' lang='lat' dir='ltr'>t-erronea</span> <span class='ocrx_word' id='word_1_35' title='bbox 1279 884 1317 934; x_wconf 89' lang='lat' dir='ltr'>est</span> <span class='ocrx_word' id='word_1_36' title='bbox 1353 883 1451 936; x_wconf 89' lang='lat' dir='ltr'>Rerum</span> <span class='ocrx_word' id='word_1_37' title='bbox 1479 881 1679 936; x_wconf 76' lang='lat' dir='ltr'>mutabilitatem</span> <span class='ocrx_word' id='word_1_38' title='bbox 1700 889 1848 938; x_wconf 76' lang='lat' dir='ltr'>etecusam</span> <span class='ocrx_word' id='word_1_39' title='bbox 1868 889 1895 938; x_wconf 89' lang='lat' dir='ltr'>et</span> <span class='ocrx_word' id='word_1_40' title='bbox 1910 885 1992 948; x_wconf 79' lang='lat' dir='ltr'>origi·</span> <span class='ocrx_word' id='word_1_41' title='bbox 2013 889 2080 942; x_wconf 55' lang='lat' dir='ltr'>‚Nos</span> <span class='ocrx_word' id='word_1_42' title='bbox 2096 887 2220 942; x_wconf 87' lang='lat' dir='ltr'>videmus</span> <span class='ocrx_word' id='word_1_43' title='bbox 2237 889 2323 942; x_wconf 86' lang='grc'>444044</span> <span class='ocrx_word' id='word_1_44' title='bbox 2340 905 2390 954; x_wconf 91' lang='lat' dir='ltr'>pec</span> <span class='ocrx_word' id='word_1_45' title='bbox 2416 893 2554 954; x_wconf 82' lang='lat' dir='ltr'>speculum</span> <span class='ocrx_word' id='word_1_46' title='bbox 2573 889 2666 942; x_wconf 90' lang='lat' dir='ltr'>obscu-</span> 
     </span>
     <span class='ocr_line' id='line_1_5' title="bbox 668 965 2666 1042; baseline 0.006 -26"><span class='ocrx_word' id='word_1_47' title='bbox 668 965 835 1022; x_wconf 72' lang='lat' dir='ltr'>‘inortlinatio</span> <span class='ocrx_word' id='word_1_48' title='bbox 853 967 879 1020; x_wconf 93' lang='lat' dir='ltr'>ln</span> <span class='ocrx_word' id='word_1_49' title='bbox 899 967 1064 1022; x_wconf 84' lang='grc'>00444424</span> <span class='ocrx_word' id='word_1_50' title='bbox 1084 997 1119 1008; x_wconf 88' lang='lat'><em>-</em></span> <span class='ocrx_word' id='word_1_51' title='bbox 1142 983 1250 1022; x_wconf 86' lang='grc'>4440404</span> <span class='ocrx_word' id='word_1_52' title='bbox 1279 975 1318 1022; x_wconf 88' lang='lat' dir='ltr'>est</span> <span class='ocrx_word' id='word_1_53' title='bbox 1353 983 1413 1022; x_wconf 89' lang='lat' dir='ltr'>nem</span> <span class='ocrx_word' id='word_1_54' title='bbox 1441 985 1492 1022; x_wconf 92' lang='lat' dir='ltr'>non</span> <span class='ocrx_word' id='word_1_55' title='bbox 1521 985 1662 1038; x_wconf 90' lang='lat' dir='ltr'>possumus</span> <span class='ocrx_word' id='word_1_56' title='bbox 1689 985 1848 1036; x_wconf 76' lang='lat' dir='ltr'>cognoscere</span> <span class='ocrx_word' id='word_1_57' title='bbox 1867 971 1902 1026; x_wconf 93' lang='grc'>34</span> <span class='ocrx_word' id='word_1_58' title='bbox 1920 975 1938 1024; x_wconf 97' lang='grc'>9</span> <span class='ocrx_word' id='word_1_59' title='bbox 1956 999 1992 1016; x_wconf 78' lang='lat'>—-</span> <span class='ocrx_word' id='word_1_60' title='bbox 2026 989 2087 1028; x_wconf 90' lang='lat' dir='ltr'>rum</span> <span class='ocrx_word' id='word_1_61' title='bbox 2109 979 2218 1040; x_wconf 91' lang='lat' dir='ltr'>propter</span> <span class='ocrx_word' id='word_1_62' title='bbox 2246 981 2384 1040; x_wconf 87' lang='lat' dir='ltr'>peccatum</span> <span class='ocrx_word' id='word_1_63' title='bbox 2410 981 2439 1028; x_wconf 88' lang='lat' dir='ltr'>et</span> <span class='ocrx_word' id='word_1_64' title='bbox 2462 977 2492 1028; x_wconf 93' lang='lat' dir='ltr'>in</span> <span class='ocrx_word' id='word_1_65' title='bbox 2516 977 2666 1042; x_wconf 77' lang='lat' dir='ltr'>aenigmate</span> 
     </span>
    </p>
   </div>
   <div class='ocr_carea' id='block_1_3' title="bbox 578 1055 2665 1128">
    <p class='ocr_par' dir='ltr' id='par_1_3' title="bbox 578 1055 2783 1128">
     <span class='ocr_line' id='line_1_6' title="bbox 578 1055 2665 1128; baseline 0.003 -18"><span class='ocrx_word' id='word_1_66' title='bbox 578 1089 582 1096; x_wconf 87' lang='lat'><strong>·</strong></span> <span class='ocrx_word' id='word_1_67' title='bbox 676 1055 800 1120; x_wconf 85' lang='lat' dir='ltr'>credere,</span> <span class='ocrx_word' id='word_1_68' title='bbox 828 1057 903 1126; x_wconf 90' lang='lat' dir='ltr'>quod</span> <span class='ocrx_word' id='word_1_69' title='bbox 926 1069 994 1110; x_wconf 31' lang='lat' dir='ltr'>noni</span> <span class='ocrx_word' id='word_1_70' title='bbox 1010 1057 1042 1112; x_wconf 89' lang='lat' dir='ltr'>sit</span> <span class='ocrx_word' id='word_1_71' title='bbox 1067 1057 1113 1124; x_wconf 91' lang='lat' dir='ltr'>qui</span> <span class='ocrx_word' id='word_1_72' title='bbox 1144 1059 1318 1124; x_wconf 79' lang='lat' dir='ltr'>reprehendat</span> <span class='ocrx_word' id='word_1_73' title='bbox 1353 1073 1408 1112; x_wconf 92' lang='lat' dir='ltr'>non</span> <span class='ocrx_word' id='word_1_74' title='bbox 1435 1073 1482 1112; x_wconf 89' lang='lat' dir='ltr'>ens</span> <span class='ocrx_word' id='word_1_75' title='bbox 1511 1059 1660 1124; x_wconf 89' lang='lat' dir='ltr'>simpliciter</span> <span class='ocrx_word' id='word_1_76' title='bbox 1687 1059 1810 1124; x_wconf 79' lang='lat' dir='ltr'>cognosci</span> <span class='ocrx_word' id='word_1_77' title='bbox 1841 1065 1941 1126; x_wconf 87' lang='lat' dir='ltr'>potest,</span> <span class='ocrx_word' id='word_1_78' title='bbox 1963 1061 1991 1118; x_wconf 92' lang='lat' dir='ltr'>in</span> <span class='ocrx_word' id='word_1_79' title='bbox 2027 1061 2080 1114; x_wconf 88' lang='grc'>256</span> <span class='ocrx_word' id='word_1_80' title='bbox 2099 1063 2134 1114; x_wconf 89' lang='grc'>43</span> <span class='ocrx_word' id='word_1_81' title='bbox 2151 1087 2190 1102; x_wconf 90' lang='lat'>-··</span> <span class='ocrx_word' id='word_1_82' title='bbox 2203 1061 2355 1116; x_wconf 83' lang='lat' dir='ltr'>Dedivina</span> <span class='ocrx_word' id='word_1_83' title='bbox 2381 1063 2508 1128; x_wconf 85' lang='lat' dir='ltr'>sapientia</span> <span class='ocrx_word' id='word_1_84' title='bbox 2529 1075 2585 1114; x_wconf 91' lang='lat' dir='ltr'>non</span> <span class='ocrx_word' id='word_1_85' title='bbox 2604 1077 2665 1128; x_wconf 85' lang='lat' dir='ltr'>pos·</span> 
     </span>
    </p>
   </div>
   <div class='ocr_carea' id='block_1_4' title="bbox 678 1143 2669 1568">
    <p class='ocr_par' dir='ltr' id='par_1_4' title="bbox 678 1143 2668 1300">
     <span class='ocr_line' id='line_1_7' title="bbox 680 1143 2668 1216; baseline 0.003 -20"><span class='ocrx_word' id='word_1_86' title='bbox 680 1145 715 1198; x_wconf 89' lang='grc'>42</span> <span class='ocrx_word' id='word_1_87' title='bbox 732 1159 756 1200; x_wconf 87' lang='lat' dir='ltr'>a.</span> <span class='ocrx_word' id='word_1_88' title='bbox 777 1143 807 1200; x_wconf 88' lang='grc'>44</span> <span class='ocrx_word' id='word_1_89' title='bbox 827 1159 855 1200; x_wconf 83' lang='lat' dir='ltr'>v.</span> <span class='ocrx_word' id='word_1_90' title='bbox 872 1145 901 1200; x_wconf 92' lang='grc'>7.</span> <span class='ocrx_word' id='word_1_91' title='bbox 917 1175 954 1184; x_wconf 91' lang='lat'><em>-</em></span> <span class='ocrx_word' id='word_1_92' title='bbox 973 1145 1085 1212; x_wconf 80' lang='lat' dir='ltr'>Spiritus</span> <span class='ocrx_word' id='word_1_93' title='bbox 1109 1151 1217 1200; x_wconf 86' lang='grc'>3440443</span> <span class='ocrx_word' id='word_1_94' title='bbox 1232 1151 1319 1202; x_wconf 89' lang='lat' dir='ltr'>auterl</span> <span class='ocrx_word' id='word_1_95' title='bbox 1352 1151 1481 1214; x_wconf 89' lang='lat' dir='ltr'>quantum</span> <span class='ocrx_word' id='word_1_96' title='bbox 1501 1145 1656 1200; x_wconf 83' lang='lat' dir='ltr'>hebetasse</span> <span class='ocrx_word' id='word_1_97' title='bbox 1675 1145 1701 1198; x_wconf 93' lang='lat' dir='ltr'>in</span> <span class='ocrx_word' id='word_1_98' title='bbox 1719 1145 1992 1214; x_wconf 77' lang='lat' dir='ltr'>cansa&#39;tb—-Qoae</span> <span class='ocrx_word' id='word_1_99' title='bbox 2027 1163 2121 1202; x_wconf 87' lang='lat' dir='ltr'>sumus</span> <span class='ocrx_word' id='word_1_100' title='bbox 2138 1163 2307 1214; x_wconf 87' lang='lat' dir='ltr'>cognoscere,</span> <span class='ocrx_word' id='word_1_101' title='bbox 2324 1149 2511 1216; x_wconf 88' lang='lat' dir='ltr'>quidsit‚sed</span> <span class='ocrx_word' id='word_1_102' title='bbox 2530 1149 2617 1216; x_wconf 91' lang='lat' dir='ltr'>quatis</span> <span class='ocrx_word' id='word_1_103' title='bbox 2634 1149 2668 1202; x_wconf 85' lang='lat' dir='ltr'>sit</span> 
     </span>
     <span class='ocr_line' id='line_1_8' title="bbox 678 1233 2508 1300; baseline -0.001 -12"><span class='ocrx_word' id='word_1_104' title='bbox 678 1247 710 1288; x_wconf 88' lang='lat' dir='ltr'>se</span> <span class='ocrx_word' id='word_1_105' title='bbox 727 1247 741 1286; x_wconf 89' lang='lat' dir='ltr'>a</span> <span class='ocrx_word' id='word_1_106' title='bbox 761 1233 965 1300; x_wconf 83' lang='lat' dir='ltr'>cogitationibus</span> <span class='ocrx_word' id='word_1_107' title='bbox 986 1235 1055 1288; x_wconf 90' lang='lat' dir='ltr'>tnlsis</span> <span class='ocrx_word' id='word_1_108' title='bbox 1080 1241 1104 1288; x_wconf 90' lang='lat' dir='ltr'>et</span> <span class='ocrx_word' id='word_1_109' title='bbox 1125 1235 1240 1290; x_wconf 90' lang='lat' dir='ltr'>erroneis</span> <span class='ocrx_word' id='word_1_110' title='bbox 1268 1235 1317 1288; x_wconf 91' lang='grc'>443</span> <span class='ocrx_word' id='word_1_111' title='bbox 1354 1240 1415 1289; x_wconf 87' lang='grc'>3044</span> <span class='ocrx_word' id='word_1_112' title='bbox 1433 1235 1601 1288; x_wconf 76' lang='lat' dir='ltr'>essentialiter</span> <span class='ocrx_word' id='word_1_113' title='bbox 1620 1235 1649 1288; x_wconf 93' lang='lat' dir='ltr'>in</span> <span class='ocrx_word' id='word_1_114' title='bbox 1666 1237 1753 1288; x_wconf 88' lang='lat' dir='ltr'>anima</span> <span class='ocrx_word' id='word_1_115' title='bbox 1781 1235 1877 1288; x_wconf 91' lang='lat' dir='ltr'>metius</span> <span class='ocrx_word' id='word_1_116' title='bbox 1897 1249 1993 1300; x_wconf 87' lang='lat' dir='ltr'>cogno·</span> <span class='ocrx_word' id='word_1_117' title='bbox 2028 1235 2080 1288; x_wconf 90' lang='grc'>456</span> <span class='ocrx_word' id='word_1_118' title='bbox 2097 1247 2127 1288; x_wconf 87' lang='lat' dir='ltr'>v.</span> <span class='ocrx_word' id='word_1_119' title='bbox 2144 1233 2178 1286; x_wconf 91' lang='grc'>24</span> <span class='ocrx_word' id='word_1_120' title='bbox 2506 1253 2508 1258; x_wconf 88' lang='grc'><em>·</em></span> 
     </span>
    </p>

    <p class='ocr_par' dir='ltr' id='par_1_5' title="bbox 678 1323 2669 1568">
     <span class='ocr_line' id='line_1_9' title="bbox 679 1323 2667 1392; baseline 0 -16"><span class='ocrx_word' id='word_1_121' title='bbox 679 1337 709 1376; x_wconf 85' lang='lat' dir='ltr'>v.</span> <span class='ocrx_word' id='word_1_122' title='bbox 727 1323 742 1376; x_wconf 85' lang='lat'>5</span> <span class='ocrx_word' id='word_1_123' title='bbox 761 1351 796 1364; x_wconf 90' lang='lat'>-</span> <span class='ocrx_word' id='word_1_124' title='bbox 814 1325 921 1392; x_wconf 89' lang='lat' dir='ltr'>iniquus</span> <span class='ocrx_word' id='word_1_125' title='bbox 938 1330 978 1378; x_wconf 89' lang='lat' dir='ltr'>est</span> <span class='ocrx_word' id='word_1_126' title='bbox 995 1323 1023 1376; x_wconf 90' lang='lat' dir='ltr'>in</span> <span class='ocrx_word' id='word_1_127' title='bbox 1041 1323 1200 1390; x_wconf 84' lang='lat' dir='ltr'>cogitatione</span> <span class='ocrx_word' id='word_1_128' title='bbox 1217 1325 1264 1390; x_wconf 91' lang='lat' dir='ltr'>qui</span> <span class='ocrx_word' id='word_1_129' title='bbox 1281 1329 1320 1376; x_wconf 90' lang='lat' dir='ltr'>te·</span> <span class='ocrx_word' id='word_1_130' title='bbox 1354 1329 1478 1388; x_wconf 86' lang='lat' dir='ltr'>scantur,</span> <span class='ocrx_word' id='word_1_131' title='bbox 1496 1337 1578 1392; x_wconf 90' lang='lat' dir='ltr'>quam</span> <span class='ocrx_word' id='word_1_132' title='bbox 1595 1337 1664 1390; x_wconf 88' lang='lat' dir='ltr'>quae</span> <span class='ocrx_word' id='word_1_133' title='bbox 1684 1327 1745 1376; x_wconf 91' lang='lat' dir='ltr'>sunt</span> <span class='ocrx_word' id='word_1_134' title='bbox 1763 1323 1908 1376; x_wconf 88' lang='lat' dir='ltr'>secundum</span> <span class='ocrx_word' id='word_1_135' title='bbox 1933 1335 1993 1386; x_wconf 90' lang='lat' dir='ltr'>spe-</span> <span class='ocrx_word' id='word_1_136' title='bbox 2081 1345 2117 1362; x_wconf 87' lang='grc'>-</span> <span class='ocrx_word' id='word_1_137' title='bbox 2135 1323 2205 1376; x_wconf 84' lang='lat' dir='ltr'>tteati</span> <span class='ocrx_word' id='word_1_138' title='bbox 2231 1331 2398 1388; x_wconf 91' lang='lat' dir='ltr'>cognoscunt</span> <span class='ocrx_word' id='word_1_139' title='bbox 2422 1325 2506 1376; x_wconf 86' lang='lat' dir='ltr'>Deum</span> <span class='ocrx_word' id='word_1_140' title='bbox 2523 1328 2615 1388; x_wconf 89' lang='lat' dir='ltr'>aperte</span> <span class='ocrx_word' id='word_1_141' title='bbox 2633 1323 2667 1376; x_wconf 81' lang='lat' dir='ltr'>ut</span> 
     </span>
     <span class='ocr_line' id='line_1_10' title="bbox 678 1405 2669 1478; baseline -0.001 -14"><span class='ocrx_word' id='word_1_142' title='bbox 678 1405 753 1466; x_wconf 87' lang='lat' dir='ltr'>mere</span> <span class='ocrx_word' id='word_1_143' title='bbox 782 1411 877 1466; x_wconf 89' lang='lat' dir='ltr'>iudicat</span> <span class='ocrx_word' id='word_1_144' title='bbox 897 1413 939 1466; x_wconf 81' lang='lat' dir='ltr'>uu</span> <span class='ocrx_word' id='word_1_145' title='bbox 961 1411 1006 1466; x_wconf 91' lang='grc'>464</span> <span class='ocrx_word' id='word_1_146' title='bbox 1031 1405 1118 1466; x_wconf 74' lang='grc'>96’-</span> <span class='ocrx_word' id='word_1_147' title='bbox 1139 1415 1209 1466; x_wconf 79' lang='lat' dir='ltr'>Deris</span> <span class='ocrx_word' id='word_1_148' title='bbox 1225 1417 1266 1466; x_wconf 89' lang='grc'>034</span> <span class='ocrx_word' id='word_1_149' title='bbox 1282 1411 1320 1464; x_wconf 93' lang='lat' dir='ltr'>in·</span> <span class='ocrx_word' id='word_1_150' title='bbox 1353 1413 1422 1466; x_wconf 89' lang='lat' dir='ltr'>ciem</span> <span class='ocrx_word' id='word_1_151' title='bbox 1441 1411 1475 1464; x_wconf 88' lang='grc'>’42</span> <span class='ocrx_word' id='word_1_152' title='bbox 1494 1425 1522 1478; x_wconf 90' lang='lat' dir='ltr'>q.</span> <span class='ocrx_word' id='word_1_153' title='bbox 1540 1411 1686 1466; x_wconf 80' lang='lat' dir='ltr'>2-Certi</span> <span class='ocrx_word' id='word_1_154' title='bbox 1703 1419 1795 1464; x_wconf 88' lang='lat' dir='ltr'>sumus</span> <span class='ocrx_word' id='word_1_155' title='bbox 1814 1413 1848 1466; x_wconf 90' lang='lat' dir='ltr'>de</span> <span class='ocrx_word' id='word_1_156' title='bbox 1865 1411 1905 1464; x_wconf 89' lang='lat' dir='ltr'>bis</span> <span class='ocrx_word' id='word_1_157' title='bbox 1923 1423 1994 1478; x_wconf 87' lang='lat' dir='ltr'>quae</span> <span class='ocrx_word' id='word_1_158' title='bbox 2028 1409 2076 1462; x_wconf 88' lang='grc'>431</span> <span class='ocrx_word' id='word_1_159' title='bbox 2099 1423 2127 1460; x_wconf 88' lang='lat' dir='ltr'>v.</span> <span class='ocrx_word' id='word_1_160' title='bbox 2146 1409 2179 1460; x_wconf 88' lang='lat' dir='ltr'>t8</span> <span class='ocrx_word' id='word_1_161' title='bbox 2198 1437 2232 1448; x_wconf 99' lang='lat'>-</span> <span class='ocrx_word' id='word_1_162' title='bbox 2252 1411 2322 1464; x_wconf 85' lang='lat' dir='ltr'>Deus</span> <span class='ocrx_word' id='word_1_163' title='bbox 2347 1413 2374 1466; x_wconf 91' lang='lat' dir='ltr'>in</span> <span class='ocrx_word' id='word_1_164' title='bbox 2399 1423 2430 1462; x_wconf 89' lang='lat' dir='ltr'>se</span> <span class='ocrx_word' id='word_1_165' title='bbox 2447 1409 2515 1464; x_wconf 90' lang='lat' dir='ltr'>clare</span> <span class='ocrx_word' id='word_1_166' title='bbox 2534 1409 2669 1476; x_wconf 89' lang='lat' dir='ltr'>cognosci·</span> 
     </span>
     <span class='ocr_line' id='line_1_11' title="bbox 678 1497 2669 1568; baseline -0.002 -14"><span class='ocrx_word' id='word_1_167' title='bbox 678 1499 791 1568; x_wconf 80' lang='lat' dir='ltr'>quisitor</span> <span class='ocrx_word' id='word_1_168' title='bbox 807 1499 947 1554; x_wconf 89' lang='lat' dir='ltr'>intaltibitis</span> <span class='ocrx_word' id='word_1_169' title='bbox 972 1501 1160 1568; x_wconf 83' lang='lat' dir='ltr'>cogitationum</span> <span class='ocrx_word' id='word_1_170' title='bbox 1184 1501 1218 1556; x_wconf 89' lang='lat' dir='ltr'>de</span> <span class='ocrx_word' id='word_1_171' title='bbox 1237 1501 1320 1554; x_wconf 90' lang='lat' dir='ltr'>corde</span> <span class='ocrx_word' id='word_1_172' title='bbox 1355 1499 1539 1568; x_wconf 88' lang='lat' dir='ltr'>cognoscimus</span> <span class='ocrx_word' id='word_1_173' title='bbox 1561 1499 1708 1554; x_wconf 87' lang='lat' dir='ltr'>secundum</span> <span class='ocrx_word' id='word_1_174' title='bbox 1734 1499 1849 1566; x_wconf 89' lang='lat' dir='ltr'>speciem</span> <span class='ocrx_word' id='word_1_175' title='bbox 1878 1497 1941 1554; x_wconf 82' lang='grc'>44444.</span> <span class='ocrx_word' id='word_1_176' title='bbox 1957 1525 1994 1538; x_wconf 47' lang='grc' dir='ltr'>κ-</span> <span class='ocrx_word' id='word_1_177' title='bbox 2028 1499 2103 1550; x_wconf 86' lang='grc'>4044</span> <span class='ocrx_word' id='word_1_178' title='bbox 2123 1503 2227 1550; x_wconf 85' lang='lat' dir='ltr'>seete</span> <span class='ocrx_word' id='word_1_179' title='bbox 2248 1499 2346 1564; x_wconf 85' lang='grc'>444463,</span> <span class='ocrx_word' id='word_1_180' title='bbox 2365 1499 2396 1552; x_wconf 87' lang='grc'>44</span> <span class='ocrx_word' id='word_1_181' title='bbox 2420 1499 2531 1564; x_wconf 89' lang='lat' dir='ltr'>caligine</span> <span class='ocrx_word' id='word_1_182' title='bbox 2553 1497 2669 1550; x_wconf 89' lang='lat' dir='ltr'>asubti·</span> 
     </span>
    </p>
   </div>
   <div class='ocr_carea' id='block_1_5' title="bbox 577 1585 2667 1654">
    <p class='ocr_par' dir='ltr' id='par_1_6' title="bbox 577 1585 2667 1654">
     <span class='ocr_line' id='line_1_12' title="bbox 577 1585 2667 1654; baseline -0.001 -12"><span class='ocrx_word' id='word_1_183' title='bbox 577 1609 581 1616; x_wconf 93' lang='lat'>·</span> <span class='ocrx_word' id='word_1_184' title='bbox 679 1591 831 1644; x_wconf 80' lang='lat' dir='ltr'>exeuntium</span> <span class='ocrx_word' id='word_1_185' title='bbox 849 1589 883 1644; x_wconf 81' lang='lat' dir='ltr'>Vt</span> <span class='ocrx_word' id='word_1_186' title='bbox 904 1589 956 1644; x_wconf 88' lang='grc'>444</span> <span class='ocrx_word' id='word_1_187' title='bbox 972 1591 1091 1642; x_wconf 83' lang='grc'>4.’6·-</span> <span class='ocrx_word' id='word_1_188' title='bbox 1110 1589 1139 1642; x_wconf 91' lang='lat' dir='ltr'>tn</span> <span class='ocrx_word' id='word_1_189' title='bbox 1160 1587 1321 1654; x_wconf 87' lang='lat' dir='ltr'>cogitatimi·</span> <span class='ocrx_word' id='word_1_190' title='bbox 1355 1589 1383 1640; x_wconf 94' lang='lat' dir='ltr'>ln</span> <span class='ocrx_word' id='word_1_191' title='bbox 1402 1587 1549 1652; x_wconf 87' lang='lat' dir='ltr'>cognitione</span> <span class='ocrx_word' id='word_1_192' title='bbox 1578 1585 1739 1640; x_wconf 88' lang='lat' dir='ltr'>sensibilium</span> <span class='ocrx_word' id='word_1_193' title='bbox 1760 1593 1784 1640; x_wconf 93' lang='lat' dir='ltr'>et</span> <span class='ocrx_word' id='word_1_194' title='bbox 1802 1587 1992 1654; x_wconf 82' lang='lat' dir='ltr'>principiorum</span> <span class='ocrx_word' id='word_1_195' title='bbox 2028 1585 2105 1638; x_wconf 88' lang='lat' dir='ltr'>miter</span> <span class='ocrx_word' id='word_1_196' title='bbox 2133 1589 2373 1652; x_wconf 88' lang='lat' dir='ltr'>contemplantibus</span> <span class='ocrx_word' id='word_1_197' title='bbox 2399 1589 2451 1642; x_wconf 84' lang='grc'>256</span> <span class='ocrx_word' id='word_1_198' title='bbox 2482 1587 2514 1640; x_wconf 89' lang='grc'>43</span> <span class='ocrx_word' id='word_1_199' title='bbox 2531 1589 2667 1640; x_wconf 79' lang='lat' dir='ltr'>-Nemo</span> 
     </span>
    </p>
   </div>
   <div class='ocr_carea' id='block_1_6' title="bbox 607 1673 2737 4050">
    <p class='ocr_par' dir='ltr' id='par_1_7' title="bbox 607 1673 2737 4050">
     <span class='ocr_line' id='line_1_13' title="bbox 673 1673 2668 1746; baseline 0 -16"><span class='ocrx_word' id='word_1_200' title='bbox 673 1675 732 1730; x_wconf 61' lang='lat' dir='ltr'>vbus</span> <span class='ocrx_word' id='word_1_201' title='bbox 750 1679 839 1732; x_wconf 91' lang='lat' dir='ltr'>minus</span> <span class='ocrx_word' id='word_1_202' title='bbox 860 1683 999 1744; x_wconf 89' lang='lat' dir='ltr'>peccatum</span> <span class='ocrx_word' id='word_1_203' title='bbox 1019 1683 1156 1746; x_wconf 90' lang='lat' dir='ltr'>estquam</span> <span class='ocrx_word' id='word_1_204' title='bbox 1174 1677 1202 1730; x_wconf 91' lang='lat' dir='ltr'>in</span> <span class='ocrx_word' id='word_1_205' title='bbox 1220 1691 1321 1730; x_wconf 85' lang='lat' dir='ltr'>sermo·</span> <span class='ocrx_word' id='word_1_206' title='bbox 1355 1683 1408 1730; x_wconf 91' lang='lat' dir='ltr'>non</span> <span class='ocrx_word' id='word_1_207' title='bbox 1436 1675 1563 1742; x_wconf 90' lang='lat' dir='ltr'>contingit</span> <span class='ocrx_word' id='word_1_208' title='bbox 1589 1691 1678 1730; x_wconf 88' lang='lat' dir='ltr'>errare</span> <span class='ocrx_word' id='word_1_209' title='bbox 1708 1677 1739 1728; x_wconf 87' lang='lat' dir='ltr'>ta</span> <span class='ocrx_word' id='word_1_210' title='bbox 1765 1691 1791 1744; x_wconf 90' lang='lat' dir='ltr'>q.</span> <span class='ocrx_word' id='word_1_211' title='bbox 1814 1679 1823 1730; x_wconf 93' lang='lat' dir='ltr'>t</span> <span class='ocrx_word' id='word_1_212' title='bbox 1845 1691 1902 1742; x_wconf 89' lang='lat' dir='ltr'>urg.</span> <span class='ocrx_word' id='word_1_213' title='bbox 1922 1677 1939 1728; x_wconf 98' lang='grc'>2</span> <span class='ocrx_word' id='word_1_214' title='bbox 1957 1703 1994 1714; x_wconf 87' lang='lat'>--</span> <span class='ocrx_word' id='word_1_215' title='bbox 2027 1673 2094 1726; x_wconf 86' lang='lat' dir='ltr'>vidit</span> <span class='ocrx_word' id='word_1_216' title='bbox 2113 1675 2197 1728; x_wconf 86' lang='grc'>444044</span> <span class='ocrx_word' id='word_1_217' title='bbox 2215 1675 2268 1730; x_wconf 88' lang='grc'>255</span> <span class='ocrx_word' id='word_1_218' title='bbox 2285 1679 2321 1730; x_wconf 89' lang='grc'>39</span> <span class='ocrx_word' id='word_1_219' title='bbox 2338 1679 2463 1730; x_wconf 85' lang='grc'>-44443</span> <span class='ocrx_word' id='word_1_220' title='bbox 2483 1677 2668 1730; x_wconf 88' lang='lat' dir='ltr'>rideturasu·</span> 
     </span>
     <span class='ocr_line' id='line_1_14' title="bbox 678 1761 2737 1832; baseline -0.001 -12"><span class='ocrx_word' id='word_1_221' title='bbox 678 1765 759 1822; x_wconf 88' lang='lat' dir='ltr'>nibus</span> <span class='ocrx_word' id='word_1_222' title='bbox 778 1765 810 1822; x_wconf 84' lang='lat' dir='ltr'>ti.</span> <span class='ocrx_word' id='word_1_223' title='bbox 830 1769 891 1822; x_wconf 88' lang='lat' dir='ltr'>v.8</span> <span class='ocrx_word' id='word_1_224' title='bbox 1355 1767 1441 1820; x_wconf 90' lang='lat' dir='ltr'>Homo</span> <span class='ocrx_word' id='word_1_225' title='bbox 1460 1765 1596 1830; x_wconf 88' lang='lat' dir='ltr'>cognoscit</span> <span class='ocrx_word' id='word_1_226' title='bbox 1624 1763 1723 1818; x_wconf 85' lang='grc'>04444444</span> <span class='ocrx_word' id='word_1_227' title='bbox 1753 1765 1878 1819; x_wconf 89' lang='lat' dir='ltr'>relatione</span> <span class='ocrx_word' id='word_1_228' title='bbox 1893 1769 1994 1818; x_wconf 89' lang='lat' dir='ltr'>tantum</span> <span class='ocrx_word' id='word_1_229' title='bbox 2029 1763 2061 1814; x_wconf 90' lang='lat' dir='ltr'>tis</span> <span class='ocrx_word' id='word_1_230' title='bbox 2078 1761 2153 1816; x_wconf 91' lang='lat' dir='ltr'>bonis</span> <span class='ocrx_word' id='word_1_231' title='bbox 2179 1763 2228 1814; x_wconf 89' lang='grc'>476</span> <span class='ocrx_word' id='word_1_232' title='bbox 2250 1763 2282 1816; x_wconf 93' lang='grc'>43</span> <span class='ocrx_word' id='word_1_233' title='bbox 2301 1792 2337 1808; x_wconf 86' lang='grc'><strong>-</strong></span> <span class='ocrx_word' id='word_1_234' title='bbox 2356 1765 2412 1818; x_wconf 89' lang='grc'>44444</span> <span class='ocrx_word' id='word_1_235' title='bbox 2432 1779 2485 1820; x_wconf 90' lang='lat' dir='ltr'>non</span> <span class='ocrx_word' id='word_1_236' title='bbox 2503 1769 2670 1832; x_wconf 87' lang='lat' dir='ltr'>cognoscunt</span> <span class='ocrx_word' id='word_1_237' title='bbox 2736 1787 2737 1790; x_wconf 79' lang='lat'>¹</span> 
     </span>
     <span class='ocr_line' id='line_1_15' title="bbox 734 1849 2669 1920; baseline -0.001 -12"><span class='ocrx_word' id='word_1_238' title='bbox 734 1883 773 1896; x_wconf 87' lang='lat'><em>-</em></span> <span class='ocrx_word' id='word_1_239' title='bbox 788 1857 907 1910; x_wconf 82' lang='lat' dir='ltr'>occultae</span> <span class='ocrx_word' id='word_1_240' title='bbox 923 1855 1008 1910; x_wconf 89' lang='lat' dir='ltr'>ocutis</span> <span class='ocrx_word' id='word_1_241' title='bbox 1026 1853 1072 1908; x_wconf 87' lang='grc'>4444</span> <span class='ocrx_word' id='word_1_242' title='bbox 1085 1861 1147 1908; x_wconf 85' lang='grc'>3444</span> <span class='ocrx_word' id='word_1_243' title='bbox 1157 1859 1264 1918; x_wconf 88' lang='lat' dir='ltr'>apertae</span> <span class='ocrx_word' id='word_1_244' title='bbox 1277 1853 1320 1910; x_wconf 83' lang='lat' dir='ltr'>vu</span> <span class='ocrx_word' id='word_1_245' title='bbox 1356 1853 1409 1908; x_wconf 85' lang='grc'>277</span> <span class='ocrx_word' id='word_1_246' title='bbox 1427 1855 1461 1906; x_wconf 92' lang='grc'>33</span> <span class='ocrx_word' id='word_1_247' title='bbox 1478 1883 1517 1892; x_wconf 88' lang='grc'>-</span> <span class='ocrx_word' id='word_1_248' title='bbox 1534 1853 1645 1906; x_wconf 87' lang='lat' dir='ltr'>Habitus</span> <span class='ocrx_word' id='word_1_249' title='bbox 1668 1853 1802 1904; x_wconf 89' lang='lat' dir='ltr'>inanima</span> <span class='ocrx_word' id='word_1_250' title='bbox 1821 1867 1872 1906; x_wconf 91' lang='lat' dir='ltr'>non</span> <span class='ocrx_word' id='word_1_251' title='bbox 1897 1865 1996 1918; x_wconf 89' lang='lat' dir='ltr'>cogno·</span> <span class='ocrx_word' id='word_1_252' title='bbox 2029 1853 2114 1904; x_wconf 89' lang='lat' dir='ltr'>Deum</span> <span class='ocrx_word' id='word_1_253' title='bbox 2132 1849 2165 1904; x_wconf 83' lang='lat' dir='ltr'>to.</span> <span class='ocrx_word' id='word_1_254' title='bbox 2189 1849 2220 1904; x_wconf 91' lang='grc'>44</span> <span class='ocrx_word' id='word_1_255' title='bbox 2250 1879 2284 1892; x_wconf 82' lang='lat'>—-</span> <span class='ocrx_word' id='word_1_256' title='bbox 2313 1853 2370 1906; x_wconf 91' lang='grc'>44444</span> <span class='ocrx_word' id='word_1_257' title='bbox 2396 1861 2560 1920; x_wconf 87' lang='lat' dir='ltr'>cognoscunt</span> <span class='ocrx_word' id='word_1_258' title='bbox 2582 1853 2669 1906; x_wconf 89' lang='lat' dir='ltr'>Deum</span> 
     </span>
     <span class='ocr_line' id='line_1_16' title="bbox 683 1939 2670 2012; baseline 0 -18"><span class='ocrx_word' id='word_1_259' title='bbox 683 1943 733 1996; x_wconf 88' lang='grc'>433</span> <span class='ocrx_word' id='word_1_260' title='bbox 755 1943 789 1998; x_wconf 91' lang='grc'>44</span> <span class='ocrx_word' id='word_1_261' title='bbox 806 1961 843 1984; x_wconf 88' lang='grc'>-·-</span> <span class='ocrx_word' id='word_1_262' title='bbox 860 1945 888 1996; x_wconf 88' lang='grc'>44</span> <span class='ocrx_word' id='word_1_263' title='bbox 906 1943 1016 1996; x_wconf 88' lang='grc'>40444443</span> <span class='ocrx_word' id='word_1_264' title='bbox 1033 1943 1215 2010; x_wconf 67' lang='grc'>444400444444</span> <span class='ocrx_word' id='word_1_265' title='bbox 1231 1949 1273 1994; x_wconf 87' lang='grc'>434</span> <span class='ocrx_word' id='word_1_266' title='bbox 1285 1943 1322 1994; x_wconf 92' lang='lat' dir='ltr'>to·</span> <span class='ocrx_word' id='word_1_267' title='bbox 1355 1947 1464 1996; x_wconf 87' lang='lat' dir='ltr'>scantur</span> <span class='ocrx_word' id='word_1_268' title='bbox 1482 1941 1531 1994; x_wconf 90' lang='lat' dir='ltr'>uisi</span> <span class='ocrx_word' id='word_1_269' title='bbox 1550 1955 1598 2008; x_wconf 92' lang='lat' dir='ltr'>per</span> <span class='ocrx_word' id='word_1_270' title='bbox 1617 1943 1683 2006; x_wconf 88' lang='lat' dir='ltr'>troc,</span> <span class='ocrx_word' id='word_1_271' title='bbox 1701 1944 1773 2010; x_wconf 84' lang='lat' dir='ltr'>quod</span> <span class='ocrx_word' id='word_1_272' title='bbox 1797 1943 1889 1994; x_wconf 84' lang='grc'>444444</span> <span class='ocrx_word' id='word_1_273' title='bbox 1901 1955 1932 1994; x_wconf 88' lang='grc'>30</span> <span class='ocrx_word' id='word_1_274' title='bbox 1955 1941 1996 1994; x_wconf 79' lang='lat' dir='ltr'>ri·</span> <span class='ocrx_word' id='word_1_275' title='bbox 2030 1941 2127 1994; x_wconf 61' lang='lat' dir='ltr'>notitia,</span> <span class='ocrx_word' id='word_1_276' title='bbox 2139 1939 2274 2012; x_wconf 83' lang='lat' dir='ltr'>simplici,</span> <span class='ocrx_word' id='word_1_277' title='bbox 2295 1941 2341 1994; x_wconf 85' lang='lat' dir='ltr'>secl</span> <span class='ocrx_word' id='word_1_278' title='bbox 2361 1955 2412 1994; x_wconf 94' lang='lat' dir='ltr'>non</span> <span class='ocrx_word' id='word_1_279' title='bbox 2432 1943 2520 1994; x_wconf 88' lang='lat' dir='ltr'>notitia</span> <span class='ocrx_word' id='word_1_280' title='bbox 2540 1941 2670 2008; x_wconf 87' lang='lat' dir='ltr'>approba·</span> 
     </span>
     <span class='ocr_line' id='line_1_17' title="bbox 680 2021 2229 2100; baseline -0.002 -16"><span class='ocrx_word' id='word_1_281' title='bbox 680 2033 728 2100; x_wconf 91' lang='lat' dir='ltr'>qui</span> <span class='ocrx_word' id='word_1_282' title='bbox 746 2033 781 2088; x_wconf 84' lang='lat' dir='ltr'>t&#39;b.</span> <span class='ocrx_word' id='word_1_283' title='bbox 800 2033 835 2084; x_wconf 87' lang='grc'>46</span> <span class='ocrx_word' id='word_1_284' title='bbox 853 2021 934 2084; x_wconf 79' lang='lat' dir='ltr'>-tn</span> <span class='ocrx_word' id='word_1_285' title='bbox 948 2033 1105 2096; x_wconf 89' lang='lat' dir='ltr'>cogitatione</span> <span class='ocrx_word' id='word_1_286' title='bbox 1118 2031 1256 2084; x_wconf 88' lang='grc'>4444444443</span> <span class='ocrx_word' id='word_1_287' title='bbox 1268 2029 1322 2096; x_wconf 88' lang='lat' dir='ltr'>spi·</span> <span class='ocrx_word' id='word_1_288' title='bbox 1355 2031 1401 2084; x_wconf 90' lang='lat' dir='ltr'>det</span> <span class='ocrx_word' id='word_1_289' title='bbox 1418 2027 1533 2084; x_wconf 85' lang='lat' dir='ltr'>habitem</span> <span class='ocrx_word' id='word_1_290' title='bbox 1552 2033 1587 2084; x_wconf 90' lang='lat' dir='ltr'>ad</span> <span class='ocrx_word' id='word_1_291' title='bbox 1604 2031 1719 2098; x_wconf 89' lang='lat' dir='ltr'>aliquem</span> <span class='ocrx_word' id='word_1_292' title='bbox 1739 2035 1827 2084; x_wconf 86' lang='grc'>406444</span> <span class='ocrx_word' id='word_1_293' title='bbox 1841 2029 1877 2082; x_wconf 89' lang='grc'>73</span> <span class='ocrx_word' id='word_1_294' title='bbox 1895 2043 1923 2096; x_wconf 93' lang='lat' dir='ltr'>q.</span> <span class='ocrx_word' id='word_1_295' title='bbox 1943 2031 1957 2082; x_wconf 90' lang='grc'>2</span> <span class='ocrx_word' id='word_1_296' title='bbox 2030 2029 2107 2084; x_wconf 89' lang='grc'>440443</span> <span class='ocrx_word' id='word_1_297' title='bbox 2127 2029 2178 2084; x_wconf 89' lang='grc'>477</span> <span class='ocrx_word' id='word_1_298' title='bbox 2197 2029 2229 2082; x_wconf 93' lang='grc'>49</span> 
     </span>
     <span class='ocr_line' id='line_1_18' title="bbox 680 2117 2673 2192; baseline -0.001 -18"><span class='ocrx_word' id='word_1_299' title='bbox 680 2121 783 2176; x_wconf 90' lang='lat' dir='ltr'>ritualis</span> <span class='ocrx_word' id='word_1_300' title='bbox 799 2121 982 2174; x_wconf 89' lang='lat' dir='ltr'>occasionatur</span> <span class='ocrx_word' id='word_1_301' title='bbox 1001 2123 1035 2176; x_wconf 91' lang='lat' dir='ltr'>Vt</span> <span class='ocrx_word' id='word_1_302' title='bbox 1053 2121 1138 2174; x_wconf 89' lang='grc'>5354</span> <span class='ocrx_word' id='word_1_303' title='bbox 1411 2121 1535 2174; x_wconf 78' lang='lat' dir='ltr'>-Deus</span> <span class='ocrx_word' id='word_1_304' title='bbox 1555 2117 1995 2186; x_wconf 87' lang='lat' dir='ltr'>bomininoudrdilcognitionem</span> <span class='ocrx_word' id='word_1_305' title='bbox 2083 2149 2121 2164; x_wconf 91' lang='lat'>-·</span> <span class='ocrx_word' id='word_1_306' title='bbox 2143 2119 2171 2172; x_wconf 93' lang='lat' dir='ltr'>tn</span> <span class='ocrx_word' id='word_1_307' title='bbox 2198 2119 2348 2186; x_wconf 89' lang='lat' dir='ltr'>cognitione</span> <span class='ocrx_word' id='word_1_308' title='bbox 2379 2117 2524 2172; x_wconf 86' lang='lat' dir='ltr'>Divinitatis</span> <span class='ocrx_word' id='word_1_309' title='bbox 2555 2117 2673 2192; x_wconf 86' lang='lat' dir='ltr'>consistit</span> 
     </span>
     <span class='ocr_line' id='line_1_19' title="bbox 734 2207 2672 2276; baseline -0.001 -14"><span class='ocrx_word' id='word_1_310' title='bbox 734 2237 773 2250; x_wconf 85' lang='lat'>-</span> <span class='ocrx_word' id='word_1_311' title='bbox 794 2211 897 2264; x_wconf 82' lang='lat' dir='ltr'>Paucae</span> <span class='ocrx_word' id='word_1_312' title='bbox 920 2213 982 2262; x_wconf 93' lang='lat' dir='ltr'>sunt</span> <span class='ocrx_word' id='word_1_313' title='bbox 993 2207 998 2214; x_wconf 86' lang='lat'><em>&#39;</em></span> <span class='ocrx_word' id='word_1_314' title='bbox 1010 2207 1180 2276; x_wconf 86' lang='lat' dir='ltr'>cogitationes</span> <span class='ocrx_word' id='word_1_315' title='bbox 1205 2215 1322 2276; x_wconf 87' lang='lat' dir='ltr'>nostrae,</span> <span class='ocrx_word' id='word_1_316' title='bbox 1357 2211 1475 2264; x_wconf 90' lang='lat' dir='ltr'>omniurn</span> <span class='ocrx_word' id='word_1_317' title='bbox 1496 2223 1585 2264; x_wconf 90' lang='lat' dir='ltr'>rerum</span> <span class='ocrx_word' id='word_1_318' title='bbox 1603 2211 1639 2264; x_wconf 88' lang='lat' dir='ltr'>Vt</span> <span class='ocrx_word' id='word_1_319' title='bbox 1656 2211 1692 2264; x_wconf 88' lang='grc'>33</span> <span class='ocrx_word' id='word_1_320' title='bbox 1710 2225 1737 2264; x_wconf 85' lang='lat' dir='ltr'>r.</span> <span class='ocrx_word' id='word_1_321' title='bbox 1754 2211 1779 2262; x_wconf 93' lang='lat' dir='ltr'>tt</span> <span class='ocrx_word' id='word_1_322' title='bbox 1797 2237 1833 2252; x_wconf 84' lang='lat'><em>-</em></span> <span class='ocrx_word' id='word_1_323' title='bbox 1844 2211 1928 2264; x_wconf 91' lang='lat' dir='ltr'>Nemo</span> <span class='ocrx_word' id='word_1_324' title='bbox 1942 2217 1998 2276; x_wconf 89' lang='lat' dir='ltr'>pot·</span> <span class='ocrx_word' id='word_1_325' title='bbox 2031 2209 2114 2276; x_wconf 89' lang='lat' dir='ltr'>gloria</span> <span class='ocrx_word' id='word_1_326' title='bbox 2141 2215 2247 2264; x_wconf 87' lang='lat' dir='ltr'>aeterna</span> <span class='ocrx_word' id='word_1_327' title='bbox 2268 2209 2304 2264; x_wconf 92' lang='lat' dir='ltr'>Vi</span> <span class='ocrx_word' id='word_1_328' title='bbox 2324 2207 2376 2262; x_wconf 90' lang='grc'>449</span> <span class='ocrx_word' id='word_1_329' title='bbox 2392 2225 2421 2264; x_wconf 85' lang='lat' dir='ltr'>v.</span> <span class='ocrx_word' id='word_1_330' title='bbox 2441 2209 2474 2264; x_wconf 91' lang='grc'>26</span> <span class='ocrx_word' id='word_1_331' title='bbox 2493 2233 2528 2248; x_wconf 86' lang='lat'>-</span> <span class='ocrx_word' id='word_1_332' title='bbox 2547 2207 2610 2262; x_wconf 90' lang='lat' dir='ltr'>Sine</span> <span class='ocrx_word' id='word_1_333' title='bbox 2626 2221 2672 2262; x_wconf 93' lang='lat' dir='ltr'>oo-</span> 
     </span>
     <span class='ocr_line' id='line_1_20' title="bbox 672 2297 2673 2368; baseline 0 -18"><span class='ocrx_word' id='word_1_334' title='bbox 672 2303 795 2366; x_wconf 76' lang='lat' dir='ltr'>&#39;quarum</span> <span class='ocrx_word' id='word_1_335' title='bbox 814 2311 867 2352; x_wconf 91' lang='lat' dir='ltr'>non</span> <span class='ocrx_word' id='word_1_336' title='bbox 886 2303 1015 2366; x_wconf 89' lang='lat' dir='ltr'>apparent</span> <span class='ocrx_word' id='word_1_337' title='bbox 1034 2299 1122 2368; x_wconf 89' lang='lat' dir='ltr'>eliqua</span> <span class='ocrx_word' id='word_1_338' title='bbox 1141 2299 1215 2366; x_wconf 86' lang='lat' dir='ltr'>signa</span> <span class='ocrx_word' id='word_1_339' title='bbox 1234 2297 1269 2354; x_wconf 82' lang='lat' dir='ltr'>Vl</span> <span class='ocrx_word' id='word_1_340' title='bbox 1286 2299 1322 2352; x_wconf 85' lang='grc'>37</span> <span class='ocrx_word' id='word_1_341' title='bbox 1357 2309 1397 2354; x_wconf 88' lang='grc'>434</span> <span class='ocrx_word' id='word_1_342' title='bbox 1413 2301 1494 2354; x_wconf 90' lang='lat' dir='ltr'>nimis</span> <span class='ocrx_word' id='word_1_343' title='bbox 1512 2313 1686 2366; x_wconf 86' lang='lat' dir='ltr'>cognoscere,</span> <span class='ocrx_word' id='word_1_344' title='bbox 1698 2301 1746 2354; x_wconf 89' lang='lat' dir='ltr'>sed</span> <span class='ocrx_word' id='word_1_345' title='bbox 1758 2301 1917 2366; x_wconf 89' lang='lat' dir='ltr'>perscrutari</span> <span class='ocrx_word' id='word_1_346' title='bbox 1929 2299 1998 2354; x_wconf 91' lang='lat' dir='ltr'>bene</span> <span class='ocrx_word' id='word_1_347' title='bbox 2031 2301 2149 2366; x_wconf 89' lang='lat' dir='ltr'>gnitiono</span> <span class='ocrx_word' id='word_1_348' title='bbox 2168 2313 2220 2354; x_wconf 93' lang='lat' dir='ltr'>non</span> <span class='ocrx_word' id='word_1_349' title='bbox 2240 2305 2326 2366; x_wconf 88' lang='lat' dir='ltr'>potest</span> <span class='ocrx_word' id='word_1_350' title='bbox 2344 2305 2415 2354; x_wconf 90' lang='lat' dir='ltr'>recte</span> <span class='ocrx_word' id='word_1_351' title='bbox 2435 2297 2569 2366; x_wconf 90' lang='lat' dir='ltr'>perveniri</span> <span class='ocrx_word' id='word_1_352' title='bbox 2586 2297 2621 2352; x_wconf 89' lang='lat' dir='ltr'>ad</span> <span class='ocrx_word' id='word_1_353' title='bbox 2633 2297 2673 2350; x_wconf 88' lang='lat' dir='ltr'>ri·</span> 
     </span>
     <span class='ocr_line' id='line_1_21' title="bbox 682 2387 2671 2470; baseline 0.001 -31"><span class='ocrx_word' id='word_1_354' title='bbox 682 2388 739 2456; x_wconf 94' lang='lat' dir='ltr'>q.t</span> <span class='ocrx_word' id='word_1_355' title='bbox 765 2417 798 2426; x_wconf 94' lang='lat'>-</span> <span class='ocrx_word' id='word_1_356' title='bbox 818 2387 1048 2462; x_wconf 85' lang='lat' dir='ltr'>Necdaemones,</span> <span class='ocrx_word' id='word_1_357' title='bbox 1077 2403 1125 2444; x_wconf 91' lang='lat' dir='ltr'>nec</span> <span class='ocrx_word' id='word_1_358' title='bbox 1152 2389 1229 2444; x_wconf 88' lang='grc'>444444</span> <span class='ocrx_word' id='word_1_359' title='bbox 1259 2387 1323 2444; x_wconf 91' lang='lat' dir='ltr'>boni</span> <span class='ocrx_word' id='word_1_360' title='bbox 1358 2397 1444 2456; x_wconf 92' lang='lat' dir='ltr'>potest</span> <span class='ocrx_word' id='word_1_361' title='bbox 1460 2391 1538 2444; x_wconf 90' lang='lat' dir='ltr'>nimis</span> <span class='ocrx_word' id='word_1_362' title='bbox 1557 2391 1586 2444; x_wconf 90' lang='grc'>64</span> <span class='ocrx_word' id='word_1_363' title='bbox 1609 2405 1637 2460; x_wconf 89' lang='lat' dir='ltr'>q.</span> <span class='ocrx_word' id='word_1_364' title='bbox 1655 2393 1671 2444; x_wconf 90' lang='grc'>2</span> <span class='ocrx_word' id='word_1_365' title='bbox 1691 2419 1725 2428; x_wconf 88' lang='grc'>-</span> <span class='ocrx_word' id='word_1_366' title='bbox 1743 2391 1904 2444; x_wconf 72' lang='lat' dir='ltr'>praesumtio</span> <span class='ocrx_word' id='word_1_367' title='bbox 1922 2391 2005 2470; x_wconf 44' lang='lat' dir='ltr'>spiri:</span> <span class='ocrx_word' id='word_1_368' title='bbox 2032 2397 2099 2454; x_wconf 87' lang='lat' dir='ltr'>tarn,</span> <span class='ocrx_word' id='word_1_369' title='bbox 2119 2389 2250 2444; x_wconf 83' lang='lat' dir='ltr'>Christum</span> <span class='ocrx_word' id='word_1_370' title='bbox 2268 2389 2304 2442; x_wconf 89' lang='grc'>52</span> <span class='ocrx_word' id='word_1_371' title='bbox 2322 2405 2348 2444; x_wconf 92' lang='lat' dir='ltr'>v.</span> <span class='ocrx_word' id='word_1_372' title='bbox 2370 2391 2440 2442; x_wconf 83' lang='lat'>9-</span> <span class='ocrx_word' id='word_1_373' title='bbox 2456 2389 2505 2444; x_wconf 90' lang='lat' dir='ltr'>Dei</span> <span class='ocrx_word' id='word_1_374' title='bbox 2522 2403 2571 2456; x_wconf 90' lang='lat' dir='ltr'>per</span> <span class='ocrx_word' id='word_1_375' title='bbox 2588 2387 2671 2442; x_wconf 88' lang='lat' dir='ltr'>tidem</span> 
     </span>
     <span class='ocr_line' id='line_1_22' title="bbox 680 2477 2674 2548; baseline 0.002 -20"><span class='ocrx_word' id='word_1_376' title='bbox 680 2477 775 2542; x_wconf 83' lang='lat' dir='ltr'>Angeti</span> <span class='ocrx_word' id='word_1_377' title='bbox 792 2483 904 2544; x_wconf 88' lang='lat' dir='ltr'>possunt</span> <span class='ocrx_word' id='word_1_378' title='bbox 920 2479 1323 2546; x_wconf 84' lang='lat' dir='ltr'>cognoscerecogitationesno·</span> <span class='ocrx_word' id='word_1_379' title='bbox 1357 2485 1400 2534; x_wconf 88' lang='lat' dir='ltr'>tus</span> <span class='ocrx_word' id='word_1_380' title='bbox 1415 2484 1465 2534; x_wconf 72' lang='lat' dir='ltr'>¹&#39;est</span> <span class='ocrx_word' id='word_1_381' title='bbox 1492 2481 1560 2534; x_wconf 89' lang='lat' dir='ltr'>velte</span> <span class='ocrx_word' id='word_1_382' title='bbox 1583 2491 1744 2546; x_wconf 86' lang='lat' dir='ltr'>cognoscere</span> <span class='ocrx_word' id='word_1_383' title='bbox 1769 2495 1838 2548; x_wconf 89' lang='lat' dir='ltr'>quae</span> <span class='ocrx_word' id='word_1_384' title='bbox 1872 2481 1943 2534; x_wconf 88' lang='lat' dir='ltr'>Deus</span> <span class='ocrx_word' id='word_1_385' title='bbox 1970 2481 1998 2534; x_wconf 87' lang='lat' dir='ltr'>in</span> <span class='ocrx_word' id='word_1_386' title='bbox 2032 2479 2170 2532; x_wconf 84' lang='grc'>4044444444</span> <span class='ocrx_word' id='word_1_387' title='bbox 2184 2483 2222 2532; x_wconf 90' lang='grc'>434</span> <span class='ocrx_word' id='word_1_388' title='bbox 2235 2479 2361 2544; x_wconf 82' lang='lat' dir='ltr'>porrectio</span> <span class='ocrx_word' id='word_1_389' title='bbox 2376 2479 2524 2534; x_wconf 87' lang='lat' dir='ltr'>iustitiaein</span> <span class='ocrx_word' id='word_1_390' title='bbox 2539 2477 2674 2544; x_wconf 86' lang='lat' dir='ltr'>praesenti</span> 
     </span>
     <span class='ocr_line' id='line_1_23' title="bbox 682 2563 2164 2636; baseline 0.001 -18"><span class='ocrx_word' id='word_1_391' title='bbox 682 2567 884 2620; x_wconf 82' lang='lat' dir='ltr'>siras-occultas</span> <span class='ocrx_word' id='word_1_392' title='bbox 901 2563 951 2620; x_wconf 88' lang='lat' dir='ltr'>nisi</span> <span class='ocrx_word' id='word_1_393' title='bbox 968 2567 996 2620; x_wconf 89' lang='lat' dir='ltr'>in</span> <span class='ocrx_word' id='word_1_394' title='bbox 1017 2567 1104 2622; x_wconf 83' lang='lat' dir='ltr'>l&#39;erbo</span> <span class='ocrx_word' id='word_1_395' title='bbox 1124 2567 1185 2624; x_wconf 81' lang='grc'>44444.</span> <span class='ocrx_word' id='word_1_396' title='bbox 1205 2595 1239 2606; x_wconf 89' lang='grc'><strong>-</strong></span> <span class='ocrx_word' id='word_1_397' title='bbox 1254 2571 1323 2624; x_wconf 86' lang='lat' dir='ltr'>Deus</span> <span class='ocrx_word' id='word_1_398' title='bbox 1358 2583 1405 2624; x_wconf 89' lang='lat' dir='ltr'>sua</span> <span class='ocrx_word' id='word_1_399' title='bbox 1423 2567 1588 2636; x_wconf 85' lang='lat' dir='ltr'>providentia</span> <span class='ocrx_word' id='word_1_400' title='bbox 1606 2569 1737 2636; x_wconf 87' lang='lat' dir='ltr'>disposuit</span> <span class='ocrx_word' id='word_1_401' title='bbox 1749 2569 1781 2622; x_wconf 90' lang='grc'>53</span> <span class='ocrx_word' id='word_1_402' title='bbox 1795 2569 1998 2622; x_wconf 75' lang='lat' dir='ltr'>utt--l‘anea</span> <span class='ocrx_word' id='word_1_403' title='bbox 2033 2567 2085 2618; x_wconf 90' lang='grc'>265</span> <span class='ocrx_word' id='word_1_404' title='bbox 2104 2567 2164 2620; x_wconf 72' lang='grc'>43</span> 
     </span>
     <span class='ocr_line' id='line_1_24' title="bbox 682 2649 2666 2724; baseline 0 -16"><span class='ocrx_word' id='word_1_405' title='bbox 682 2649 908 2722; x_wconf 71' lang='grc' dir='ltr'>3044300440εο6</span> <span class='ocrx_word' id='word_1_406' title='bbox 926 2657 1096 2724; x_wconf 88' lang='lat' dir='ltr'>cogitationes</span> <span class='ocrx_word' id='word_1_407' title='bbox 1117 2663 1220 2710; x_wconf 90' lang='lat' dir='ltr'>nostras</span> <span class='ocrx_word' id='word_1_408' title='bbox 1238 2657 1324 2712; x_wconf 89' lang='lat' dir='ltr'>occul·</span> <span class='ocrx_word' id='word_1_409' title='bbox 1358 2657 1437 2712; x_wconf 88' lang='lat' dir='ltr'>nobis</span> <span class='ocrx_word' id='word_1_410' title='bbox 1455 2663 1518 2710; x_wconf 90' lang='lat' dir='ltr'>sunt</span> <span class='ocrx_word' id='word_1_411' title='bbox 1535 2657 1641 2722; x_wconf 87' lang='lat' dir='ltr'>cognita</span> <span class='ocrx_word' id='word_1_412' title='bbox 1658 2655 1697 2712; x_wconf 84' lang='grc'>44.</span> <span class='ocrx_word' id='word_1_413' title='bbox 1712 2671 1741 2708; x_wconf 90' lang='lat' dir='ltr'>v.</span> <span class='ocrx_word' id='word_1_414' title='bbox 1760 2657 1787 2708; x_wconf 94' lang='lat' dir='ltr'>tt</span> <span class='ocrx_word' id='word_1_415' title='bbox 1807 2657 1998 2710; x_wconf 85' lang='lat' dir='ltr'>-llomntra-</span> <span class='ocrx_word' id='word_1_416' title='bbox 2085 2681 2123 2694; x_wconf 88' lang='lat'>--</span> <span class='ocrx_word' id='word_1_417' title='bbox 2139 2653 2175 2706; x_wconf 87' lang='lat' dir='ltr'>dc</span> <span class='ocrx_word' id='word_1_418' title='bbox 2192 2655 2247 2706; x_wconf 86' lang='lat' dir='ltr'>Deo</span> <span class='ocrx_word' id='word_1_419' title='bbox 2264 2661 2306 2708; x_wconf 90' lang='lat' dir='ltr'>est</span> <span class='ocrx_word' id='word_1_420' title='bbox 2321 2669 2371 2720; x_wconf 93' lang='lat' dir='ltr'>per</span> <span class='ocrx_word' id='word_1_421' title='bbox 2387 2657 2469 2708; x_wconf 89' lang='lat' dir='ltr'>tidem</span> <span class='ocrx_word' id='word_1_422' title='bbox 2489 2657 2520 2708; x_wconf 93' lang='lat' dir='ltr'>Vt</span> <span class='ocrx_word' id='word_1_423' title='bbox 2543 2657 2593 2708; x_wconf 88' lang='grc'>492</span> <span class='ocrx_word' id='word_1_424' title='bbox 2615 2657 2666 2710; x_wconf 75' lang='lat' dir='ltr'>ut</span> 
     </span>
     <span class='ocr_line' id='line_1_25' title="bbox 607 2735 2671 2810; baseline -0 -14"><span class='ocrx_word' id='word_1_425' title='bbox 607 2767 608 2770; x_wconf 79' lang='lat'>¹</span> <span class='ocrx_word' id='word_1_426' title='bbox 667 2747 723 2796; x_wconf 82' lang='lat' dir='ltr'>tas</span> <span class='ocrx_word' id='word_1_427' title='bbox 740 2741 801 2798; x_wconf 78' lang='lat' dir='ltr'>idid.</span> <span class='ocrx_word' id='word_1_428' title='bbox 815 2745 1011 2798; x_wconf 69' lang='lat' dir='ltr'>m-Daemones</span> <span class='ocrx_word' id='word_1_429' title='bbox 1028 2751 1191 2810; x_wconf 84' lang='lat' dir='ltr'>cognoscunt</span> <span class='ocrx_word' id='word_1_430' title='bbox 1208 2747 1324 2798; x_wconf 86' lang='lat' dir='ltr'>occultus</span> <span class='ocrx_word' id='word_1_431' title='bbox 1359 2745 1403 2798; x_wconf 91' lang='lat' dir='ltr'>bet</span> <span class='ocrx_word' id='word_1_432' title='bbox 1433 2745 1497 2798; x_wconf 88' lang='lat' dir='ltr'>satis</span> <span class='ocrx_word' id='word_1_433' title='bbox 1516 2745 1600 2796; x_wconf 88' lang='lat' dir='ltr'>lacere</span> <span class='ocrx_word' id='word_1_434' title='bbox 1625 2745 1658 2798; x_wconf 93' lang='lat' dir='ltr'>de</span> <span class='ocrx_word' id='word_1_435' title='bbox 1676 2743 1863 2808; x_wconf 88' lang='lat' dir='ltr'>cognoscendo</span> <span class='ocrx_word' id='word_1_436' title='bbox 1889 2743 1998 2810; x_wconf 84' lang='lat' dir='ltr'>propria</span> <span class='ocrx_word' id='word_1_437' title='bbox 2032 2767 2070 2780; x_wconf 91' lang='lat'><em>-</em></span> <span class='ocrx_word' id='word_1_438' title='bbox 2086 2741 2235 2804; x_wconf 85' lang='lat' dir='ltr'>Cognitioni</span> <span class='ocrx_word' id='word_1_439' title='bbox 2261 2741 2309 2794; x_wconf 89' lang='lat' dir='ltr'>Dei</span> <span class='ocrx_word' id='word_1_440' title='bbox 2329 2741 2418 2794; x_wconf 88' lang='lat' dir='ltr'>obstat</span> <span class='ocrx_word' id='word_1_441' title='bbox 2435 2743 2547 2796; x_wconf 90' lang='lat' dir='ltr'>caecitas</span> <span class='ocrx_word' id='word_1_442' title='bbox 2569 2735 2671 2810; x_wconf 87' lang='lat' dir='ltr'>peccati</span> 
     </span>
     <span class='ocr_line' id='line_1_26' title="bbox 667 2827 2670 2900; baseline 0.002 -18"><span class='ocrx_word' id='word_1_443' title='bbox 667 2831 855 2894; x_wconf 60' lang='lat' dir='ltr'>‘cogitationes</span> <span class='ocrx_word' id='word_1_444' title='bbox 872 2837 988 2894; x_wconf 84' lang='lat' dir='ltr'>nostras,</span> <span class='ocrx_word' id='word_1_445' title='bbox 1008 2833 1174 2900; x_wconf 88' lang='lat' dir='ltr'>inquantum</span> <span class='ocrx_word' id='word_1_446' title='bbox 1188 2831 1323 2896; x_wconf 85' lang='lat' dir='ltr'>persigna</span> <span class='ocrx_word' id='word_1_447' title='bbox 1359 2833 1427 2884; x_wconf 88' lang='lat' dir='ltr'>matu</span> <span class='ocrx_word' id='word_1_448' title='bbox 1447 2831 1488 2884; x_wconf 87' lang='lat' dir='ltr'>ret</span> <span class='ocrx_word' id='word_1_449' title='bbox 1506 2831 1655 2882; x_wconf 90' lang='lat' dir='ltr'>communia</span> <span class='ocrx_word' id='word_1_450' title='bbox 1683 2829 1716 2882; x_wconf 86' lang='lat' dir='ltr'>t&#39;tr.</span> <span class='ocrx_word' id='word_1_451' title='bbox 1744 2843 1770 2882; x_wconf 86' lang='lat' dir='ltr'>r.</span> <span class='ocrx_word' id='word_1_452' title='bbox 1801 2829 1811 2882; x_wconf 91' lang='lat' dir='ltr'>t</span> <span class='ocrx_word' id='word_1_453' title='bbox 1836 2855 1875 2870; x_wconf 90' lang='lat'><em>-</em></span> <span class='ocrx_word' id='word_1_454' title='bbox 1890 2835 1932 2882; x_wconf 92' lang='lat' dir='ltr'>est</span> <span class='ocrx_word' id='word_1_455' title='bbox 1954 2833 1998 2882; x_wconf 86' lang='lat' dir='ltr'>rel</span> <span class='ocrx_word' id='word_1_456' title='bbox 2033 2827 2095 2882; x_wconf 85' lang='grc'>44444.</span> <span class='ocrx_word' id='word_1_457' title='bbox 2114 2855 2148 2870; x_wconf 90' lang='lat'>-··</span> <span class='ocrx_word' id='word_1_458' title='bbox 2168 2829 2310 2884; x_wconf 88' lang='lat' dir='ltr'>Credentes</span> <span class='ocrx_word' id='word_1_459' title='bbox 2321 2839 2486 2896; x_wconf 85' lang='lat' dir='ltr'>cognoscunt</span> <span class='ocrx_word' id='word_1_460' title='bbox 2496 2833 2579 2886; x_wconf 89' lang='lat' dir='ltr'>Deum</span> <span class='ocrx_word' id='word_1_461' title='bbox 2593 2835 2670 2900; x_wconf 92' lang='lat' dir='ltr'>quasi</span> 
     </span>
     <span class='ocr_line' id='line_1_27' title="bbox 683 2905 2673 2986; baseline 0.002 -16"><span class='ocrx_word' id='word_1_462' title='bbox 683 2919 884 2972; x_wconf 80' lang='lat' dir='ltr'>manifestantur</span> <span class='ocrx_word' id='word_1_463' title='bbox 900 2905 1325 2984; x_wconf 68' lang='grc'>444444-604444440403440444443</span> <span class='ocrx_word' id='word_1_464' title='bbox 1359 2915 1521 2972; x_wconf 86' lang='lat' dir='ltr'>certitudinis</span> <span class='ocrx_word' id='word_1_465' title='bbox 1538 2917 1581 2968; x_wconf 83' lang='lat' dir='ltr'>ret</span> <span class='ocrx_word' id='word_1_466' title='bbox 1598 2915 1784 2968; x_wconf 87' lang='lat' dir='ltr'>aestimationis</span> <span class='ocrx_word' id='word_1_467' title='bbox 1804 2915 1836 2968; x_wconf 88' lang='grc'>54</span> <span class='ocrx_word' id='word_1_468' title='bbox 1853 2933 1890 2984; x_wconf 83' lang='lat' dir='ltr'>q.</span> <span class='ocrx_word' id='word_1_469' title='bbox 1920 2918 1930 2969; x_wconf 93' lang='lat' dir='ltr'>t</span> <span class='ocrx_word' id='word_1_470' title='bbox 1961 2945 1999 2956; x_wconf 89' lang='lat'>—-</span> <span class='ocrx_word' id='word_1_471' title='bbox 2033 2931 2082 2982; x_wconf 92' lang='lat' dir='ltr'>per</span> <span class='ocrx_word' id='word_1_472' title='bbox 2110 2917 2195 2970; x_wconf 86' lang='lat' dir='ltr'>uisum</span> <span class='ocrx_word' id='word_1_473' title='bbox 2213 2919 2265 2972; x_wconf 90' lang='grc'>662</span> <span class='ocrx_word' id='word_1_474' title='bbox 2286 2921 2302 2970; x_wconf 89' lang='grc'>3</span> <span class='ocrx_word' id='word_1_475' title='bbox 2320 2949 2355 2958; x_wconf 91' lang='lat'><em>-</em></span> <span class='ocrx_word' id='word_1_476' title='bbox 2374 2921 2444 2972; x_wconf 88' lang='grc'>44443</span> <span class='ocrx_word' id='word_1_477' title='bbox 2461 2933 2514 2972; x_wconf 89' lang='lat' dir='ltr'>non</span> <span class='ocrx_word' id='word_1_478' title='bbox 2534 2921 2673 2986; x_wconf 89' lang='lat' dir='ltr'>cognosci-</span> 
     </span>
     <span class='ocr_line' id='line_1_28' title="bbox 683 3003 2672 3074; baseline 0.002 -16"><span class='ocrx_word' id='word_1_479' title='bbox 683 3005 744 3060; x_wconf 90' lang='grc'>30444</span> <span class='ocrx_word' id='word_1_480' title='bbox 764 3011 873 3074; x_wconf 90' lang='lat' dir='ltr'>possunt</span> <span class='ocrx_word' id='word_1_481' title='bbox 890 3005 996 3062; x_wconf 88' lang='lat' dir='ltr'>scientia</span> <span class='ocrx_word' id='word_1_482' title='bbox 1016 3005 1191 3068; x_wconf 89' lang='lat' dir='ltr'>coniecturae,</span> <span class='ocrx_word' id='word_1_483' title='bbox 1202 3017 1256 3056; x_wconf 90' lang='lat' dir='ltr'>non</span> <span class='ocrx_word' id='word_1_484' title='bbox 1268 3017 1324 3056; x_wconf 91' lang='lat' dir='ltr'>cer·</span> <span class='ocrx_word' id='word_1_485' title='bbox 1360 3007 1446 3058; x_wconf 91' lang='lat' dir='ltr'>omnis</span> <span class='ocrx_word' id='word_1_486' title='bbox 1463 3005 1493 3056; x_wconf 90' lang='lat' dir='ltr'>tlt</span> <span class='ocrx_word' id='word_1_487' title='bbox 1511 3005 1696 3057; x_wconf 88' lang='lat' dir='ltr'>illuminatione</span> <span class='ocrx_word' id='word_1_488' title='bbox 1712 3003 1778 3058; x_wconf 90' lang='lat' dir='ltr'>tucis</span> <span class='ocrx_word' id='word_1_489' title='bbox 1798 3003 1848 3056; x_wconf 93' lang='grc'>249</span> <span class='ocrx_word' id='word_1_490' title='bbox 1870 3005 1901 3056; x_wconf 90' lang='grc'>42</span> <span class='ocrx_word' id='word_1_491' title='bbox 2034 3009 2076 3058; x_wconf 87' lang='grc'>4444</span> <span class='ocrx_word' id='word_1_492' title='bbox 2094 3019 2111 3058; x_wconf 88' lang='grc'>4</span> <span class='ocrx_word' id='word_1_493' title='bbox 2128 3017 2180 3058; x_wconf 90' lang='grc'>404</span> <span class='ocrx_word' id='word_1_494' title='bbox 2198 3005 2381 3072; x_wconf 82' lang='lat' dir='ltr'>credentibus,</span> <span class='ocrx_word' id='word_1_495' title='bbox 2400 3021 2488 3062; x_wconf 87' lang='lat' dir='ltr'>anon</span> <span class='ocrx_word' id='word_1_496' title='bbox 2498 3007 2672 3074; x_wconf 86' lang='lat' dir='ltr'>diligentibus</span> 
     </span>
     <span class='ocr_line' id='line_1_29' title="bbox 665 3091 2472 3156; baseline 0.001 -10"><span class='ocrx_word' id='word_1_497' title='bbox 665 3093 801 3148; x_wconf 78' lang='lat' dir='ltr'>titudinis</span> <span class='ocrx_word' id='word_1_498' title='bbox 830 3093 882 3146; x_wconf 90' lang='grc'>455</span> <span class='ocrx_word' id='word_1_499' title='bbox 907 3107 936 3146; x_wconf 82' lang='lat' dir='ltr'>v.</span> <span class='ocrx_word' id='word_1_500' title='bbox 956 3095 987 3146; x_wconf 89' lang='grc'>23</span> <span class='ocrx_word' id='word_1_501' title='bbox 1016 3119 1052 3134; x_wconf 92' lang='grc'>-</span> <span class='ocrx_word' id='word_1_502' title='bbox 1076 3091 1254 3156; x_wconf 84' lang='lat' dir='ltr'>Cogitationes</span> <span class='ocrx_word' id='word_1_503' title='bbox 1277 3095 1326 3144; x_wconf 86' lang='lat' dir='ltr'>tro-</span> <span class='ocrx_word' id='word_1_504' title='bbox 1409 3091 1555 3146; x_wconf 87' lang='lat' dir='ltr'>—Nostra</span> <span class='ocrx_word' id='word_1_505' title='bbox 1582 3091 1624 3146; x_wconf 90' lang='lat' dir='ltr'>ris</span> <span class='ocrx_word' id='word_1_506' title='bbox 1646 3091 1778 3146; x_wconf 88' lang='lat' dir='ltr'>rationalis</span> <span class='ocrx_word' id='word_1_507' title='bbox 1798 3091 1908 3146; x_wconf 88' lang='lat' dir='ltr'>libenter</span> <span class='ocrx_word' id='word_1_508' title='bbox 1927 3095 1999 3146; x_wconf 84' lang='lat' dir='ltr'>luxu·</span> <span class='ocrx_word' id='word_1_509' title='bbox 2033 3099 2061 3146; x_wconf 91' lang='lat' dir='ltr'>et</span> <span class='ocrx_word' id='word_1_510' title='bbox 2077 3107 2092 3146; x_wconf 90' lang='lat' dir='ltr'>a</span> <span class='ocrx_word' id='word_1_511' title='bbox 2111 3107 2163 3146; x_wconf 92' lang='lat' dir='ltr'>nou</span> <span class='ocrx_word' id='word_1_512' title='bbox 2183 3091 2367 3150; x_wconf 88' lang='lat' dir='ltr'>obedientibus</span> <span class='ocrx_word' id='word_1_513' title='bbox 2384 3095 2472 3148; x_wconf 89' lang='grc'>6924</span> 
     </span>
     <span class='ocr_line' id='line_1_30' title="bbox 683 3179 2673 3248; baseline 0.001 -12"><span class='ocrx_word' id='word_1_514' title='bbox 683 3183 785 3236; x_wconf 90' lang='lat' dir='ltr'>minum</span> <span class='ocrx_word' id='word_1_515' title='bbox 805 3181 866 3236; x_wconf 90' lang='lat' dir='ltr'>sciri</span> <span class='ocrx_word' id='word_1_516' title='bbox 886 3187 996 3248; x_wconf 88' lang='lat' dir='ltr'>possunt</span> <span class='ocrx_word' id='word_1_517' title='bbox 1013 3179 1046 3234; x_wconf 92' lang='lat' dir='ltr'>ab</span> <span class='ocrx_word' id='word_1_518' title='bbox 1058 3181 1173 3234; x_wconf 78' lang='lat' dir='ltr'>bomine</span> <span class='ocrx_word' id='word_1_519' title='bbox 1186 3193 1232 3246; x_wconf 87' lang='lat' dir='ltr'>per</span> <span class='ocrx_word' id='word_1_520' title='bbox 1252 3193 1326 3232; x_wconf 83' lang='lat' dir='ltr'>rere·</span> <span class='ocrx_word' id='word_1_521' title='bbox 1359 3179 1477 3236; x_wconf 89' lang='lat' dir='ltr'>riaturin</span> <span class='ocrx_word' id='word_1_522' title='bbox 1490 3179 1641 3246; x_wconf 88' lang='lat' dir='ltr'>cognitione</span> <span class='ocrx_word' id='word_1_523' title='bbox 1652 3185 1815 3236; x_wconf 87' lang='lat' dir='ltr'>terrenorum</span> <span class='ocrx_word' id='word_1_524' title='bbox 1825 3181 1998 3246; x_wconf 89' lang='lat' dir='ltr'>occupatione</span> <span class='ocrx_word' id='word_1_525' title='bbox 2085 3211 2123 3222; x_wconf 81' lang='lat'>—-</span> <span class='ocrx_word' id='word_1_526' title='bbox 2139 3183 2218 3236; x_wconf 82' lang='lat' dir='ltr'>Error</span> <span class='ocrx_word' id='word_1_527' title='bbox 2237 3183 2305 3238; x_wconf 90' lang='lat' dir='ltr'>circa</span> <span class='ocrx_word' id='word_1_528' title='bbox 2322 3185 2458 3238; x_wconf 89' lang='lat' dir='ltr'>scientiam</span> <span class='ocrx_word' id='word_1_529' title='bbox 2480 3185 2524 3238; x_wconf 87' lang='grc'>4444</span> <span class='ocrx_word' id='word_1_530' title='bbox 2544 3189 2582 3240; x_wconf 87' lang='grc'>434</span> <span class='ocrx_word' id='word_1_531' title='bbox 2597 3199 2673 3238; x_wconf 87' lang='lat' dir='ltr'>error</span> 
     </span>
     <span class='ocr_line' id='line_1_31' title="bbox 683 3269 2673 3338; baseline 0.002 -14"><span class='ocrx_word' id='word_1_532' title='bbox 683 3269 825 3338; x_wconf 89' lang='lat' dir='ltr'>tationem,</span> <span class='ocrx_word' id='word_1_533' title='bbox 842 3285 895 3324; x_wconf 91' lang='lat' dir='ltr'>non</span> <span class='ocrx_word' id='word_1_534' title='bbox 911 3285 960 3336; x_wconf 92' lang='lat' dir='ltr'>per</span> <span class='ocrx_word' id='word_1_535' title='bbox 977 3275 1098 3322; x_wconf 85' lang='lat' dir='ltr'>naturam</span> <span class='ocrx_word' id='word_1_536' title='bbox 1128 3269 1168 3322; x_wconf 88' lang='lat' dir='ltr'>vat</span> <span class='ocrx_word' id='word_1_537' title='bbox 1188 3269 1323 3336; x_wconf 85' lang='lat' dir='ltr'>propriam</span> <span class='ocrx_word' id='word_1_538' title='bbox 1360 3269 1483 3336; x_wconf 88' lang='lat' dir='ltr'>culpabili</span> <span class='ocrx_word' id='word_1_539' title='bbox 1514 3269 1558 3322; x_wconf 86' lang='lat' dir='ltr'>rel</span> <span class='ocrx_word' id='word_1_540' title='bbox 1586 3269 1691 3336; x_wconf 89' lang='lat' dir='ltr'>poenali</span> <span class='ocrx_word' id='word_1_541' title='bbox 1721 3275 1829 3336; x_wconf 90' lang='lat' dir='ltr'>propter</span> <span class='ocrx_word' id='word_1_542' title='bbox 1860 3274 1998 3338; x_wconf 89' lang='lat' dir='ltr'>peecatum</span> <span class='ocrx_word' id='word_1_543' title='bbox 2033 3269 2127 3324; x_wconf 86' lang='lat' dir='ltr'>iulide</span> <span class='ocrx_word' id='word_1_544' title='bbox 2137 3271 2173 3324; x_wconf 93' lang='lat' dir='ltr'>Vt</span> <span class='ocrx_word' id='word_1_545' title='bbox 2187 3271 2234 3324; x_wconf 87' lang='grc'>264</span> <span class='ocrx_word' id='word_1_546' title='bbox 2256 3287 2283 3326; x_wconf 84' lang='grc'>4.</span> <span class='ocrx_word' id='word_1_547' title='bbox 2303 3275 2335 3326; x_wconf 90' lang='grc'>22</span> <span class='ocrx_word' id='word_1_548' title='bbox 2356 3301 2390 3314; x_wconf 84' lang='grc'>--</span> <span class='ocrx_word' id='word_1_549' title='bbox 2409 3275 2480 3326; x_wconf 87' lang='lat' dir='ltr'>Vere</span> <span class='ocrx_word' id='word_1_550' title='bbox 2496 3287 2573 3326; x_wconf 90' lang='lat' dir='ltr'>nosse</span> <span class='ocrx_word' id='word_1_551' title='bbox 2586 3275 2673 3328; x_wconf 89' lang='lat' dir='ltr'>Deum</span> 
     </span>
     <span class='ocr_line' id='line_1_32' title="bbox 683 3359 2563 3430; baseline 0.002 -18"><span class='ocrx_word' id='word_1_552' title='bbox 683 3359 924 3414; x_wconf 78' lang='grc'>4440344444444444.</span> <span class='ocrx_word' id='word_1_553' title='bbox 1240 3421 1241 3424; x_wconf 10' lang='lat'>¹</span> <span class='ocrx_word' id='word_1_554' title='bbox 1360 3359 1439 3426; x_wconf 90' lang='lat' dir='ltr'>primi</span> <span class='ocrx_word' id='word_1_555' title='bbox 1457 3359 1573 3426; x_wconf 87' lang='lat' dir='ltr'>parentis</span> <span class='ocrx_word' id='word_1_556' title='bbox 1589 3359 1625 3412; x_wconf 84' lang='lat' dir='ltr'>Vl</span> <span class='ocrx_word' id='word_1_557' title='bbox 1645 3361 1677 3412; x_wconf 89' lang='grc'>43</span> <span class='ocrx_word' id='word_1_558' title='bbox 1697 3373 1722 3410; x_wconf 90' lang='lat' dir='ltr'>r.</span> <span class='ocrx_word' id='word_1_559' title='bbox 1740 3359 1770 3412; x_wconf 89' lang='grc'>43</span> <span class='ocrx_word' id='word_1_560' title='bbox 1782 3359 1941 3424; x_wconf 86' lang='lat' dir='ltr'>-Propter</span> <span class='ocrx_word' id='word_1_561' title='bbox 1952 3373 1999 3412; x_wconf 91' lang='lat' dir='ltr'>cu·</span> <span class='ocrx_word' id='word_1_562' title='bbox 2033 3365 2073 3430; x_wconf 79' lang='lat' dir='ltr'>est</span> <span class='ocrx_word' id='word_1_563' title='bbox 2090 3361 2211 3414; x_wconf 85' lang='lat' dir='ltr'>urandata</span> <span class='ocrx_word' id='word_1_564' title='bbox 2233 3361 2289 3416; x_wconf 88' lang='lat' dir='ltr'>etos</span> <span class='ocrx_word' id='word_1_565' title='bbox 2307 3363 2442 3416; x_wconf 85' lang='grc'>4434044444</span> <span class='ocrx_word' id='word_1_566' title='bbox 2457 3363 2510 3416; x_wconf 88' lang='grc'>376</span> <span class='ocrx_word' id='word_1_567' title='bbox 2529 3361 2563 3416; x_wconf 89' lang='grc'>79</span> 
     </span>
     <span class='ocr_line' id='line_1_33' title="bbox 666 3445 2673 3518; baseline 0.002 -18"><span class='ocrx_word' id='word_1_568' title='bbox 666 3465 669 3470; x_wconf 91' lang='lat'>¹</span> <span class='ocrx_word' id='word_1_569' title='bbox 734 3445 863 3502; x_wconf 80' lang='grc'>60444440</span> <span class='ocrx_word' id='word_1_570' title='bbox 876 3449 1065 3514; x_wconf 88' lang='lat' dir='ltr'>-spirituatis</span> <span class='ocrx_word' id='word_1_571' title='bbox 1081 3461 1143 3500; x_wconf 88' lang='lat' dir='ltr'>oum</span> <span class='ocrx_word' id='word_1_572' title='bbox 1154 3445 1259 3501; x_wconf 83' lang='lat' dir='ltr'>Christo</span> <span class='ocrx_word' id='word_1_573' title='bbox 1272 3461 1325 3500; x_wconf 90' lang='lat' dir='ltr'>mc·</span> <span class='ocrx_word' id='word_1_574' title='bbox 1359 3449 1502 3502; x_wconf 91' lang='lat' dir='ltr'>riositatem</span> <span class='ocrx_word' id='word_1_575' title='bbox 1520 3447 1547 3500; x_wconf 92' lang='lat' dir='ltr'>in</span> <span class='ocrx_word' id='word_1_576' title='bbox 1565 3449 1712 3512; x_wconf 90' lang='lat' dir='ltr'>cognitione</span> <span class='ocrx_word' id='word_1_577' title='bbox 1732 3455 1896 3502; x_wconf 89' lang='lat' dir='ltr'>terrenorum</span> <span class='ocrx_word' id='word_1_578' title='bbox 1916 3449 1999 3500; x_wconf 87' lang='lat' dir='ltr'>bomi-</span> <span class='ocrx_word' id='word_1_579' title='bbox 2069 3449 2267 3504; x_wconf 84' lang='lat' dir='ltr'>-necessaria</span> <span class='ocrx_word' id='word_1_580' title='bbox 2288 3449 2673 3518; x_wconf 82' lang='lat' dir='ltr'>etiuraltibtttsuestatugra·</span> 
     </span>
     <span class='ocr_line' id='line_1_34' title="bbox 682 3531 2673 3612; baseline 0.002 -22"><span class='ocrx_word' id='word_1_581' title='bbox 682 3537 731 3590; x_wconf 92' lang='lat' dir='ltr'>tior</span> <span class='ocrx_word' id='word_1_582' title='bbox 749 3541 787 3590; x_wconf 89' lang='grc'>434</span> <span class='ocrx_word' id='word_1_583' title='bbox 804 3549 886 3606; x_wconf 91' lang='lat' dir='ltr'>quam</span> <span class='ocrx_word' id='word_1_584' title='bbox 904 3537 1015 3590; x_wconf 88' lang='lat' dir='ltr'>carnalis</span> <span class='ocrx_word' id='word_1_585' title='bbox 1031 3537 1077 3590; x_wconf 91' lang='lat' dir='ltr'>Vll</span> <span class='ocrx_word' id='word_1_586' title='bbox 1095 3537 1148 3590; x_wconf 91' lang='grc'>297</span> <span class='ocrx_word' id='word_1_587' title='bbox 1167 3539 1201 3588; x_wconf 88' lang='grc'>62</span> <span class='ocrx_word' id='word_1_588' title='bbox 1217 3535 1280 3590; x_wconf 85' lang='lat' dir='ltr'>Vtile</span> <span class='ocrx_word' id='word_1_589' title='bbox 1297 3549 1325 3590; x_wconf 89' lang='lat' dir='ltr'>o.</span> <span class='ocrx_word' id='word_1_590' title='bbox 1360 3551 1404 3590; x_wconf 88' lang='lat' dir='ltr'>nes</span> <span class='ocrx_word' id='word_1_591' title='bbox 1423 3537 1592 3590; x_wconf 87' lang='lat' dir='ltr'>immemores</span> <span class='ocrx_word' id='word_1_592' title='bbox 1611 3543 1673 3590; x_wconf 88' lang='lat' dir='ltr'>sunt</span> <span class='ocrx_word' id='word_1_593' title='bbox 1691 3551 1754 3590; x_wconf 87' lang='lat' dir='ltr'>suae</span> <span class='ocrx_word' id='word_1_594' title='bbox 1771 3535 1863 3602; x_wconf 87' lang='lat' dir='ltr'>salutis</span> <span class='ocrx_word' id='word_1_595' title='bbox 1880 3533 1943 3590; x_wconf 78' lang='lat' dir='ltr'>iord.</span> <span class='ocrx_word' id='word_1_596' title='bbox 1961 3567 1998 3576; x_wconf 85' lang='lat'><em>-</em></span> <span class='ocrx_word' id='word_1_597' title='bbox 2033 3531 2083 3590; x_wconf 85' lang='grc'>4444</span> <span class='ocrx_word' id='word_1_598' title='bbox 2105 3539 2151 3590; x_wconf 88' lang='lat' dir='ltr'>trac</span> <span class='ocrx_word' id='word_1_599' title='bbox 2171 3539 2199 3612; x_wconf 90' lang='lat' dir='ltr'>in</span> <span class='ocrx_word' id='word_1_600' title='bbox 2214 3539 2268 3590; x_wconf 89' lang='lat' dir='ltr'>vita</span> <span class='ocrx_word' id='word_1_601' title='bbox 2288 3553 2338 3592; x_wconf 93' lang='lat' dir='ltr'>non</span> <span class='ocrx_word' id='word_1_602' title='bbox 2360 3539 2472 3594; x_wconf 88' lang='lat' dir='ltr'>habetur</span> <span class='ocrx_word' id='word_1_603' title='bbox 2495 3539 2547 3594; x_wconf 90' lang='grc'>4434</span> <span class='ocrx_word' id='word_1_604' title='bbox 2564 3553 2613 3606; x_wconf 87' lang='lat' dir='ltr'>per</span> <span class='ocrx_word' id='word_1_605' title='bbox 2629 3555 2673 3594; x_wconf 90' lang='lat' dir='ltr'>ro·</span> 
     </span>
     <span class='ocr_line' id='line_1_35' title="bbox 684 3623 2673 3696; baseline 0.002 -17.976"><span class='ocrx_word' id='word_1_606' title='bbox 672 3623 840 3680; x_wconf 78' lang='lat' dir='ltr'>Procoa&#39;ntos.</span> <span class='ocrx_word' id='word_1_607' title='bbox 1086 3653 1087 3656; x_wconf 79' lang='lat'>¹</span> <span class='ocrx_word' id='word_1_608' title='bbox 1361 3627 1462 3692; x_wconf 86' lang='lat' dir='ltr'>Quanto</span> <span class='ocrx_word' id='word_1_609' title='bbox 1492 3629 1571 3678; x_wconf 88' lang='lat' dir='ltr'>trumo</span> <span class='ocrx_word' id='word_1_610' title='bbox 1598 3625 1694 3678; x_wconf 89' lang='lat' dir='ltr'>metius</span> <span class='ocrx_word' id='word_1_611' title='bbox 1720 3623 1856 3692; x_wconf 89' lang='lat' dir='ltr'>cognoscit</span> <span class='ocrx_word' id='word_1_612' title='bbox 1880 3623 1947 3678; x_wconf 90' lang='lat' dir='ltr'>bonu</span> <span class='ocrx_word' id='word_1_613' title='bbox 1973 3631 2000 3680; x_wconf 89' lang='lat' dir='ltr'>et</span> <span class='ocrx_word' id='word_1_614' title='bbox 2033 3627 2189 3680; x_wconf 83' lang='grc'>4444604044</span> <span class='ocrx_word' id='word_1_615' title='bbox 2217 3627 2251 3680; x_wconf 87' lang='lat' dir='ltr'>Vt</span> <span class='ocrx_word' id='word_1_616' title='bbox 2278 3629 2312 3680; x_wconf 89' lang='grc'>73</span> <span class='ocrx_word' id='word_1_617' title='bbox 2333 3641 2361 3696; x_wconf 90' lang='lat' dir='ltr'>q.</span> <span class='ocrx_word' id='word_1_618' title='bbox 2380 3631 2396 3680; x_wconf 93' lang='grc'>2</span> <span class='ocrx_word' id='word_1_619' title='bbox 2414 3655 2450 3670; x_wconf 91' lang='grc'>-</span> <span class='ocrx_word' id='word_1_620' title='bbox 2468 3627 2613 3694; x_wconf 90' lang='lat' dir='ltr'>probabitis</span> <span class='ocrx_word' id='word_1_621' title='bbox 2636 3629 2673 3682; x_wconf 90' lang='lat' dir='ltr'>de</span> 
     </span>
     <span class='ocr_line' id='line_1_36' title="bbox 737 3709 2672 3782; baseline 0.002 -14"><span class='ocrx_word' id='word_1_622' title='bbox 737 3711 856 3770; x_wconf 87' lang='lat' dir='ltr'>Coonrrro</span> <span class='ocrx_word' id='word_1_623' title='bbox 876 3743 910 3754; x_wconf 90' lang='lat'>-—</span> <span class='ocrx_word' id='word_1_624' title='bbox 929 3715 1010 3768; x_wconf 88' lang='lat' dir='ltr'>attera</span> <span class='ocrx_word' id='word_1_625' title='bbox 1026 3719 1068 3768; x_wconf 90' lang='grc'>434</span> <span class='ocrx_word' id='word_1_626' title='bbox 1084 3713 1229 3768; x_wconf 89' lang='lat' dir='ltr'>necessaria</span> <span class='ocrx_word' id='word_1_627' title='bbox 1244 3717 1269 3768; x_wconf 91' lang='lat' dir='ltr'>el</span> <span class='ocrx_word' id='word_1_628' title='bbox 1286 3713 1325 3766; x_wconf 87' lang='lat' dir='ltr'>in·</span> <span class='ocrx_word' id='word_1_629' title='bbox 1359 3715 1443 3780; x_wconf 87' lang='lat' dir='ltr'>mato,</span> <span class='ocrx_word' id='word_1_630' title='bbox 1459 3719 1530 3768; x_wconf 88' lang='lat' dir='ltr'>tanto</span> <span class='ocrx_word' id='word_1_631' title='bbox 1550 3709 1635 3780; x_wconf 85' lang='lat' dir='ltr'>magis</span> <span class='ocrx_word' id='word_1_632' title='bbox 1652 3713 1790 3782; x_wconf 85' lang='lat' dir='ltr'>affligitur,</span> <span class='ocrx_word' id='word_1_633' title='bbox 1810 3713 1917 3782; x_wconf 86' lang='lat' dir='ltr'>quando</span> <span class='ocrx_word' id='word_1_634' title='bbox 1930 3719 1999 3768; x_wconf 89' lang='lat' dir='ltr'>errat</span> <span class='ocrx_word' id='word_1_635' title='bbox 2033 3719 2102 3770; x_wconf 88' lang='lat' dir='ltr'>statu</span> <span class='ocrx_word' id='word_1_636' title='bbox 2120 3717 2220 3782; x_wconf 88' lang='lat' dir='ltr'>gratiae</span> <span class='ocrx_word' id='word_1_637' title='bbox 2238 3715 2349 3770; x_wconf 88' lang='lat' dir='ltr'>babetur</span> <span class='ocrx_word' id='word_1_638' title='bbox 2366 3731 2415 3782; x_wconf 90' lang='lat' dir='ltr'>per</span> <span class='ocrx_word' id='word_1_639' title='bbox 2431 3717 2505 3782; x_wconf 89' lang='lat' dir='ltr'>signo</span> <span class='ocrx_word' id='word_1_640' title='bbox 2525 3715 2672 3782; x_wconf 90' lang='lat' dir='ltr'>probabilia</span> 
     </span>
     <span class='ocr_line' id='line_1_37' title="bbox 683 3799 2673 3870; baseline 0.003 -16"><span class='ocrx_word' id='word_1_641' title='bbox 683 3799 810 3866; x_wconf 90' lang='lat' dir='ltr'>taltibitis,</span> <span class='ocrx_word' id='word_1_642' title='bbox 829 3805 907 3858; x_wconf 88' lang='lat' dir='ltr'>altera</span> <span class='ocrx_word' id='word_1_643' title='bbox 927 3803 1072 3870; x_wconf 88' lang='lat' dir='ltr'>probabitis</span> <span class='ocrx_word' id='word_1_644' title='bbox 1088 3809 1116 3854; x_wconf 89' lang='lat' dir='ltr'>et</span> <span class='ocrx_word' id='word_1_645' title='bbox 1135 3815 1183 3868; x_wconf 92' lang='lat' dir='ltr'>per</span> <span class='ocrx_word' id='word_1_646' title='bbox 1201 3803 1275 3868; x_wconf 86' lang='lat' dir='ltr'>signa</span> <span class='ocrx_word' id='word_1_647' title='bbox 1288 3803 1323 3856; x_wconf 88' lang='lat' dir='ltr'>vl</span> <span class='ocrx_word' id='word_1_648' title='bbox 1361 3803 1393 3856; x_wconf 91' lang='grc'>49</span> <span class='ocrx_word' id='word_1_649' title='bbox 1412 3817 1440 3858; x_wconf 85' lang='lat' dir='ltr'>r.</span> <span class='ocrx_word' id='word_1_650' title='bbox 1459 3803 1494 3854; x_wconf 85' lang='grc'>47</span> <span class='ocrx_word' id='word_1_651' title='bbox 1510 3831 1549 3844; x_wconf 90' lang='lat'><em>-</em></span> <span class='ocrx_word' id='word_1_652' title='bbox 1567 3803 1593 3856; x_wconf 90' lang='lat' dir='ltr'>tn</span> <span class='ocrx_word' id='word_1_653' title='bbox 1614 3817 1701 3856; x_wconf 89' lang='lat' dir='ltr'>rerum</span> <span class='ocrx_word' id='word_1_654' title='bbox 1729 3803 1828 3856; x_wconf 89' lang='lat' dir='ltr'>utilium</span> <span class='ocrx_word' id='word_1_655' title='bbox 1848 3803 1998 3868; x_wconf 86' lang='lat' dir='ltr'>cognitione</span> <span class='ocrx_word' id='word_1_656' title='bbox 2033 3803 2097 3860; x_wconf 80' lang='lat' dir='ltr'>idid.</span> <span class='ocrx_word' id='word_1_657' title='bbox 2117 3833 2150 3842; x_wconf 94' lang='lat'>-</span> <span class='ocrx_word' id='word_1_658' title='bbox 2170 3803 2207 3858; x_wconf 83' lang='lat' dir='ltr'>dd</span> <span class='ocrx_word' id='word_1_659' title='bbox 2228 3807 2337 3860; x_wconf 87' lang='grc'>34404444</span> <span class='ocrx_word' id='word_1_660' title='bbox 2357 3807 2501 3860; x_wconf 87' lang='lat' dir='ltr'>necessaria</span> <span class='ocrx_word' id='word_1_661' title='bbox 2524 3809 2563 3860; x_wconf 92' lang='lat' dir='ltr'>est</span> <span class='ocrx_word' id='word_1_662' title='bbox 2582 3807 2673 3860; x_wconf 86' lang='lat' dir='ltr'>notitia</span> 
     </span>
     <span class='ocr_line' id='line_1_38' title="bbox 683 3891 2673 3960; baseline 0.001 -16"><span class='ocrx_word' id='word_1_663' title='bbox 683 3891 717 3944; x_wconf 90' lang='grc'>73</span> <span class='ocrx_word' id='word_1_664' title='bbox 736 3905 764 3960; x_wconf 88' lang='lat' dir='ltr'>q.</span> <span class='ocrx_word' id='word_1_665' title='bbox 782 3895 798 3944; x_wconf 91' lang='grc'>2</span> <span class='ocrx_word' id='word_1_666' title='bbox 818 3921 852 3932; x_wconf 99' lang='grc'>-</span> <span class='ocrx_word' id='word_1_667' title='bbox 872 3895 897 3946; x_wconf 91' lang='grc'>44</span> <span class='ocrx_word' id='word_1_668' title='bbox 920 3893 1026 3946; x_wconf 89' lang='lat' dir='ltr'>bomine</span> <span class='ocrx_word' id='word_1_669' title='bbox 1054 3899 1092 3944; x_wconf 88' lang='lat' dir='ltr'>est</span> <span class='ocrx_word' id='word_1_670' title='bbox 1121 3891 1161 3944; x_wconf 87' lang='lat' dir='ltr'>ris</span> <span class='ocrx_word' id='word_1_671' title='bbox 1190 3891 1323 3956; x_wconf 88' lang='lat' dir='ltr'>cognitiva</span> <span class='ocrx_word' id='word_1_672' title='bbox 1361 3897 1399 3946; x_wconf 89' lang='lat' dir='ltr'>est</span> <span class='ocrx_word' id='word_1_673' title='bbox 1417 3893 1544 3944; x_wconf 85' lang='lat' dir='ltr'>laborari</span> <span class='ocrx_word' id='word_1_674' title='bbox 1563 3893 1753 3960; x_wconf 89' lang='lat' dir='ltr'>acquirendum</span> <span class='ocrx_word' id='word_1_675' title='bbox 1771 3897 1798 3944; x_wconf 89' lang='lat' dir='ltr'>et</span> <span class='ocrx_word' id='word_1_676' title='bbox 1816 3891 1920 3946; x_wconf 87' lang='grc'>44740440</span> <span class='ocrx_word' id='word_1_677' title='bbox 1937 3899 1998 3956; x_wconf 88' lang='lat' dir='ltr'>post</span> <span class='ocrx_word' id='word_1_678' title='bbox 2033 3893 2229 3956; x_wconf 90' lang='lat' dir='ltr'>praemiorum,</span> <span class='ocrx_word' id='word_1_679' title='bbox 2255 3893 2445 3960; x_wconf 87' lang='lat' dir='ltr'>suppliciorum</span> <span class='ocrx_word' id='word_1_680' title='bbox 2471 3899 2496 3948; x_wconf 90' lang='lat' dir='ltr'>ot</span> <span class='ocrx_word' id='word_1_681' title='bbox 2521 3897 2673 3958; x_wconf 87' lang='lat' dir='ltr'>praecepto·</span> 
     </span>
     <span class='ocr_line' id='line_1_39' title="bbox 686 3973 2672 4050; baseline 0.001 -16"><span class='ocrx_word' id='word_1_682' title='bbox 686 3981 717 4034; x_wconf 92' lang='grc'>45</span> <span class='ocrx_word' id='word_1_683' title='bbox 736 3977 756 4032; x_wconf 95' lang='lat' dir='ltr'>b</span> <span class='ocrx_word' id='word_1_684' title='bbox 772 3973 925 4034; x_wconf 84' lang='lat' dir='ltr'>—lierum</span> <span class='ocrx_word' id='word_1_685' title='bbox 944 3981 1059 4034; x_wconf 89' lang='lat' dir='ltr'>rationes</span> <span class='ocrx_word' id='word_1_686' title='bbox 1076 3979 1271 4034; x_wconf 81' lang='lat' dir='ltr'>suntditdciles</span> <span class='ocrx_word' id='word_1_687' title='bbox 1288 3981 1325 4034; x_wconf 90' lang='lat' dir='ltr'>ad</span> <span class='ocrx_word' id='word_1_688' title='bbox 1361 3981 1560 4048; x_wconf 82' lang='lat' dir='ltr'>acquisitionem</span> <span class='ocrx_word' id='word_1_689' title='bbox 1583 3977 1654 4046; x_wconf 79' lang='grc'>474444,</span> <span class='ocrx_word' id='word_1_690' title='bbox 1685 3981 1715 4034; x_wconf 90' lang='grc'>48</span> <span class='ocrx_word' id='word_1_691' title='bbox 1736 4007 1770 4020; x_wconf 48' lang='grc'>-4</span> <span class='ocrx_word' id='word_1_692' title='bbox 1788 3979 1905 4034; x_wconf 80' lang='lat' dir='ltr'>ueritatis</span> <span class='ocrx_word' id='word_1_693' title='bbox 1925 3979 1999 4034; x_wconf 86' lang='lat' dir='ltr'>occu·</span> <span class='ocrx_word' id='word_1_694' title='bbox 2033 3995 2093 4034; x_wconf 91' lang='lat' dir='ltr'>rum</span> <span class='ocrx_word' id='word_1_695' title='bbox 2114 3981 2155 4034; x_wconf 89' lang='lat' dir='ltr'>Vti</span> <span class='ocrx_word' id='word_1_696' title='bbox 2170 3979 2220 4034; x_wconf 83' lang='lat' dir='ltr'>tii</span> <span class='ocrx_word' id='word_1_697' title='bbox 2235 3979 2415 4036; x_wconf 76' lang='lat' dir='ltr'>itt-delicti</span> <span class='ocrx_word' id='word_1_698' title='bbox 2427 3983 2513 4048; x_wconf 89' lang='lat' dir='ltr'>primo</span> <span class='ocrx_word' id='word_1_699' title='bbox 2527 3983 2672 4050; x_wconf 91' lang='lat' dir='ltr'>requiritur</span> 
     </span>
    </p>
   </div>
   <div class='ocr_carea' id='block_1_7' title="bbox 668 4067 2771 4138">
    <p class='ocr_par' dir='ltr' id='par_1_8' title="bbox 668 4067 2771 4138">
     <span class='ocr_line' id='line_1_40' title="bbox 668 4067 2771 4138; baseline 0 -14"><span class='ocrx_word' id='word_1_700' title='bbox 668 4071 874 4124; x_wconf 65' lang='lat' dir='ltr'>‘inveniendum</span> <span class='ocrx_word' id='word_1_701' title='bbox 893 4067 928 4124; x_wconf 84' lang='lat' dir='ltr'>to.</span> <span class='ocrx_word' id='word_1_702' title='bbox 947 4085 972 4124; x_wconf 84' lang='lat' dir='ltr'>r.</span> <span class='ocrx_word' id='word_1_703' title='bbox 995 4073 1064 4124; x_wconf 86' lang='grc'>3-</span> <span class='ocrx_word' id='word_1_704' title='bbox 1081 4073 1246 4124; x_wconf 80' lang='lat' dir='ltr'>Sensusnon</span> <span class='ocrx_word' id='word_1_705' title='bbox 1264 4069 1324 4124; x_wconf 87' lang='lat' dir='ltr'>letti·</span> <span class='ocrx_word' id='word_1_706' title='bbox 1361 4069 1492 4124; x_wconf 89' lang='lat' dir='ltr'>sionutiter</span> <span class='ocrx_word' id='word_1_707' title='bbox 1509 4067 1642 4124; x_wconf 89' lang='lat' dir='ltr'>contristat</span> <span class='ocrx_word' id='word_1_708' title='bbox 1671 4079 1776 4136; x_wconf 84' lang='lat' dir='ltr'>propter</span> <span class='ocrx_word' id='word_1_709' title='bbox 1805 4067 1998 4122; x_wconf 86' lang='lat' dir='ltr'>immunditiam</span> <span class='ocrx_word' id='word_1_710' title='bbox 2033 4067 2067 4122; x_wconf 90' lang='lat' dir='ltr'>ad</span> <span class='ocrx_word' id='word_1_711' title='bbox 2085 4069 2247 4124; x_wconf 89' lang='lat' dir='ltr'>curationem</span> <span class='ocrx_word' id='word_1_712' title='bbox 2269 4071 2415 4138; x_wconf 89' lang='lat' dir='ltr'>peccatoris</span> <span class='ocrx_word' id='word_1_713' title='bbox 2434 4071 2484 4124; x_wconf 91' lang='grc'>469</span> <span class='ocrx_word' id='word_1_714' title='bbox 2504 4073 2538 4122; x_wconf 84' lang='lat' dir='ltr'>ts</span> <span class='ocrx_word' id='word_1_715' title='bbox 2555 4099 2593 4110; x_wconf 90' lang='lat'>--</span> <span class='ocrx_word' id='word_1_716' title='bbox 2611 4085 2671 4136; x_wconf 88' lang='lat' dir='ltr'>per·</span> <span class='ocrx_word' id='word_1_717' title='bbox 2769 4109 2771 4112; x_wconf 87' lang='lat'>-</span> 
     </span>
    </p>
   </div>
   <div class='ocr_carea' id='block_1_8' title="bbox 675 4147 2673 4238">
    <p class='ocr_par' dir='ltr' id='par_1_9' title="bbox 675 4147 2673 4238">
     <span class='ocr_line' id='line_1_41' title="bbox 675 4147 2673 4238; baseline -0.001 -24"><span class='ocrx_word' id='word_1_718' title='bbox 675 4147 724 4214; x_wconf 69' lang='lat' dir='ltr'>&#39;tur</span> <span class='ocrx_word' id='word_1_719' title='bbox 744 4157 769 4214; x_wconf 92' lang='lat' dir='ltr'>in</span> <span class='ocrx_word' id='word_1_720' title='bbox 786 4161 939 4238; x_wconf 79' lang='lat' dir='ltr'>cognitione</span> <span class='ocrx_word' id='word_1_721' title='bbox 954 4157 1119 4214; x_wconf 86' lang='lat' dir='ltr'>sensibilium</span> <span class='ocrx_word' id='word_1_722' title='bbox 1133 4159 1170 4212; x_wconf 69' lang='grc'>,46</span> <span class='ocrx_word' id='word_1_723' title='bbox 1191 4175 1217 4226; x_wconf 91' lang='lat' dir='ltr'>q.</span> <span class='ocrx_word' id='word_1_724' title='bbox 1239 4161 1248 4214; x_wconf 95' lang='lat' dir='ltr'>t</span> <span class='ocrx_word' id='word_1_725' title='bbox 1361 4157 1533 4214; x_wconf 88' lang='lat' dir='ltr'>conscientiae</span> <span class='ocrx_word' id='word_1_726' title='bbox 1553 4157 1689 4224; x_wconf 88' lang='lat' dir='ltr'>propriae,</span> <span class='ocrx_word' id='word_1_727' title='bbox 1716 4159 1758 4212; x_wconf 90' lang='lat' dir='ltr'>vet</span> <span class='ocrx_word' id='word_1_728' title='bbox 1786 4163 1894 4224; x_wconf 91' lang='lat' dir='ltr'>propter</span> <span class='ocrx_word' id='word_1_729' title='bbox 1922 4171 1998 4222; x_wconf 86' lang='lat' dir='ltr'>aspa·</span> <span class='ocrx_word' id='word_1_730' title='bbox 2026 4157 2125 4224; x_wconf 88' lang='lat' dir='ltr'>spicue</span> <span class='ocrx_word' id='word_1_731' title='bbox 2142 4155 2259 4212; x_wconf 80' lang='lat' dir='ltr'>veritatis</span> <span class='ocrx_word' id='word_1_732' title='bbox 2276 4159 2394 4226; x_wconf 88' lang='lat' dir='ltr'>perditur</span> <span class='ocrx_word' id='word_1_733' title='bbox 2413 4157 2446 4212; x_wconf 92' lang='lat' dir='ltr'>ab</span> <span class='ocrx_word' id='word_1_734' title='bbox 2466 4157 2603 4212; x_wconf 83' lang='lat' dir='ltr'>haereticis</span> <span class='ocrx_word' id='word_1_735' title='bbox 2622 4163 2630 4210; x_wconf 89' lang='lat' dir='ltr'>t</span> <span class='ocrx_word' id='word_1_736' title='bbox 2638 4159 2673 4212; x_wconf 89' lang='grc'>63</span> 
     </span>
    </p>
   </div>
   <div class='ocr_carea' id='block_1_9' title="bbox 663 4247 2736 6274">
    <p class='ocr_par' dir='ltr' id='par_1_10' title="bbox 670 4247 2733 4938">
     <span class='ocr_line' id='line_1_42' title="bbox 738 4247 2673 4314; baseline -0.002 -10"><span class='ocrx_word' id='word_1_737' title='bbox 738 4275 774 4290; x_wconf 89' lang='lat'>-··</span> <span class='ocrx_word' id='word_1_738' title='bbox 791 4247 957 4314; x_wconf 85' lang='lat' dir='ltr'>Cognoscere</span> <span class='ocrx_word' id='word_1_739' title='bbox 984 4255 1023 4304; x_wconf 86' lang='lat' dir='ltr'>est</span> <span class='ocrx_word' id='word_1_740' title='bbox 1050 4249 1091 4302; x_wconf 90' lang='lat' dir='ltr'>vot</span> <span class='ocrx_word' id='word_1_741' title='bbox 1121 4247 1263 4314; x_wconf 87' lang='lat' dir='ltr'>semiplene</span> <span class='ocrx_word' id='word_1_742' title='bbox 1280 4247 1325 4302; x_wconf 86' lang='lat' dir='ltr'>vet</span> <span class='ocrx_word' id='word_1_743' title='bbox 1361 4255 1433 4302; x_wconf 90' lang='lat' dir='ltr'>ctum</span> <span class='ocrx_word' id='word_1_744' title='bbox 1451 4247 1629 4314; x_wconf 86' lang='lat' dir='ltr'>perversitatis</span> <span class='ocrx_word' id='word_1_745' title='bbox 1646 4247 1747 4300; x_wconf 91' lang='lat' dir='ltr'>alienae</span> <span class='ocrx_word' id='word_1_746' title='bbox 1763 4247 1794 4298; x_wconf 92' lang='grc'>24</span> <span class='ocrx_word' id='word_1_747' title='bbox 1816 4261 1842 4314; x_wconf 92' lang='lat' dir='ltr'>q.</span> <span class='ocrx_word' id='word_1_748' title='bbox 2036 4247 2134 4300; x_wconf 90' lang='grc'>462-</span> <span class='ocrx_word' id='word_1_749' title='bbox 2148 4247 2267 4302; x_wconf 86' lang='grc'>4444404443</span> <span class='ocrx_word' id='word_1_750' title='bbox 2287 4247 2441 4314; x_wconf 90' lang='lat' dir='ltr'>cognitionis</span> <span class='ocrx_word' id='word_1_751' title='bbox 2459 4247 2673 4314; x_wconf 80' lang='lat' dir='ltr'>plangendusvl</span> 
     </span>
     <span class='ocr_line' id='line_1_43' title="bbox 670 4333 2139 4406; baseline -0.001 -16"><span class='ocrx_word' id='word_1_752' title='bbox 670 4337 806 4404; x_wconf 81' lang='lat' dir='ltr'>perlecto</span> <span class='ocrx_word' id='word_1_753' title='bbox 827 4337 860 4392; x_wconf 81' lang='lat' dir='ltr'>Vt</span> <span class='ocrx_word' id='word_1_754' title='bbox 890 4335 925 4390; x_wconf 90' lang='grc'>46</span> <span class='ocrx_word' id='word_1_755' title='bbox 949 4351 976 4406; x_wconf 91' lang='lat' dir='ltr'>q.</span> <span class='ocrx_word' id='word_1_756' title='bbox 1005 4341 1075 4392; x_wconf 77' lang='grc'>4·-</span> <span class='ocrx_word' id='word_1_757' title='bbox 1091 4337 1208 4392; x_wconf 78' lang='grc'>24444044</span> <span class='ocrx_word' id='word_1_758' title='bbox 1229 4349 1352 4402; x_wconf 61' lang='lat' dir='ltr'>cogno·v</span> <span class='ocrx_word' id='word_1_759' title='bbox 1413 4365 1449 4378; x_wconf 88' lang='lat'>--</span> <span class='ocrx_word' id='word_1_760' title='bbox 1466 4337 1559 4390; x_wconf 81' lang='lat' dir='ltr'>divina</span> <span class='ocrx_word' id='word_1_761' title='bbox 1575 4333 1671 4390; x_wconf 91' lang='lat' dir='ltr'>dicitur</span> <span class='ocrx_word' id='word_1_762' title='bbox 1688 4335 1755 4390; x_wconf 85' lang='lat' dir='ltr'>liber</span> <span class='ocrx_word' id='word_1_763' title='bbox 1771 4337 1816 4388; x_wconf 88' lang='lat' dir='ltr'>Vtt</span> <span class='ocrx_word' id='word_1_764' title='bbox 1839 4335 1945 4398; x_wconf 84' lang='grc'>26365</span> <span class='ocrx_word' id='word_1_765' title='bbox 1961 4361 1998 4376; x_wconf 87' lang='lat'>-</span> <span class='ocrx_word' id='word_1_766' title='bbox 2028 4337 2082 4390; x_wconf 86' lang='grc'>274</span> <span class='ocrx_word' id='word_1_767' title='bbox 2108 4337 2139 4388; x_wconf 90' lang='grc'>43</span> 
     </span>
     <span class='ocr_line' id='line_1_44' title="bbox 671 4417 2733 4494; baseline -0.001 -12"><span class='ocrx_word' id='word_1_768' title='bbox 671 4417 759 4482; x_wconf 82' lang='grc'>’30440</span> <span class='ocrx_word' id='word_1_769' title='bbox 770 4435 811 4482; x_wconf 87' lang='grc'>434</span> <span class='ocrx_word' id='word_1_770' title='bbox 823 4441 982 4494; x_wconf 85' lang='lat' dir='ltr'>cognoscere</span> <span class='ocrx_word' id='word_1_771' title='bbox 995 4425 1175 4490; x_wconf 88' lang='lat' dir='ltr'>substantiam,</span> <span class='ocrx_word' id='word_1_772' title='bbox 1191 4427 1325 4490; x_wconf 84' lang='grc'>4444444444,</span> <span class='ocrx_word' id='word_1_773' title='bbox 1361 4425 1486 4494; x_wconf 85' lang='lat' dir='ltr'>simplicis</span> <span class='ocrx_word' id='word_1_774' title='bbox 1507 4425 1613 4478; x_wconf 87' lang='lat' dir='ltr'>notitiae</span> <span class='ocrx_word' id='word_1_775' title='bbox 1639 4425 1735 4478; x_wconf 89' lang='lat' dir='ltr'>dicitur</span> <span class='ocrx_word' id='word_1_776' title='bbox 1761 4421 1825 4478; x_wconf 90' lang='lat' dir='ltr'>tiber</span> <span class='ocrx_word' id='word_1_777' title='bbox 1847 4421 1998 4490; x_wconf 90' lang='lat' dir='ltr'>simpliciter</span> <span class='ocrx_word' id='word_1_778' title='bbox 2087 4439 2192 4478; x_wconf 89' lang='lat' dir='ltr'>-non</span> <span class='ocrx_word' id='word_1_779' title='bbox 2210 4423 2573 4494; x_wconf 81' lang='lat' dir='ltr'>excusatpeecatum‚imrno</span> <span class='ocrx_word' id='word_1_780' title='bbox 2588 4425 2673 4490; x_wconf 88' lang='lat' dir='ltr'>magis</span> <span class='ocrx_word' id='word_1_781' title='bbox 2730 4475 2733 4482; x_wconf 84' lang='grc'>,</span> 
     </span>
     <span class='ocr_line' id='line_1_45' title="bbox 685 4511 2349 4582; baseline -0.001 -12"><span class='ocrx_word' id='word_1_782' title='bbox 685 4515 862 4582; x_wconf 88' lang='lat' dir='ltr'>operationem</span> <span class='ocrx_word' id='word_1_783' title='bbox 882 4523 906 4572; x_wconf 90' lang='lat' dir='ltr'>et</span> <span class='ocrx_word' id='word_1_784' title='bbox 926 4531 1032 4580; x_wconf 87' lang='grc'>044343,</span> <span class='ocrx_word' id='word_1_785' title='bbox 1052 4521 1077 4570; x_wconf 88' lang='grc'>44</span> <span class='ocrx_word' id='word_1_786' title='bbox 1094 4517 1209 4570; x_wconf 89' lang='lat' dir='ltr'>rationes</span> <span class='ocrx_word' id='word_1_787' title='bbox 1228 4519 1323 4570; x_wconf 91' lang='lat' dir='ltr'>borum</span> <span class='ocrx_word' id='word_1_788' title='bbox 1361 4513 1422 4570; x_wconf 82' lang='lat' dir='ltr'>idid.</span> <span class='ocrx_word' id='word_1_789' title='bbox 1435 4543 1469 4554; x_wconf 90' lang='lat'>·—</span> <span class='ocrx_word' id='word_1_790' title='bbox 1489 4513 1602 4580; x_wconf 87' lang='lat' dir='ltr'>cognitio</span> <span class='ocrx_word' id='word_1_791' title='bbox 1616 4513 1813 4580; x_wconf 90' lang='lat' dir='ltr'>approbationis</span> <span class='ocrx_word' id='word_1_792' title='bbox 1824 4513 1922 4566; x_wconf 90' lang='lat' dir='ltr'>dicitur</span> <span class='ocrx_word' id='word_1_793' title='bbox 1933 4511 1998 4566; x_wconf 89' lang='lat' dir='ltr'>libor</span> <span class='ocrx_word' id='word_1_794' title='bbox 2035 4519 2164 4580; x_wconf 83' lang='lat' dir='ltr'>aggravat</span> <span class='ocrx_word' id='word_1_795' title='bbox 2180 4513 2214 4568; x_wconf 80' lang='lat' dir='ltr'>ut</span> <span class='ocrx_word' id='word_1_796' title='bbox 2234 4513 2265 4568; x_wconf 92' lang='grc'>46</span> <span class='ocrx_word' id='word_1_797' title='bbox 2284 4529 2312 4582; x_wconf 88' lang='lat' dir='ltr'>q.</span> <span class='ocrx_word' id='word_1_798' title='bbox 2331 4515 2349 4568; x_wconf 95' lang='grc'>4</span> 
     </span>
     <span class='ocr_line' id='line_1_46' title="bbox 684 4601 2673 4672; baseline -0.002 -14"><span class='ocrx_word' id='word_1_799' title='bbox 684 4601 747 4658; x_wconf 85' lang='lat' dir='ltr'>ibid.</span> <span class='ocrx_word' id='word_1_800' title='bbox 764 4635 800 4646; x_wconf 89' lang='lat'>—-</span> <span class='ocrx_word' id='word_1_801' title='bbox 819 4607 966 4672; x_wconf 83' lang='lat' dir='ltr'>semiplene</span> <span class='ocrx_word' id='word_1_802' title='bbox 984 4613 1145 4670; x_wconf 84' lang='lat' dir='ltr'>cognoscere</span> <span class='ocrx_word' id='word_1_803' title='bbox 1169 4608 1208 4658; x_wconf 89' lang='lat' dir='ltr'>est</span> <span class='ocrx_word' id='word_1_804' title='bbox 1226 4619 1324 4670; x_wconf 87' lang='lat' dir='ltr'>cogno·</span> <span class='ocrx_word' id='word_1_805' title='bbox 1354 4605 1431 4658; x_wconf 79' lang='lat' dir='ltr'>ritae</span> <span class='ocrx_word' id='word_1_806' title='bbox 1447 4601 1514 4658; x_wconf 79' lang='grc'>44444.</span> <span class='ocrx_word' id='word_1_807' title='bbox 1580 4631 1581 4634; x_wconf 79' lang='lat'>¹</span> <span class='ocrx_word' id='word_1_808' title='bbox 1810 4647 1812 4650; x_wconf 92' lang='lat'>.</span> <span class='ocrx_word' id='word_1_809' title='bbox 2087 4601 2185 4658; x_wconf 85' lang='lat' dir='ltr'>Connus</span> <span class='ocrx_word' id='word_1_810' title='bbox 2201 4601 2385 4670; x_wconf 88' lang='lat' dir='ltr'>-gentitium</span> <span class='ocrx_word' id='word_1_811' title='bbox 2401 4601 2673 4668; x_wconf 88' lang='lat' dir='ltr'>adcompratreuden-</span> 
     </span>
     <span class='ocr_line' id='line_1_47' title="bbox 685 4691 2673 4760; baseline -0.003 -12"><span class='ocrx_word' id='word_1_812' title='bbox 685 4697 915 4750; x_wconf 65' lang='lat' dir='ltr'>manaucandum</span> <span class='ocrx_word' id='word_1_813' title='bbox 930 4693 1324 4760; x_wconf 80' lang='lat' dir='ltr'>acernentraverauquamope</span> <span class='ocrx_word' id='word_1_814' title='bbox 1415 4719 1449 4732; x_wconf 86' lang='lat'>·-</span> <span class='ocrx_word' id='word_1_815' title='bbox 1466 4693 1495 4746; x_wconf 92' lang='grc'>44</span> <span class='ocrx_word' id='word_1_816' title='bbox 1512 4691 1662 4760; x_wconf 83' lang='lat' dir='ltr'>cognitione</span> <span class='ocrx_word' id='word_1_817' title='bbox 1675 4691 1727 4746; x_wconf 90' lang='grc'>4444</span> <span class='ocrx_word' id='word_1_818' title='bbox 1745 4691 1780 4746; x_wconf 91' lang='lat' dir='ltr'>ad</span> <span class='ocrx_word' id='word_1_819' title='bbox 1799 4691 1889 4744; x_wconf 88' lang='lat' dir='ltr'>taciem</span> <span class='ocrx_word' id='word_1_820' title='bbox 1913 4703 1998 4744; x_wconf 86' lang='lat' dir='ltr'>neces</span> <span class='ocrx_word' id='word_1_821' title='bbox 2036 4691 2100 4744; x_wconf 92' lang='lat' dir='ltr'>dum</span> <span class='ocrx_word' id='word_1_822' title='bbox 2126 4691 2256 4744; x_wconf 87' lang='lat' dir='ltr'>Christum</span> <span class='ocrx_word' id='word_1_823' title='bbox 2288 4691 2318 4746; x_wconf 89' lang='lat' dir='ltr'>Vt</span> <span class='ocrx_word' id='word_1_824' title='bbox 2349 4691 2400 4744; x_wconf 85' lang='grc'>443</span> <span class='ocrx_word' id='word_1_825' title='bbox 2429 4691 2454 4742; x_wconf 92' lang='grc'>4.</span> <span class='ocrx_word' id='word_1_826' title='bbox 2474 4691 2525 4744; x_wconf 87' lang='grc'>479</span> <span class='ocrx_word' id='word_1_827' title='bbox 2545 4691 2559 4742; x_wconf 89' lang='grc'>9</span> <span class='ocrx_word' id='word_1_828' title='bbox 2578 4695 2673 4742; x_wconf 90' lang='lat' dir='ltr'>-est</span> 
     </span>
     <span class='ocr_line' id='line_1_48' title="bbox 683 4779 2672 4854; baseline -0.002 -18"><span class='ocrx_word' id='word_1_829' title='bbox 683 4781 812 4838; x_wconf 85' lang='lat' dir='ltr'>rationem</span> <span class='ocrx_word' id='word_1_830' title='bbox 824 4781 887 4838; x_wconf 84' lang='grc'>44444.</span> <span class='ocrx_word' id='word_1_831' title='bbox 898 4813 936 4822; x_wconf 79' lang='grc'>-</span> <span class='ocrx_word' id='word_1_832' title='bbox 947 4785 1157 4850; x_wconf 75' lang='lat' dir='ltr'>imperfecta-est</span> <span class='ocrx_word' id='word_1_833' title='bbox 1175 4783 1324 4838; x_wconf 90' lang='lat' dir='ltr'>communis</span> <span class='ocrx_word' id='word_1_834' title='bbox 1361 4781 1431 4836; x_wconf 87' lang='lat' dir='ltr'>sario</span> <span class='ocrx_word' id='word_1_835' title='bbox 1450 4781 1601 4846; x_wconf 80' lang='lat' dir='ltr'>intelligitur</span> <span class='ocrx_word' id='word_1_836' title='bbox 1619 4781 1722 4834; x_wconf 91' lang='lat' dir='ltr'>dilectio</span> <span class='ocrx_word' id='word_1_837' title='bbox 1736 4781 1767 4834; x_wconf 89' lang='lat' dir='ltr'>Vl</span> <span class='ocrx_word' id='word_1_838' title='bbox 1783 4779 1832 4834; x_wconf 90' lang='grc'>469</span> <span class='ocrx_word' id='word_1_839' title='bbox 1848 4781 1875 4832; x_wconf 89' lang='grc'>44</span> <span class='ocrx_word' id='word_1_840' title='bbox 1892 4811 1929 4820; x_wconf 90' lang='grc'>-</span> <span class='ocrx_word' id='word_1_841' title='bbox 1940 4793 1998 4846; x_wconf 89' lang='lat' dir='ltr'>spe·</span> <span class='ocrx_word' id='word_1_842' title='bbox 2036 4781 2174 4834; x_wconf 91' lang='lat' dir='ltr'>multitudo</span> <span class='ocrx_word' id='word_1_843' title='bbox 2196 4779 2318 4854; x_wconf 24' lang='lat' dir='ltr'>militum!</span> <span class='ocrx_word' id='word_1_844' title='bbox 2338 4781 2364 4832; x_wconf 91' lang='lat' dir='ltr'>in</span> <span class='ocrx_word' id='word_1_845' title='bbox 2391 4779 2514 4834; x_wconf 90' lang='lat' dir='ltr'>societate</span> <span class='ocrx_word' id='word_1_846' title='bbox 2533 4779 2672 4832; x_wconf 89' lang='lat' dir='ltr'>constituta</span> 
     </span>
     <span class='ocr_line' id='line_1_49' title="bbox 683 4865 2333 4938; baseline -0.001 -16"><span class='ocrx_word' id='word_1_847' title='bbox 683 4869 762 4938; x_wconf 85' lang='lat' dir='ltr'>nobis</span> <span class='ocrx_word' id='word_1_848' title='bbox 779 4879 806 4926; x_wconf 93' lang='lat' dir='ltr'>et</span> <span class='ocrx_word' id='word_1_849' title='bbox 824 4871 906 4928; x_wconf 86' lang='lat' dir='ltr'>brutis</span> <span class='ocrx_word' id='word_1_850' title='bbox 927 4871 990 4928; x_wconf 84' lang='grc'>44444.</span> <span class='ocrx_word' id='word_1_851' title='bbox 1010 4871 1038 4924; x_wconf 85' lang='grc'>4*</span> <span class='ocrx_word' id='word_1_852' title='bbox 1119 4897 1120 4900; x_wconf 79' lang='lat'>¹</span> <span class='ocrx_word' id='word_1_853' title='bbox 1360 4871 1497 4924; x_wconf 91' lang='lat' dir='ltr'>culationis</span> <span class='ocrx_word' id='word_1_854' title='bbox 1514 4869 1665 4924; x_wconf 87' lang='lat' dir='ltr'>attribuitur</span> <span class='ocrx_word' id='word_1_855' title='bbox 1682 4865 1757 4936; x_wconf 87' lang='lat' dir='ltr'>Filio,</span> <span class='ocrx_word' id='word_1_856' title='bbox 1782 4869 1954 4936; x_wconf 83' lang='lat' dir='ltr'>experientiae</span> <span class='ocrx_word' id='word_1_857' title='bbox 1974 4873 1998 4922; x_wconf 91' lang='lat' dir='ltr'>et</span> <span class='ocrx_word' id='word_1_858' title='bbox 2036 4865 2085 4922; x_wconf 92' lang='lat' dir='ltr'>sub</span> <span class='ocrx_word' id='word_1_859' title='bbox 2105 4865 2210 4922; x_wconf 88' lang='lat' dir='ltr'>tribuno</span> <span class='ocrx_word' id='word_1_860' title='bbox 2230 4867 2280 4922; x_wconf 84' lang='lat' dir='ltr'>teo</span> <span class='ocrx_word' id='word_1_861' title='bbox 2298 4869 2333 4922; x_wconf 91' lang='grc'>26</span> 
     </span>
    </p>

    <p class='ocr_par' dir='ltr' id='par_1_11' title="bbox 663 4955 2736 6274">
     <span class='ocr_line' id='line_1_50' title="bbox 736 4955 2672 5028; baseline -0.005 -12"><span class='ocrx_word' id='word_1_862' title='bbox 736 4987 771 5002; x_wconf 88' lang='grc'><strong>-</strong></span> <span class='ocrx_word' id='word_1_863' title='bbox 790 4961 917 5028; x_wconf 89' lang='lat' dir='ltr'>supponit</span> <span class='ocrx_word' id='word_1_864' title='bbox 942 4961 1075 5014; x_wconf 81' lang='lat' dir='ltr'>vitamvl</span> <span class='ocrx_word' id='word_1_865' title='bbox 1093 4959 1129 5014; x_wconf 87' lang='grc'>74</span> <span class='ocrx_word' id='word_1_866' title='bbox 1146 4975 1176 5012; x_wconf 83' lang='grc'>4.</span> <span class='ocrx_word' id='word_1_867' title='bbox 1194 4961 1209 5014; x_wconf 90' lang='grc'>5</span> <span class='ocrx_word' id='word_1_868' title='bbox 1229 4991 1264 5002; x_wconf 92' lang='grc'>-</span> <span class='ocrx_word' id='word_1_869' title='bbox 1283 4961 1323 5014; x_wconf 85' lang='lat' dir='ltr'>Ad</span> <span class='ocrx_word' id='word_1_870' title='bbox 1362 4961 1509 5014; x_wconf 86' lang='lat' dir='ltr'>devotionis</span> <span class='ocrx_word' id='word_1_871' title='bbox 1527 4959 1643 5012; x_wconf 90' lang='lat' dir='ltr'>unctioni</span> <span class='ocrx_word' id='word_1_872' title='bbox 1662 4959 1774 5024; x_wconf 83' lang='lat' dir='ltr'>Spiritus</span> <span class='ocrx_word' id='word_1_873' title='bbox 1793 4957 1875 5012; x_wconf 87' lang='grc'>344044</span> <span class='ocrx_word' id='word_1_874' title='bbox 1892 4955 1943 5010; x_wconf 81' lang='lat' dir='ltr'>itio</span> <span class='ocrx_word' id='word_1_875' title='bbox 1964 4955 1998 5010; x_wconf 90' lang='grc'>25</span> <span class='ocrx_word' id='word_1_876' title='bbox 2087 4955 2185 5012; x_wconf 82' lang='lat' dir='ltr'>Conana</span> <span class='ocrx_word' id='word_1_877' title='bbox 2202 4985 2239 4994; x_wconf 82' lang='lat'><em>-</em></span> <span class='ocrx_word' id='word_1_878' title='bbox 2256 4955 2339 5010; x_wconf 91' lang='lat' dir='ltr'>Otiosi</span> <span class='ocrx_word' id='word_1_879' title='bbox 2357 4955 2448 5008; x_wconf 93' lang='lat' dir='ltr'>nolunt</span> <span class='ocrx_word' id='word_1_880' title='bbox 2476 4969 2557 5008; x_wconf 92' lang='lat' dir='ltr'>unum</span> <span class='ocrx_word' id='word_1_881' title='bbox 2577 4967 2672 5006; x_wconf 85' lang='lat' dir='ltr'>uerum</span> 
     </span>
     <span class='ocr_line' id='line_1_51' title="bbox 668 5037 2589 5120; baseline -0.004 -18"><span class='ocrx_word' id='word_1_882' title='bbox 668 5051 858 5114; x_wconf 78' lang='lat' dir='ltr'>cognitionem</span> <span class='ocrx_word' id='word_1_883' title='bbox 878 5051 1019 5120; x_wconf 83' lang='lat' dir='ltr'>requiritur</span> <span class='ocrx_word' id='word_1_884' title='bbox 1043 5051 1175 5116; x_wconf 87' lang='lat' dir='ltr'>quaedam</span> <span class='ocrx_word' id='word_1_885' title='bbox 1199 5049 1324 5102; x_wconf 86' lang='lat' dir='ltr'>stabilitas</span> <span class='ocrx_word' id='word_1_886' title='bbox 1357 5037 1359 5042; x_wconf 64' lang='grc'>’</span> <span class='ocrx_word' id='word_1_887' title='bbox 1416 5073 1449 5088; x_wconf 84' lang='lat'>-·</span> <span class='ocrx_word' id='word_1_888' title='bbox 1467 5050 1539 5102; x_wconf 90' lang='lat' dir='ltr'>Deus</span> <span class='ocrx_word' id='word_1_889' title='bbox 1556 5061 1634 5100; x_wconf 88' lang='lat' dir='ltr'>sensu</span> <span class='ocrx_word' id='word_1_890' title='bbox 1654 5045 1779 5112; x_wconf 84' lang='lat' dir='ltr'>cognosci</span> <span class='ocrx_word' id='word_1_891' title='bbox 1798 5059 1851 5098; x_wconf 91' lang='lat' dir='ltr'>non</span> <span class='ocrx_word' id='word_1_892' title='bbox 1866 5045 1996 5110; x_wconf 82' lang='lat' dir='ltr'>potestllt</span> <span class='ocrx_word' id='word_1_893' title='bbox 2035 5045 2117 5096; x_wconf 88' lang='lat' dir='ltr'>Deum</span> <span class='ocrx_word' id='word_1_894' title='bbox 2137 5037 2218 5108; x_wconf 87' lang='lat' dir='ltr'>digno</span> <span class='ocrx_word' id='word_1_895' title='bbox 2236 5045 2321 5096; x_wconf 92' lang='lat' dir='ltr'>colere</span> <span class='ocrx_word' id='word_1_896' title='bbox 2342 5045 2373 5096; x_wconf 89' lang='lat' dir='ltr'>Vl</span> <span class='ocrx_word' id='word_1_897' title='bbox 2395 5043 2443 5096; x_wconf 85' lang='grc'>493</span> <span class='ocrx_word' id='word_1_898' title='bbox 2465 5057 2489 5096; x_wconf 89' lang='lat' dir='ltr'>r.</span> <span class='ocrx_word' id='word_1_899' title='bbox 2510 5043 2544 5096; x_wconf 91' lang='grc'>44</span> <span class='ocrx_word' id='word_1_900' title='bbox 2588 5103 2589 5106; x_wconf 10' lang='lat'>¹</span> 
     </span>
     <span class='ocr_line' id='line_1_52' title="bbox 684 5127 2672 5208; baseline -0.003 -18"><span class='ocrx_word' id='word_1_901' title='bbox 684 5139 708 5192; x_wconf 94' lang='lat' dir='ltr'>in</span> <span class='ocrx_word' id='word_1_902' title='bbox 726 5137 809 5192; x_wconf 88' lang='lat' dir='ltr'>rebus</span> <span class='ocrx_word' id='word_1_903' title='bbox 827 5139 861 5192; x_wconf 88' lang='grc'>54</span> <span class='ocrx_word' id='word_1_904' title='bbox 880 5153 905 5208; x_wconf 89' lang='lat' dir='ltr'>q.</span> <span class='ocrx_word' id='word_1_905' title='bbox 927 5141 998 5192; x_wconf 84' lang='lat'>3·-·</span> <span class='ocrx_word' id='word_1_906' title='bbox 1014 5145 1056 5192; x_wconf 89' lang='lat' dir='ltr'>cst</span> <span class='ocrx_word' id='word_1_907' title='bbox 1073 5141 1116 5190; x_wconf 83' lang='lat' dir='ltr'>rel</span> <span class='ocrx_word' id='word_1_908' title='bbox 1134 5141 1184 5204; x_wconf 83' lang='lat' dir='ltr'>p&#39;er</span> <span class='ocrx_word' id='word_1_909' title='bbox 1198 5137 1324 5190; x_wconf 82' lang='grc'>44444440</span> <span class='ocrx_word' id='word_1_910' title='bbox 1363 5137 1413 5190; x_wconf 88' lang='grc'>492</span> <span class='ocrx_word' id='word_1_911' title='bbox 1432 5151 1458 5190; x_wconf 82' lang='lat' dir='ltr'>r.</span> <span class='ocrx_word' id='word_1_912' title='bbox 1480 5137 1491 5186; x_wconf 92' lang='grc'>4</span> <span class='ocrx_word' id='word_1_913' title='bbox 1512 5165 1549 5176; x_wconf 91' lang='grc'>-</span> <span class='ocrx_word' id='word_1_914' title='bbox 1566 5135 1636 5186; x_wconf 89' lang='grc'>44443</span> <span class='ocrx_word' id='word_1_915' title='bbox 1654 5149 1686 5186; x_wconf 88' lang='lat' dir='ltr'>ex</span> <span class='ocrx_word' id='word_1_916' title='bbox 1703 5133 1830 5186; x_wconf 88' lang='lat' dir='ltr'>creaturis</span> <span class='ocrx_word' id='word_1_917' title='bbox 1859 5133 1933 5186; x_wconf 88' lang='lat' dir='ltr'>tacite</span> <span class='ocrx_word' id='word_1_918' title='bbox 1957 5145 1998 5186; x_wconf 87' lang='lat' dir='ltr'>co·</span> <span class='ocrx_word' id='word_1_919' title='bbox 2069 5131 2239 5186; x_wconf 79' lang='grc'>6044044440</span> <span class='ocrx_word' id='word_1_920' title='bbox 2257 5159 2293 5168; x_wconf 92' lang='lat'><em>-</em></span> <span class='ocrx_word' id='word_1_921' title='bbox 2310 5137 2351 5184; x_wconf 87' lang='lat' dir='ltr'>est</span> <span class='ocrx_word' id='word_1_922' title='bbox 2367 5127 2514 5198; x_wconf 82' lang='lat' dir='ltr'>laudabitis,</span> <span class='ocrx_word' id='word_1_923' title='bbox 2536 5131 2556 5184; x_wconf 91' lang='grc'>34</span> <span class='ocrx_word' id='word_1_924' title='bbox 2575 5137 2613 5186; x_wconf 87' lang='grc'>034</span> <span class='ocrx_word' id='word_1_925' title='bbox 2639 5131 2672 5186; x_wconf 88' lang='lat' dir='ltr'>de</span> 
     </span>
     <span class='ocr_line' id='line_1_53' title="bbox 685 5209 2488 5292; baseline -0.004 -14"><span class='ocrx_word' id='word_1_926' title='bbox 685 5230 813 5281; x_wconf 80' lang='lat' dir='ltr'>nemrot</span> <span class='ocrx_word' id='word_1_927' title='bbox 830 5241 879 5292; x_wconf 89' lang='lat' dir='ltr'>per</span> <span class='ocrx_word' id='word_1_928' title='bbox 895 5227 1044 5280; x_wconf 88' lang='lat' dir='ltr'>doctrinam</span> <span class='ocrx_word' id='word_1_929' title='bbox 1065 5225 1097 5278; x_wconf 93' lang='grc'>46</span> <span class='ocrx_word' id='word_1_930' title='bbox 1118 5241 1143 5292; x_wconf 92' lang='lat' dir='ltr'>q.</span> <span class='ocrx_word' id='word_1_931' title='bbox 1163 5227 1179 5276; x_wconf 92' lang='grc'>2</span> <span class='ocrx_word' id='word_1_932' title='bbox 1197 5247 1233 5264; x_wconf 58' lang='grc' dir='ltr'>-ι-</span> <span class='ocrx_word' id='word_1_933' title='bbox 1251 5225 1325 5276; x_wconf 80' lang='lat' dir='ltr'>Prae</span> <span class='ocrx_word' id='word_1_934' title='bbox 1361 5223 1454 5290; x_wconf 88' lang='lat' dir='ltr'>gnosoi</span> <span class='ocrx_word' id='word_1_935' title='bbox 1481 5227 1565 5288; x_wconf 90' lang='lat' dir='ltr'>potest</span> <span class='ocrx_word' id='word_1_936' title='bbox 1589 5209 1655 5274; x_wconf 77' lang='grc'>44444.</span> <span class='ocrx_word' id='word_1_937' title='bbox 1683 5249 1716 5258; x_wconf 93' lang='grc'>-</span> <span class='ocrx_word' id='word_1_938' title='bbox 1744 5219 1851 5272; x_wconf 88' lang='lat' dir='ltr'>Creator</span> <span class='ocrx_word' id='word_1_939' title='bbox 1873 5219 1997 5284; x_wconf 87' lang='lat' dir='ltr'>cognosci</span> <span class='ocrx_word' id='word_1_940' title='bbox 2035 5217 2104 5272; x_wconf 90' lang='lat' dir='ltr'>bona</span> <span class='ocrx_word' id='word_1_941' title='bbox 2122 5217 2230 5270; x_wconf 88' lang='lat' dir='ltr'>materia</span> <span class='ocrx_word' id='word_1_942' title='bbox 2248 5217 2294 5272; x_wconf 81' lang='lat' dir='ltr'>vu</span> <span class='ocrx_word' id='word_1_943' title='bbox 2312 5219 2364 5270; x_wconf 89' lang='grc'>592</span> <span class='ocrx_word' id='word_1_944' title='bbox 2384 5219 2417 5272; x_wconf 92' lang='grc'>49</span> <span class='ocrx_word' id='word_1_945' title='bbox 2487 5219 2488 5224; x_wconf 77' lang='grc'>’</span> 
     </span>
     <span class='ocr_line' id='line_1_54' title="bbox 685 5303 2673 5378; baseline -0.003 -12"><span class='ocrx_word' id='word_1_946' title='bbox 685 5315 781 5368; x_wconf 92' lang='lat' dir='ltr'>cettunt</span> <span class='ocrx_word' id='word_1_947' title='bbox 801 5315 826 5368; x_wconf 90' lang='grc'>44</span> <span class='ocrx_word' id='word_1_948' title='bbox 843 5323 904 5366; x_wconf 88' lang='lat' dir='ltr'>ectu</span> <span class='ocrx_word' id='word_1_949' title='bbox 934 5313 1089 5378; x_wconf 84' lang='lat' dir='ltr'>cognitionis</span> <span class='ocrx_word' id='word_1_950' title='bbox 1116 5311 1238 5366; x_wconf 77' lang='lat' dir='ltr'>viventes</span> <span class='ocrx_word' id='word_1_951' title='bbox 1253 5321 1324 5362; x_wconf 89' lang='lat' dir='ltr'>mor·</span> <span class='ocrx_word' id='word_1_952' title='bbox 1361 5313 1446 5376; x_wconf 90' lang='lat' dir='ltr'>potest</span> <span class='ocrx_word' id='word_1_953' title='bbox 1464 5323 1512 5378; x_wconf 75' lang='lat' dir='ltr'>por</span> <span class='ocrx_word' id='word_1_954' title='bbox 1538 5313 1717 5361; x_wconf 87' lang='lat' dir='ltr'>creaturarum</span> <span class='ocrx_word' id='word_1_955' title='bbox 1745 5305 1947 5372; x_wconf 85' lang='lat' dir='ltr'>pulcritudinem</span> <span class='ocrx_word' id='word_1_956' title='bbox 1973 5311 1998 5360; x_wconf 90' lang='lat' dir='ltr'>et</span> <span class='ocrx_word' id='word_1_957' title='bbox 2088 5305 2178 5360; x_wconf 83' lang='grc'>604044</span> <span class='ocrx_word' id='word_1_958' title='bbox 2195 5333 2232 5344; x_wconf 89' lang='grc'><strong>-</strong></span> <span class='ocrx_word' id='word_1_959' title='bbox 2249 5311 2311 5360; x_wconf 87' lang='lat' dir='ltr'>sunl</span> <span class='ocrx_word' id='word_1_960' title='bbox 2339 5303 2420 5360; x_wconf 90' lang='lat' dir='ltr'>duces</span> <span class='ocrx_word' id='word_1_961' title='bbox 2447 5315 2473 5362; x_wconf 93' lang='lat' dir='ltr'>et</span> <span class='ocrx_word' id='word_1_962' title='bbox 2490 5321 2613 5374; x_wconf 91' lang='lat' dir='ltr'>proceres</span> <span class='ocrx_word' id='word_1_963' title='bbox 2632 5321 2673 5376; x_wconf 81' lang='lat' dir='ltr'>sy·</span> 
     </span>
     <span class='ocr_line' id='line_1_55' title="bbox 663 5393 2671 5468; baseline -0.003 -12"><span class='ocrx_word' id='word_1_964' title='bbox 663 5453 664 5456; x_wconf 74' lang='grc'>,</span> <span class='ocrx_word' id='word_1_965' title='bbox 683 5407 744 5456; x_wconf 90' lang='grc'>4403</span> <span class='ocrx_word' id='word_1_966' title='bbox 761 5403 796 5456; x_wconf 85' lang='grc'>74</span> <span class='ocrx_word' id='word_1_967' title='bbox 815 5417 840 5456; x_wconf 86' lang='grc'>4.</span> <span class='ocrx_word' id='word_1_968' title='bbox 855 5403 919 5456; x_wconf 88' lang='grc'>5-</span> <span class='ocrx_word' id='word_1_969' title='bbox 931 5397 1080 5454; x_wconf 83' lang='lat' dir='ltr'>Substantia</span> <span class='ocrx_word' id='word_1_970' title='bbox 1100 5405 1198 5468; x_wconf 89' lang='lat' dir='ltr'>quanto</span> <span class='ocrx_word' id='word_1_971' title='bbox 1217 5397 1323 5450; x_wconf 90' lang='lat' dir='ltr'>liberior</span> <span class='ocrx_word' id='word_1_972' title='bbox 1361 5397 1485 5450; x_wconf 81' lang='lat' dir='ltr'>virtutem</span> <span class='ocrx_word' id='word_1_973' title='bbox 1505 5397 1556 5448; x_wconf 89' lang='grc'>493</span> <span class='ocrx_word' id='word_1_974' title='bbox 1573 5411 1602 5448; x_wconf 87' lang='lat' dir='ltr'>v.</span> <span class='ocrx_word' id='word_1_975' title='bbox 1622 5395 1763 5448; x_wconf 77' lang='lat' dir='ltr'>2-Dens</span> <span class='ocrx_word' id='word_1_976' title='bbox 1776 5395 1997 5462; x_wconf 70' lang='lat' dir='ltr'>potest&#39;cugnosci</span> <span class='ocrx_word' id='word_1_977' title='bbox 2036 5407 2156 5460; x_wconf 85' lang='lat' dir='ltr'>negogae</span> <span class='ocrx_word' id='word_1_978' title='bbox 2173 5393 2217 5448; x_wconf 88' lang='lat' dir='ltr'>vu</span> <span class='ocrx_word' id='word_1_979' title='bbox 2231 5393 2283 5450; x_wconf 85' lang='grc'>564</span> <span class='ocrx_word' id='word_1_980' title='bbox 2302 5395 2346 5450; x_wconf 91' lang='grc'>42.</span> <span class='ocrx_word' id='word_1_981' title='bbox 2364 5395 2519 5450; x_wconf 86' lang='grc'>56545-</span> <span class='ocrx_word' id='word_1_982' title='bbox 2537 5405 2598 5450; x_wconf 91' lang='lat' dir='ltr'>sunt</span> <span class='ocrx_word' id='word_1_983' title='bbox 2609 5411 2671 5462; x_wconf 91' lang='lat' dir='ltr'>ope·</span> 
     </span>
     <span class='ocr_line' id='line_1_56' title="bbox 683 5483 2673 5556; baseline -0.001 -14"><span class='ocrx_word' id='word_1_984' title='bbox 683 5503 836 5556; x_wconf 90' lang='lat' dir='ltr'>acorpore,</span> <span class='ocrx_word' id='word_1_985' title='bbox 857 5495 929 5542; x_wconf 89' lang='lat' dir='ltr'>tanto</span> <span class='ocrx_word' id='word_1_986' title='bbox 947 5488 1032 5552; x_wconf 89' lang='lat' dir='ltr'>magis</span> <span class='ocrx_word' id='word_1_987' title='bbox 1059 5485 1152 5540; x_wconf 87' lang='lat' dir='ltr'>idonea</span> <span class='ocrx_word' id='word_1_988' title='bbox 1182 5483 1323 5550; x_wconf 89' lang='lat' dir='ltr'>cognitioni</span> <span class='ocrx_word' id='word_1_989' title='bbox 1361 5497 1408 5550; x_wconf 89' lang='lat' dir='ltr'>par</span> <span class='ocrx_word' id='word_1_990' title='bbox 1427 5483 1566 5536; x_wconf 87' lang='lat' dir='ltr'>mundum</span> <span class='ocrx_word' id='word_1_991' title='bbox 1586 5487 1617 5536; x_wconf 87' lang='lat' dir='ltr'>ut</span> <span class='ocrx_word' id='word_1_992' title='bbox 1632 5497 1682 5548; x_wconf 90' lang='lat' dir='ltr'>per</span> <span class='ocrx_word' id='word_1_993' title='bbox 1698 5485 1819 5536; x_wconf 87' lang='lat' dir='ltr'>ellectum</span> <span class='ocrx_word' id='word_1_994' title='bbox 1840 5483 1890 5536; x_wconf 85' lang='grc'>252</span> <span class='ocrx_word' id='word_1_995' title='bbox 1912 5483 1944 5536; x_wconf 88' lang='grc'>25</span> <span class='ocrx_word' id='word_1_996' title='bbox 1964 5511 1997 5522; x_wconf 89' lang='lat'>-</span> <span class='ocrx_word' id='word_1_997' title='bbox 2035 5483 2112 5546; x_wconf 84' lang='lat' dir='ltr'>rarii,</span> <span class='ocrx_word' id='word_1_998' title='bbox 2129 5483 2175 5552; x_wconf 90' lang='lat' dir='ltr'>qui</span> <span class='ocrx_word' id='word_1_999' title='bbox 2194 5483 2230 5538; x_wconf 86' lang='lat' dir='ltr'>ad</span> <span class='ocrx_word' id='word_1_1000' title='bbox 2247 5485 2384 5540; x_wconf 88' lang='lat' dir='ltr'>colendam</span> <span class='ocrx_word' id='word_1_1001' title='bbox 2403 5485 2507 5540; x_wconf 84' lang='lat' dir='ltr'>vineam</span> <span class='ocrx_word' id='word_1_1002' title='bbox 2526 5487 2607 5540; x_wconf 82' lang='lat' dir='ltr'>rarus</span> <span class='ocrx_word' id='word_1_1003' title='bbox 2625 5489 2673 5540; x_wconf 88' lang='lat' dir='ltr'>bo·</span> 
     </span>
     <span class='ocr_line' id='line_1_57' title="bbox 683 5561 2722 5646; baseline 0 -16"><span class='ocrx_word' id='word_1_1004' title='bbox 683 5579 716 5630; x_wconf 89' lang='grc'>75</span> <span class='ocrx_word' id='word_1_1005' title='bbox 737 5593 762 5646; x_wconf 89' lang='lat' dir='ltr'>q.</span> <span class='ocrx_word' id='word_1_1006' title='bbox 784 5579 794 5630; x_wconf 94' lang='lat' dir='ltr'>t</span> <span class='ocrx_word' id='word_1_1007' title='bbox 818 5603 853 5618; x_wconf 86' lang='lat'><em>-</em></span> <span class='ocrx_word' id='word_1_1008' title='bbox 872 5575 964 5630; x_wconf 87' lang='grc'>4404444</span> <span class='ocrx_word' id='word_1_1009' title='bbox 983 5579 1047 5630; x_wconf 87' lang='grc'>3444</span> <span class='ocrx_word' id='word_1_1010' title='bbox 1064 5573 1149 5640; x_wconf 88' lang='lat' dir='ltr'>magis</span> <span class='ocrx_word' id='word_1_1011' title='bbox 1169 5573 1269 5640; x_wconf 90' lang='lat' dir='ltr'>aptiad</span> <span class='ocrx_word' id='word_1_1012' title='bbox 1283 5587 1324 5626; x_wconf 92' lang='lat' dir='ltr'>co·</span> <span class='ocrx_word' id='word_1_1013' title='bbox 1361 5573 1449 5640; x_wconf 88' lang='lat' dir='ltr'>Nullus</span> <span class='ocrx_word' id='word_1_1014' title='bbox 1468 5571 1604 5644; x_wconf 86' lang='lat' dir='ltr'>cognoscit</span> <span class='ocrx_word' id='word_1_1015' title='bbox 1621 5571 1704 5626; x_wconf 89' lang='lat' dir='ltr'>Deum</span> <span class='ocrx_word' id='word_1_1016' title='bbox 1731 5573 1878 5638; x_wconf 89' lang='lat' dir='ltr'>cognitione</span> <span class='ocrx_word' id='word_1_1017' title='bbox 1896 5573 1998 5646; x_wconf 77' lang='lat' dir='ltr'>certitu·</span> <span class='ocrx_word' id='word_1_1018' title='bbox 2035 5573 2070 5628; x_wconf 91' lang='lat' dir='ltr'>ris</span> <span class='ocrx_word' id='word_1_1019' title='bbox 2090 5573 2139 5626; x_wconf 92' lang='lat' dir='ltr'>diei</span> <span class='ocrx_word' id='word_1_1020' title='bbox 2159 5579 2220 5628; x_wconf 88' lang='lat' dir='ltr'>sunt</span> <span class='ocrx_word' id='word_1_1021' title='bbox 2236 5575 2359 5630; x_wconf 89' lang='lat' dir='ltr'>conducti</span> <span class='ocrx_word' id='word_1_1022' title='bbox 2377 5573 2413 5630; x_wconf 85' lang='grc'>44.</span> <span class='ocrx_word' id='word_1_1023' title='bbox 2432 5577 2523 5630; x_wconf 81' lang='grc'>42-</span> <span class='ocrx_word' id='word_1_1024' title='bbox 2539 5577 2564 5630; x_wconf 89' lang='grc'>40</span> <span class='ocrx_word' id='word_1_1025' title='bbox 2588 5577 2672 5630; x_wconf 84' lang='lat' dir='ltr'>Eccle-</span> <span class='ocrx_word' id='word_1_1026' title='bbox 2717 5561 2722 5630; x_wconf 69' lang='lat' dir='ltr'><em>s</em></span> 
     </span>
     <span class='ocr_line' id='line_1_58' title="bbox 683 5649 2672 5732; baseline 0.001 -14"><span class='ocrx_word' id='word_1_1027' title='bbox 683 5667 864 5732; x_wconf 85' lang='lat' dir='ltr'>gnoscendum</span> <span class='ocrx_word' id='word_1_1028' title='bbox 881 5661 943 5720; x_wconf 80' lang='lat' dir='ltr'>ibid.</span> <span class='ocrx_word' id='word_1_1029' title='bbox 1047 5687 1048 5690; x_wconf 79' lang='lat'>¹</span> <span class='ocrx_word' id='word_1_1030' title='bbox 1361 5661 1429 5716; x_wconf 91' lang='lat' dir='ltr'>dinis</span> <span class='ocrx_word' id='word_1_1031' title='bbox 1454 5669 1482 5716; x_wconf 89' lang='lat' dir='ltr'>et</span> <span class='ocrx_word' id='word_1_1032' title='bbox 1506 5649 1627 5716; x_wconf 82' lang='lat' dir='ltr'>claritatis</span> <span class='ocrx_word' id='word_1_1033' title='bbox 1655 5675 1702 5728; x_wconf 92' lang='lat' dir='ltr'>per</span> <span class='ocrx_word' id='word_1_1034' title='bbox 1734 5661 1864 5726; x_wconf 88' lang='lat' dir='ltr'>speciem,</span> <span class='ocrx_word' id='word_1_1035' title='bbox 1890 5663 1998 5716; x_wconf 89' lang='grc'>4434344</span> <span class='ocrx_word' id='word_1_1036' title='bbox 2036 5663 2071 5716; x_wconf 89' lang='grc'>344</span> <span class='ocrx_word' id='word_1_1037' title='bbox 2096 5669 2157 5716; x_wconf 88' lang='grc'>3444</span> <span class='ocrx_word' id='word_1_1038' title='bbox 2178 5663 2296 5732; x_wconf 86' lang='lat' dir='ltr'>episcopi</span> <span class='ocrx_word' id='word_1_1039' title='bbox 2324 5671 2350 5720; x_wconf 90' lang='lat' dir='ltr'>et</span> <span class='ocrx_word' id='word_1_1040' title='bbox 2375 5665 2527 5720; x_wconf 88' lang='lat' dir='ltr'>sacerdotes</span> <span class='ocrx_word' id='word_1_1041' title='bbox 2549 5663 2612 5720; x_wconf 86' lang='grc'>444444.</span> <span class='ocrx_word' id='word_1_1042' title='bbox 2636 5651 2672 5706; x_wconf 68' lang='lat'>.&#39;.</span> 
     </span>
     <span class='ocr_line' id='line_1_59' title="bbox 675 5747 2719 5820; baseline 0 -14"><span class='ocrx_word' id='word_1_1043' title='bbox 675 5773 676 5776; x_wconf 79' lang='lat'>¹</span> <span class='ocrx_word' id='word_1_1044' title='bbox 736 5777 769 5792; x_wconf 56' lang='lat'>⁶-</span> <span class='ocrx_word' id='word_1_1045' title='bbox 788 5753 918 5816; x_wconf 88' lang='grc'>444044403,</span> <span class='ocrx_word' id='word_1_1046' title='bbox 932 5767 980 5806; x_wconf 92' lang='grc'>403</span> <span class='ocrx_word' id='word_1_1047' title='bbox 992 5765 1151 5818; x_wconf 87' lang='lat' dir='ltr'>cognoscere</span> <span class='ocrx_word' id='word_1_1048' title='bbox 1165 5747 1279 5818; x_wconf 89' lang='lat' dir='ltr'>aliquem</span> <span class='ocrx_word' id='word_1_1049' title='bbox 1294 5765 1323 5806; x_wconf 82' lang='lat' dir='ltr'>er</span> <span class='ocrx_word' id='word_1_1050' title='bbox 1361 5755 1580 5818; x_wconf 81' lang='lat' dir='ltr'>comprehensor,</span> <span class='ocrx_word' id='word_1_1051' title='bbox 1601 5751 1748 5816; x_wconf 88' lang='lat' dir='ltr'>cognitione</span> <span class='ocrx_word' id='word_1_1052' title='bbox 1769 5751 1932 5806; x_wconf 89' lang='lat' dir='ltr'>certitudinis</span> <span class='ocrx_word' id='word_1_1053' title='bbox 1950 5765 1998 5818; x_wconf 89' lang='lat' dir='ltr'>por</span> <span class='ocrx_word' id='word_1_1054' title='bbox 2036 5753 2132 5808; x_wconf 88' lang='lat' dir='ltr'>debent</span> <span class='ocrx_word' id='word_1_1055' title='bbox 2153 5753 2242 5820; x_wconf 88' lang='lat' dir='ltr'>spinas</span> <span class='ocrx_word' id='word_1_1056' title='bbox 2269 5755 2421 5818; x_wconf 88' lang='lat' dir='ltr'>incendere,</span> <span class='ocrx_word' id='word_1_1057' title='bbox 2451 5753 2560 5808; x_wconf 88' lang='lat' dir='ltr'>tributos</span> <span class='ocrx_word' id='word_1_1058' title='bbox 2589 5753 2673 5808; x_wconf 89' lang='lat' dir='ltr'>eradi·</span> <span class='ocrx_word' id='word_1_1059' title='bbox 2718 5771 2719 5774; x_wconf 43' lang='lat'>¹</span> 
     </span>
     <span class='ocr_line' id='line_1_60' title="bbox 682 5839 2673 5912; baseline 0.002 -18"><span class='ocrx_word' id='word_1_1060' title='bbox 682 5841 742 5894; x_wconf 86' lang='lat' dir='ltr'>risu</span> <span class='ocrx_word' id='word_1_1061' title='bbox 770 5849 798 5894; x_wconf 90' lang='lat' dir='ltr'>et</span> <span class='ocrx_word' id='word_1_1062' title='bbox 816 5843 901 5906; x_wconf 87' lang='lat' dir='ltr'>magis</span> <span class='ocrx_word' id='word_1_1063' title='bbox 921 5855 950 5894; x_wconf 84' lang='lat' dir='ltr'>en</span> <span class='ocrx_word' id='word_1_1064' title='bbox 968 5841 1100 5908; x_wconf 90' lang='lat' dir='ltr'>colloquio</span> <span class='ocrx_word' id='word_1_1065' title='bbox 1118 5841 1274 5894; x_wconf 81' lang='grc'>4444444444</span> <span class='ocrx_word' id='word_1_1066' title='bbox 1294 5855 1323 5894; x_wconf 88' lang='grc'>44</span> <span class='ocrx_word' id='word_1_1067' title='bbox 1361 5841 1483 5906; x_wconf 88' lang='lat' dir='ltr'>aenigma</span> <span class='ocrx_word' id='word_1_1068' title='bbox 1501 5843 1587 5894; x_wconf 86' lang='grc'>4444443</span> <span class='ocrx_word' id='word_1_1069' title='bbox 1606 5841 1658 5894; x_wconf 90' lang='grc'>4434</span> <span class='ocrx_word' id='word_1_1070' title='bbox 1675 5841 1772 5908; x_wconf 80' lang='lat' dir='ltr'>idetis,</span> <span class='ocrx_word' id='word_1_1071' title='bbox 1792 5841 1940 5906; x_wconf 84' lang='lat' dir='ltr'>cognitione</span> <span class='ocrx_word' id='word_1_1072' title='bbox 1958 5857 1998 5896; x_wconf 83' lang='lat' dir='ltr'>ao</span> <span class='ocrx_word' id='word_1_1073' title='bbox 2033 5849 2109 5910; x_wconf 88' lang='lat' dir='ltr'>care,</span> <span class='ocrx_word' id='word_1_1074' title='bbox 2126 5843 2226 5896; x_wconf 90' lang='lat' dir='ltr'>semina</span> <span class='ocrx_word' id='word_1_1075' title='bbox 2241 5839 2313 5898; x_wconf 66' lang='lat' dir='ltr'>&#39;bena</span> <span class='ocrx_word' id='word_1_1076' title='bbox 2333 5857 2460 5912; x_wconf 88' lang='lat' dir='ltr'>spargere</span> <span class='ocrx_word' id='word_1_1077' title='bbox 2477 5841 2540 5898; x_wconf 79' lang='grc'>44474.</span> <span class='ocrx_word' id='word_1_1078' title='bbox 2558 5849 2673 5898; x_wconf 90' lang='lat' dir='ltr'>-sunt</span> 
     </span>
     <span class='ocr_line' id='line_1_61' title="bbox 680 5927 2673 6000; baseline 0.001 -16"><span class='ocrx_word' id='word_1_1079' title='bbox 680 5929 810 5998; x_wconf 89' lang='lat' dir='ltr'>obsequio</span> <span class='ocrx_word' id='word_1_1080' title='bbox 828 5927 863 5984; x_wconf 83' lang='lat' dir='ltr'>Vt</span> <span class='ocrx_word' id='word_1_1081' title='bbox 881 5931 934 5984; x_wconf 87' lang='grc'>562</span> <span class='ocrx_word' id='word_1_1082' title='bbox 952 5931 1116 5984; x_wconf 89' lang='grc'>3-440440</span> <span class='ocrx_word' id='word_1_1083' title='bbox 1132 5945 1188 5984; x_wconf 89' lang='grc'>404</span> <span class='ocrx_word' id='word_1_1084' title='bbox 1202 5929 1323 5984; x_wconf 80' lang='grc'>4404444</span> <span class='ocrx_word' id='word_1_1085' title='bbox 1361 5929 1515 5984; x_wconf 87' lang='lat' dir='ltr'>stimationis</span> <span class='ocrx_word' id='word_1_1086' title='bbox 1543 5945 1605 5984; x_wconf 92' lang='lat' dir='ltr'>eum</span> <span class='ocrx_word' id='word_1_1087' title='bbox 1632 5931 1797 5998; x_wconf 88' lang='lat' dir='ltr'>cognoscunt</span> <span class='ocrx_word' id='word_1_1088' title='bbox 1826 5931 1943 5984; x_wconf 88' lang='lat' dir='ltr'>inlidetes</span> <span class='ocrx_word' id='word_1_1089' title='bbox 1974 5937 1998 5986; x_wconf 91' lang='lat' dir='ltr'>ot</span> <span class='ocrx_word' id='word_1_1090' title='bbox 2036 5933 2197 5996; x_wconf 88' lang='lat' dir='ltr'>sacerdotes,</span> <span class='ocrx_word' id='word_1_1091' title='bbox 2216 5933 2261 6000; x_wconf 91' lang='lat' dir='ltr'>qni</span> <span class='ocrx_word' id='word_1_1092' title='bbox 2282 5947 2371 5986; x_wconf 89' lang='lat' dir='ltr'>curam</span> <span class='ocrx_word' id='word_1_1093' title='bbox 2392 5933 2482 5998; x_wconf 89' lang='lat' dir='ltr'>populi</span> <span class='ocrx_word' id='word_1_1094' title='bbox 2500 5939 2673 6000; x_wconf 90' lang='lat' dir='ltr'>susceperunt</span> 
     </span>
     <span class='ocr_line' id='line_1_62' title="bbox 680 6015 2672 6096; baseline 0.001 -24"><span class='ocrx_word' id='word_1_1095' title='bbox 680 6023 822 6086; x_wconf 87' lang='lat' dir='ltr'>perlectam</span> <span class='ocrx_word' id='word_1_1096' title='bbox 841 6019 1017 6086; x_wconf 89' lang='lat' dir='ltr'>cognitionem</span> <span class='ocrx_word' id='word_1_1097' title='bbox 1038 6033 1128 6080; x_wconf 91' lang='lat' dir='ltr'>rerum</span> <span class='ocrx_word' id='word_1_1098' title='bbox 1146 6025 1256 6086; x_wconf 90' lang='lat' dir='ltr'>propter</span> <span class='ocrx_word' id='word_1_1099' title='bbox 1274 6021 1322 6074; x_wconf 85' lang='grc'>444-</span> <span class='ocrx_word' id='word_1_1100' title='bbox 1361 6019 1513 6074; x_wconf 87' lang='lat' dir='ltr'>multimali</span> <span class='ocrx_word' id='word_1_1101' title='bbox 1533 6019 1619 6074; x_wconf 89' lang='grc'>4573</span> <span class='ocrx_word' id='word_1_1102' title='bbox 1637 6019 1668 6074; x_wconf 89' lang='grc'>2*</span> <span class='ocrx_word' id='word_1_1103' title='bbox 1791 6081 1792 6084; x_wconf 11' lang='lat'>¹</span> <span class='ocrx_word' id='word_1_1104' title='bbox 1825 6093 1827 6096; x_wconf 22' lang='grc' dir='ltr'>Ι</span> <span class='ocrx_word' id='word_1_1105' title='bbox 2036 6015 2487 6090; x_wconf 77' lang='grc'>44444.-40444044444444344403</span> <span class='ocrx_word' id='word_1_1106' title='bbox 2503 6021 2672 6074; x_wconf 85' lang='grc'>[4044444595</span> 
     </span>
     <span class='ocr_line' id='line_1_63' title="bbox 671 6107 2673 6176; baseline 0.001 -16"><span class='ocrx_word' id='word_1_1107' title='bbox 671 6107 831 6162; x_wconf 80' lang='lat' dir='ltr'>-bitationem</span> <span class='ocrx_word' id='word_1_1108' title='bbox 852 6109 884 6162; x_wconf 90' lang='grc'>33</span> <span class='ocrx_word' id='word_1_1109' title='bbox 903 6125 932 6164; x_wconf 91' lang='lat' dir='ltr'>v.</span> <span class='ocrx_word' id='word_1_1110' title='bbox 953 6107 983 6162; x_wconf 92' lang='lat' dir='ltr'>tt</span> <span class='ocrx_word' id='word_1_1111' title='bbox 1005 6135 1042 6150; x_wconf 90' lang='grc'>-</span> <span class='ocrx_word' id='word_1_1112' title='bbox 1059 6109 1116 6164; x_wconf 85' lang='lat' dir='ltr'>Non</span> <span class='ocrx_word' id='word_1_1113' title='bbox 1129 6109 1210 6164; x_wconf 89' lang='lat' dir='ltr'>scitur</span> <span class='ocrx_word' id='word_1_1114' title='bbox 1222 6109 1322 6176; x_wconf 90' lang='lat' dir='ltr'>aliquid</span> <span class='ocrx_word' id='word_1_1115' title='bbox 1412 6131 1447 6150; x_wconf 83' lang='lat'><em>-</em></span> <span class='ocrx_word' id='word_1_1116' title='bbox 1467 6109 1560 6164; x_wconf 77' lang='lat' dir='ltr'>Animo</span> <span class='ocrx_word' id='word_1_1117' title='bbox 1573 6113 1662 6176; x_wconf 88' lang='lat' dir='ltr'>potest</span> <span class='ocrx_word' id='word_1_1118' title='bbox 1679 6123 1839 6176; x_wconf 88' lang='lat' dir='ltr'>cognoscere</span> <span class='ocrx_word' id='word_1_1119' title='bbox 1857 6109 1881 6162; x_wconf 94' lang='lat' dir='ltr'>ln</span> <span class='ocrx_word' id='word_1_1120' title='bbox 1902 6125 1929 6164; x_wconf 91' lang='grc'>34</span> <span class='ocrx_word' id='word_1_1121' title='bbox 1939 6107 1996 6174; x_wconf 89' lang='lat' dir='ltr'>ipsa</span> <span class='ocrx_word' id='word_1_1122' title='bbox 2037 6109 2068 6162; x_wconf 90' lang='grc'>45</span> <span class='ocrx_word' id='word_1_1123' title='bbox 2089 6135 2122 6148; x_wconf 87' lang='lat'>-—</span> <span class='ocrx_word' id='word_1_1124' title='bbox 2137 6107 2236 6164; x_wconf 91' lang='lat' dir='ltr'>debent</span> <span class='ocrx_word' id='word_1_1125' title='bbox 2248 6111 2378 6164; x_wconf 85' lang='lat' dir='ltr'>coloniam</span> <span class='ocrx_word' id='word_1_1126' title='bbox 2393 6107 2592 6176; x_wconf 87' lang='lat' dir='ltr'>diligentissime</span> <span class='ocrx_word' id='word_1_1127' title='bbox 2603 6123 2673 6162; x_wconf 86' lang='lat' dir='ltr'>exer·</span> 
     </span>
     <span class='ocr_line' id='line_1_64' title="bbox 680 6191 2736 6274; baseline -0.001 -22"><span class='ocrx_word' id='word_1_1128' title='bbox 680 6199 809 6266; x_wconf 81' lang='lat' dir='ltr'>perfecte,</span> <span class='ocrx_word' id='word_1_1129' title='bbox 830 6197 881 6252; x_wconf 87' lang='grc'>4434</span> <span class='ocrx_word' id='word_1_1130' title='bbox 899 6205 1074 6266; x_wconf 87' lang='lat' dir='ltr'>cognoscatur</span> <span class='ocrx_word' id='word_1_1131' title='bbox 1092 6195 1150 6254; x_wconf 90' lang='lat' dir='ltr'>eins</span> <span class='ocrx_word' id='word_1_1132' title='bbox 1169 6197 1321 6266; x_wconf 89' lang='lat' dir='ltr'>oppositum</span> <span class='ocrx_word' id='word_1_1133' title='bbox 1352 6199 1481 6252; x_wconf 84' lang='lat' dir='ltr'>&#39;ellectum</span> <span class='ocrx_word' id='word_1_1134' title='bbox 1499 6199 1701 6266; x_wconf 63' lang='lat' dir='ltr'>berquarius</span> <span class='ocrx_word' id='word_1_1135' title='bbox 1724 6211 1779 6252; x_wconf 60' lang='lat' dir='ltr'>‘non</span> <span class='ocrx_word' id='word_1_1136' title='bbox 1803 6201 1879 6266; x_wconf 89' lang='lat' dir='ltr'>plene</span> <span class='ocrx_word' id='word_1_1137' title='bbox 1899 6211 1998 6264; x_wconf 76' lang='lat' dir='ltr'>cogno·-</span> <span class='ocrx_word' id='word_1_1138' title='bbox 2035 6211 2107 6262; x_wconf 85' lang='lat' dir='ltr'>cere,</span> <span class='ocrx_word' id='word_1_1139' title='bbox 2124 6197 2188 6266; x_wconf 90' lang='lat' dir='ltr'>quia</span> <span class='ocrx_word' id='word_1_1140' title='bbox 2208 6197 2240 6252; x_wconf 91' lang='lat' dir='ltr'>ad</span> <span class='ocrx_word' id='word_1_1141' title='bbox 2260 6203 2317 6252; x_wconf 87' lang='lat' dir='ltr'>troc·</span> <span class='ocrx_word' id='word_1_1142' title='bbox 2330 6191 2437 6252; x_wconf 89' lang='lat' dir='ltr'>instituti</span> <span class='ocrx_word' id='word_1_1143' title='bbox 2450 6201 2512 6252; x_wconf 88' lang='lat' dir='ltr'>sunt</span> <span class='ocrx_word' id='word_1_1144' title='bbox 2524 6197 2577 6250; x_wconf 89' lang='grc'>564</span> <span class='ocrx_word' id='word_1_1145' title='bbox 2591 6197 2672 6250; x_wconf 81' lang='grc'>42-</span> <span class='ocrx_word' id='word_1_1146' title='bbox 2735 6271 2736 6274; x_wconf 8' lang='lat'>¹</span> 
     </span>
    </p>
   </div>
   <div class='ocr_carea' id='block_1_10' title="bbox 580 6277 2671 6362">
    <p class='ocr_par' dir='ltr' id='par_1_12' title="bbox 580 6277 2671 6362">
     <span class='ocr_line' id='line_1_65' title="bbox 580 6277 2671 6362; baseline -0.002 -18"><span class='ocrx_word' id='word_1_1147' title='bbox 580 6341 581 6344; x_wconf 74' lang='grc'>,</span> <span class='ocrx_word' id='word_1_1148' title='bbox 682 6289 712 6340; x_wconf 91' lang='grc'>49</span> <span class='ocrx_word' id='word_1_1149' title='bbox 734 6301 760 6342; x_wconf 85' lang='grc'>4.</span> <span class='ocrx_word' id='word_1_1150' title='bbox 783 6287 877 6342; x_wconf 86' lang='grc'>47-</span> <span class='ocrx_word' id='word_1_1151' title='bbox 904 6289 959 6342; x_wconf 86' lang='lat' dir='ltr'>Non</span> <span class='ocrx_word' id='word_1_1152' title='bbox 989 6277 1120 6344; x_wconf 84' lang='grc'>4444404403</span> <span class='ocrx_word' id='word_1_1153' title='bbox 1145 6289 1320 6362; x_wconf 85' lang='lat' dir='ltr'>cognitionem</span> <span class='ocrx_word' id='word_1_1154' title='bbox 1359 6295 1428 6352; x_wconf 89' lang='lat' dir='ltr'>scat,</span> <span class='ocrx_word' id='word_1_1155' title='bbox 1446 6301 1461 6340; x_wconf 90' lang='lat' dir='ltr'>a</span> <span class='ocrx_word' id='word_1_1156' title='bbox 1481 6301 1536 6356; x_wconf 90' lang='lat' dir='ltr'>quo</span> <span class='ocrx_word' id='word_1_1157' title='bbox 1554 6293 1594 6340; x_wconf 88' lang='lat' dir='ltr'>est</span> <span class='ocrx_word' id='word_1_1158' title='bbox 1610 6287 1643 6338; x_wconf 80' lang='lat' dir='ltr'>i&#39;t</span> <span class='ocrx_word' id='word_1_1159' title='bbox 1673 6287 1720 6338; x_wconf 88' lang='grc'>934</span> <span class='ocrx_word' id='word_1_1160' title='bbox 1751 6285 1788 6338; x_wconf 88' lang='grc'>73</span> <span class='ocrx_word' id='word_1_1161' title='bbox 1804 6313 1842 6326; x_wconf 95' lang='grc'><strong>-</strong></span> <span class='ocrx_word' id='word_1_1162' title='bbox 1859 6287 1929 6340; x_wconf 89' lang='lat' dir='ltr'>Dens</span> <span class='ocrx_word' id='word_1_1163' title='bbox 1954 6299 1997 6340; x_wconf 89' lang='lat' dir='ltr'>eo-</span> <span class='ocrx_word' id='word_1_1164' title='bbox 2034 6287 2247 6350; x_wconf 77' lang='lat' dir='ltr'>conruperant,</span> <span class='ocrx_word' id='word_1_1165' title='bbox 2276 6287 2322 6356; x_wconf 92' lang='lat' dir='ltr'>qui</span> <span class='ocrx_word' id='word_1_1166' title='bbox 2349 6287 2383 6338; x_wconf 88' lang='lat' dir='ltr'>ad</span> <span class='ocrx_word' id='word_1_1167' title='bbox 2410 6287 2546 6340; x_wconf 88' lang='lat' dir='ltr'>colendam</span> <span class='ocrx_word' id='word_1_1168' title='bbox 2567 6281 2671 6340; x_wconf 80' lang='lat' dir='ltr'>vineam</span> 
     </span>
    </p>
   </div>
   <div class='ocr_carea' id='block_1_11' title="bbox 604 6371 2673 6624">
    <p class='ocr_par' dir='ltr' id='par_1_13' title="bbox 604 6371 2673 6624">
     <span class='ocr_line' id='line_1_66' title="bbox 680 6371 2673 6444; baseline -0.001 -14"><span class='ocrx_word' id='word_1_1169' title='bbox 680 6389 728 6444; x_wconf 91' lang='lat' dir='ltr'>per</span> <span class='ocrx_word' id='word_1_1170' title='bbox 746 6373 957 6442; x_wconf 85' lang='lat' dir='ltr'>diuturnitatem,</span> <span class='ocrx_word' id='word_1_1171' title='bbox 987 6377 1034 6432; x_wconf 89' lang='lat' dir='ltr'>sed</span> <span class='ocrx_word' id='word_1_1172' title='bbox 1061 6391 1111 6444; x_wconf 87' lang='lat' dir='ltr'>per</span> <span class='ocrx_word' id='word_1_1173' title='bbox 1133 6377 1320 6444; x_wconf 88' lang='lat' dir='ltr'>experientiam</span> <span class='ocrx_word' id='word_1_1174' title='bbox 1360 6377 1494 6442; x_wconf 87' lang='lat' dir='ltr'>gnoscitur</span> <span class='ocrx_word' id='word_1_1175' title='bbox 1520 6389 1568 6440; x_wconf 91' lang='lat' dir='ltr'>per</span> <span class='ocrx_word' id='word_1_1176' title='bbox 1591 6375 1671 6430; x_wconf 88' lang='lat' dir='ltr'>tidem</span> <span class='ocrx_word' id='word_1_1177' title='bbox 1690 6375 1767 6442; x_wconf 90' lang='lat' dir='ltr'>quasi</span> <span class='ocrx_word' id='word_1_1178' title='bbox 1786 6389 1833 6442; x_wconf 90' lang='lat' dir='ltr'>per</span> <span class='ocrx_word' id='word_1_1179' title='bbox 1851 6373 2012 6428; x_wconf 88' lang='lat' dir='ltr'>visumab</span> <span class='ocrx_word' id='word_1_1180' title='bbox 2035 6375 2099 6428; x_wconf 88' lang='lat' dir='ltr'>bora</span> <span class='ocrx_word' id='word_1_1181' title='bbox 2117 6371 2220 6440; x_wconf 83' lang='lat' dir='ltr'>priora,</span> <span class='ocrx_word' id='word_1_1182' title='bbox 2245 6375 2337 6440; x_wconf 88' lang='lat' dir='ltr'>tertia,</span> <span class='ocrx_word' id='word_1_1183' title='bbox 2363 6381 2434 6428; x_wconf 82' lang='lat' dir='ltr'>sexta</span> <span class='ocrx_word' id='word_1_1184' title='bbox 2463 6379 2488 6430; x_wconf 90' lang='lat' dir='ltr'>et</span> <span class='ocrx_word' id='word_1_1185' title='bbox 2516 6389 2585 6430; x_wconf 90' lang='lat' dir='ltr'>nona</span> <span class='ocrx_word' id='word_1_1186' title='bbox 2611 6383 2673 6430; x_wconf 88' lang='lat' dir='ltr'>sunt</span> 
     </span>
     <span class='ocr_line' id='line_1_67' title="bbox 604 6457 2673 6530; baseline 0 -11"><span class='ocrx_word' id='word_1_1187' title='bbox 604 6489 606 6496; x_wconf 85' lang='lat'>¹</span> <span class='ocrx_word' id='word_1_1188' title='bbox 674 6457 708 6520; x_wconf 68' lang='grc'>’54</span> <span class='ocrx_word' id='word_1_1189' title='bbox 733 6467 795 6520; x_wconf 74' lang='lat' dir='ltr'>uti</span> <span class='ocrx_word' id='word_1_1190' title='bbox 1275 6527 1276 6530; x_wconf 7' lang='grc' dir='ltr'><strong>Ἴ</strong></span> <span class='ocrx_word' id='word_1_1191' title='bbox 1359 6459 1484 6518; x_wconf 90' lang='lat' dir='ltr'>omnibus</span> <span class='ocrx_word' id='word_1_1192' title='bbox 1501 6461 1681 6528; x_wconf 87' lang='lat' dir='ltr'>credentibus,</span> <span class='ocrx_word' id='word_1_1193' title='bbox 1701 6477 1749 6528; x_wconf 84' lang='lat' dir='ltr'>per</span> <span class='ocrx_word' id='word_1_1194' title='bbox 1767 6463 1902 6518; x_wconf 89' lang='lat' dir='ltr'>caritatem</span> <span class='ocrx_word' id='word_1_1195' title='bbox 1920 6463 1995 6530; x_wconf 86' lang='lat' dir='ltr'>quasi</span> <span class='ocrx_word' id='word_1_1196' title='bbox 2034 6463 2154 6518; x_wconf 90' lang='lat' dir='ltr'>conducti</span> <span class='ocrx_word' id='word_1_1197' title='bbox 2172 6461 2234 6518; x_wconf 86' lang='lat' dir='ltr'>t&#39;bt&#39;d.</span> <span class='ocrx_word' id='word_1_1198' title='bbox 2251 6491 2289 6506; x_wconf 89' lang='lat'>·-</span> <span class='ocrx_word' id='word_1_1199' title='bbox 2305 6463 2418 6518; x_wconf 91' lang='lat' dir='ltr'>Cotonus</span> <span class='ocrx_word' id='word_1_1200' title='bbox 2434 6465 2550 6530; x_wconf 90' lang='lat' dir='ltr'>paradisi</span> <span class='ocrx_word' id='word_1_1201' title='bbox 2561 6467 2596 6520; x_wconf 93' lang='lat' dir='ltr'>de</span> <span class='ocrx_word' id='word_1_1202' title='bbox 2613 6479 2673 6530; x_wconf 92' lang='lat' dir='ltr'>pos·</span> 
     </span>
     <span class='ocr_line' id='line_1_68' title="bbox 733 6549 2672 6624; baseline 0 -16"><span class='ocrx_word' id='word_1_1203' title='bbox 733 6581 767 6594; x_wconf 88' lang='lat'>-</span> <span class='ocrx_word' id='word_1_1204' title='bbox 788 6557 901 6608; x_wconf 89' lang='lat' dir='ltr'>Tentare</span> <span class='ocrx_word' id='word_1_1205' title='bbox 920 6551 1018 6624; x_wconf 88' lang='lat' dir='ltr'>aliquid</span> <span class='ocrx_word' id='word_1_1206' title='bbox 1038 6559 1076 6610; x_wconf 88' lang='lat' dir='ltr'>est</span> <span class='ocrx_word' id='word_1_1207' title='bbox 1094 6565 1254 6620; x_wconf 85' lang='lat' dir='ltr'>cognoscere</span> <span class='ocrx_word' id='word_1_1208' title='bbox 1273 6567 1321 6622; x_wconf 87' lang='lat' dir='ltr'>per</span> <span class='ocrx_word' id='word_1_1209' title='bbox 1360 6565 1409 6620; x_wconf 89' lang='lat' dir='ltr'>per</span> <span class='ocrx_word' id='word_1_1210' title='bbox 1425 6551 1587 6620; x_wconf 84' lang='lat' dir='ltr'>colloquium</span> <span class='ocrx_word' id='word_1_1211' title='bbox 1601 6567 1622 6604; x_wconf 89' lang='lat' dir='ltr'>a</span> <span class='ocrx_word' id='word_1_1212' title='bbox 1640 6551 1995 6620; x_wconf 85' lang='lat' dir='ltr'>conternptatiris,perobe</span> <span class='ocrx_word' id='word_1_1213' title='bbox 2033 6551 2150 6606; x_wconf 89' lang='lat' dir='ltr'>sessione</span> <span class='ocrx_word' id='word_1_1214' title='bbox 2161 6565 2236 6606; x_wconf 86' lang='lat' dir='ltr'>suaa</span> <span class='ocrx_word' id='word_1_1215' title='bbox 2254 6553 2363 6608; x_wconf 88' lang='lat' dir='ltr'>muliare</span> <span class='ocrx_word' id='word_1_1216' title='bbox 2382 6555 2429 6608; x_wconf 89' lang='lat' dir='ltr'>luit</span> <span class='ocrx_word' id='word_1_1217' title='bbox 2447 6555 2544 6608; x_wconf 88' lang='lat' dir='ltr'>electus</span> <span class='ocrx_word' id='word_1_1218' title='bbox 2567 6549 2619 6608; x_wconf 85' lang='grc'>549</span> <span class='ocrx_word' id='word_1_1219' title='bbox 2639 6555 2672 6608; x_wconf 87' lang='grc'>55</span> 
     </span>
    </p>
   </div>
   <div class='ocr_carea' id='block_1_12' title="bbox 567 6637 2673 6716">
    <p class='ocr_par' dir='ltr' id='par_1_14' title="bbox 567 6637 2673 6716">
     <span class='ocr_line' id='line_1_69' title="bbox 567 6637 2673 6716; baseline -0.001 -18"><span class='ocrx_word' id='word_1_1220' title='bbox 567 6707 569 6716; x_wconf 22' lang='lat' dir='ltr'>y</span> <span class='ocrx_word' id='word_1_1221' title='bbox 670 6643 867 6710; x_wconf 83' lang='lat' dir='ltr'>experientiam</span> <span class='ocrx_word' id='word_1_1222' title='bbox 884 6646 938 6698; x_wconf 50' lang='lat' dir='ltr'>¹¹&#39;rei</span> <span class='ocrx_word' id='word_1_1223' title='bbox 955 6659 1005 6710; x_wconf 91' lang='lat' dir='ltr'>per</span> <span class='ocrx_word' id='word_1_1224' title='bbox 1022 6641 1258 6708; x_wconf 79' lang='lat' dir='ltr'>examinationem,</span> <span class='ocrx_word' id='word_1_1225' title='bbox 1277 6655 1321 6710; x_wconf 90' lang='lat' dir='ltr'>ap·</span> <span class='ocrx_word' id='word_1_1226' title='bbox 1358 6641 1483 6696; x_wconf 89' lang='lat' dir='ltr'>dientiam</span> <span class='ocrx_word' id='word_1_1227' title='bbox 1500 6641 1575 6710; x_wconf 90' lang='lat' dir='ltr'>quasi</span> <span class='ocrx_word' id='word_1_1228' title='bbox 1595 6653 1643 6708; x_wconf 89' lang='lat' dir='ltr'>per</span> <span class='ocrx_word' id='word_1_1229' title='bbox 1670 6639 1830 6708; x_wconf 88' lang='lat' dir='ltr'>obsequium</span> <span class='ocrx_word' id='word_1_1230' title='bbox 1852 6637 1885 6692; x_wconf 94' lang='lat' dir='ltr'>ub</span> <span class='ocrx_word' id='word_1_1231' title='bbox 1904 6639 1995 6694; x_wconf 83' lang='grc'>4044443</span> <span class='ocrx_word' id='word_1_1232' title='bbox 2087 6639 2204 6694; x_wconf 83' lang='grc'>60404444</span> <span class='ocrx_word' id='word_1_1233' title='bbox 2222 6667 2257 6682; x_wconf 89' lang='grc'>-</span> <span class='ocrx_word' id='word_1_1234' title='bbox 2276 6647 2315 6696; x_wconf 86' lang='grc'>434</span> <span class='ocrx_word' id='word_1_1235' title='bbox 2333 6643 2442 6710; x_wconf 80' lang='lat' dir='ltr'>simplex</span> <span class='ocrx_word' id='word_1_1236' title='bbox 2469 6641 2586 6708; x_wconf 83' lang='lat' dir='ltr'>euinral,</span> <span class='ocrx_word' id='word_1_1237' title='bbox 2599 6657 2673 6696; x_wconf 83' lang='lat' dir='ltr'>nrau-</span> 
     </span>
    </p>
   </div>
   <div class='ocr_carea' id='block_1_13' title="bbox 672 6725 2673 6978">
    <p class='ocr_par' dir='ltr' id='par_1_15' title="bbox 672 6725 2673 6978">
     <span class='ocr_line' id='line_1_70' title="bbox 678 6725 2673 6804; baseline -0.001 -20"><span class='ocrx_word' id='word_1_1238' title='bbox 678 6731 862 6798; x_wconf 89' lang='lat' dir='ltr'>probationem</span> <span class='ocrx_word' id='word_1_1239' title='bbox 880 6737 906 6786; x_wconf 89' lang='lat' dir='ltr'>et</span> <span class='ocrx_word' id='word_1_1240' title='bbox 924 6731 1136 6798; x_wconf 87' lang='lat' dir='ltr'>reprobationem</span> <span class='ocrx_word' id='word_1_1241' title='bbox 1157 6729 1189 6786; x_wconf 81' lang='lat' dir='ltr'>l’t</span> <span class='ocrx_word' id='word_1_1242' title='bbox 1209 6735 1243 6786; x_wconf 85' lang='grc'>63</span> <span class='ocrx_word' id='word_1_1243' title='bbox 1262 6733 1314 6800; x_wconf 82' lang='lat' dir='ltr'>qt</span> <span class='ocrx_word' id='word_1_1244' title='bbox 1359 6731 1445 6782; x_wconf 86' lang='grc'>6623</span> <span class='ocrx_word' id='word_1_1245' title='bbox 1907 6749 1908 6754; x_wconf 79' lang='lat'>¹</span> <span class='ocrx_word' id='word_1_1246' title='bbox 2033 6733 2136 6782; x_wconf 88' lang='lat' dir='ltr'>suetum</span> <span class='ocrx_word' id='word_1_1247' title='bbox 2161 6733 2186 6782; x_wconf 90' lang='lat' dir='ltr'>et</span> <span class='ocrx_word' id='word_1_1248' title='bbox 2212 6731 2374 6786; x_wconf 82' lang='lat' dir='ltr'>unctuosum</span> <span class='ocrx_word' id='word_1_1249' title='bbox 2405 6729 2436 6782; x_wconf 77' lang='lat' dir='ltr'>vl</span> <span class='ocrx_word' id='word_1_1250' title='bbox 2456 6725 2503 6786; x_wconf 86' lang='grc'>264</span> <span class='ocrx_word' id='word_1_1251' title='bbox 2518 6727 2562 6782; x_wconf 85' lang='grc'>76</span> <span class='ocrx_word' id='word_1_1252' title='bbox 2581 6735 2616 6804; x_wconf 52' lang='lat' dir='ltr'>-f</span> <span class='ocrx_word' id='word_1_1253' title='bbox 2635 6735 2673 6782; x_wconf 88' lang='lat' dir='ltr'>est</span> 
     </span>
     <span class='ocr_line' id='line_1_71' title="bbox 672 6815 2672 6888; baseline 0.001 -16"><span class='ocrx_word' id='word_1_1254' title='bbox 672 6827 713 6858; x_wconf 74' lang='lat'>²—</span> <span class='ocrx_word' id='word_1_1255' title='bbox 734 6821 833 6876; x_wconf 88' lang='lat' dir='ltr'>utilium</span> <span class='ocrx_word' id='word_1_1256' title='bbox 854 6819 945 6876; x_wconf 89' lang='lat' dir='ltr'>melior</span> <span class='ocrx_word' id='word_1_1257' title='bbox 965 6827 1004 6876; x_wconf 86' lang='grc'>434</span> <span class='ocrx_word' id='word_1_1258' title='bbox 1015 6819 1168 6888; x_wconf 85' lang='lat' dir='ltr'>cognitione</span> <span class='ocrx_word' id='word_1_1259' title='bbox 1180 6819 1320 6874; x_wconf 89' lang='lat' dir='ltr'>abscondi·</span> <span class='ocrx_word' id='word_1_1260' title='bbox 1410 6847 1445 6858; x_wconf 87' lang='grc'>-</span> <span class='ocrx_word' id='word_1_1261' title='bbox 1459 6821 1502 6872; x_wconf 88' lang='lat' dir='ltr'>Est</span> <span class='ocrx_word' id='word_1_1262' title='bbox 1514 6831 1676 6884; x_wconf 87' lang='lat' dir='ltr'>cognoscere</span> <span class='ocrx_word' id='word_1_1263' title='bbox 1686 6815 1771 6870; x_wconf 88' lang='lat' dir='ltr'>Deum</span> <span class='ocrx_word' id='word_1_1264' title='bbox 1786 6817 1809 6870; x_wconf 92' lang='lat' dir='ltr'>in</span> <span class='ocrx_word' id='word_1_1265' title='bbox 1822 6831 1851 6870; x_wconf 90' lang='lat' dir='ltr'>se</span> <span class='ocrx_word' id='word_1_1266' title='bbox 1863 6821 1889 6868; x_wconf 94' lang='lat' dir='ltr'>et</span> <span class='ocrx_word' id='word_1_1267' title='bbox 1901 6815 1928 6868; x_wconf 89' lang='grc'>44</span> <span class='ocrx_word' id='word_1_1268' title='bbox 1946 6829 1995 6868; x_wconf 92' lang='lat' dir='ltr'>sno</span> <span class='ocrx_word' id='word_1_1269' title='bbox 2033 6815 2147 6872; x_wconf 84' lang='grc'>40444444</span> <span class='ocrx_word' id='word_1_1270' title='bbox 2168 6817 2261 6874; x_wconf 85' lang='lat' dir='ltr'>cultrix</span> <span class='ocrx_word' id='word_1_1271' title='bbox 2279 6819 2456 6874; x_wconf 73' lang='lat' dir='ltr'>ceritatis&#39;Vlt</span> <span class='ocrx_word' id='word_1_1272' title='bbox 2473 6819 2507 6872; x_wconf 90' lang='grc'>53</span> <span class='ocrx_word' id='word_1_1273' title='bbox 2526 6821 2560 6872; x_wconf 89' lang='grc'>33</span> <span class='ocrx_word' id='word_1_1274' title='bbox 2576 6835 2613 6858; x_wconf 89' lang='grc'>·-</span> <span class='ocrx_word' id='word_1_1275' title='bbox 2634 6821 2672 6872; x_wconf 86' lang='lat' dir='ltr'>est</span> 
     </span>
     <span class='ocr_line' id='line_1_72' title="bbox 677 6903 2669 6978; baseline -0.001 -18"><span class='ocrx_word' id='word_1_1276' title='bbox 677 6913 763 6962; x_wconf 83' lang='lat' dir='ltr'>torum</span> <span class='ocrx_word' id='word_1_1277' title='bbox 783 6911 816 6966; x_wconf 86' lang='grc'>53</span> <span class='ocrx_word' id='word_1_1278' title='bbox 830 6907 936 6968; x_wconf 52' lang='grc'>449--4</span> <span class='ocrx_word' id='word_1_1279' title='bbox 948 6911 1035 6966; x_wconf 87' lang='lat' dir='ltr'>Homo</span> <span class='ocrx_word' id='word_1_1280' title='bbox 1054 6917 1140 6978; x_wconf 75' lang='lat' dir='ltr'>puteat</span> <span class='ocrx_word' id='word_1_1281' title='bbox 1159 6921 1318 6976; x_wconf 86' lang='lat' dir='ltr'>cognoscere</span> <span class='ocrx_word' id='word_1_1282' title='bbox 1357 6909 1449 6962; x_wconf 86' lang='lat' dir='ltr'>ellectu</span> <span class='ocrx_word' id='word_1_1283' title='bbox 1471 6907 1502 6962; x_wconf 87' lang='lat' dir='ltr'>Vl</span> <span class='ocrx_word' id='word_1_1284' title='bbox 1523 6907 1574 6962; x_wconf 86' lang='grc'>255</span> <span class='ocrx_word' id='word_1_1285' title='bbox 1595 6905 1625 6962; x_wconf 86' lang='grc'>43</span> <span class='ocrx_word' id='word_1_1286' title='bbox 1640 6905 1854 6970; x_wconf 59' lang='lat' dir='ltr'>*Cognoscere</span> <span class='ocrx_word' id='word_1_1287' title='bbox 1870 6903 1956 6958; x_wconf 87' lang='grc'>444444</span> <span class='ocrx_word' id='word_1_1288' title='bbox 1970 6905 1995 6956; x_wconf 91' lang='grc'>44</span> <span class='ocrx_word' id='word_1_1289' title='bbox 2033 6903 2115 6968; x_wconf 84' lang='lat' dir='ltr'>ligura</span> <span class='ocrx_word' id='word_1_1290' title='bbox 2123 6905 2293 6976; x_wconf 89' lang='lat' dir='ltr'>innocentiae,</span> <span class='ocrx_word' id='word_1_1291' title='bbox 2303 6905 2579 6962; x_wconf 88' lang='lat' dir='ltr'>mansuetudiniscum</span> <span class='ocrx_word' id='word_1_1292' title='bbox 2587 6905 2669 6974; x_wconf 86' lang='lat' dir='ltr'>gratia</span> 
     </span>
    </p>
   </div>
   <div class='ocr_carea' id='block_1_14' title="bbox 0 0 2963 8260">
    <p class='ocr_par' dir='ltr' id='par_1_16' title="bbox 0 0 2963 8260">
     <span class='ocr_line' id='line_1_73' title="bbox 0 0 2963 8260; baseline 0 0"><span class='ocrx_word' id='word_1_1293' title='bbox 0 0 2963 8260; x_wconf 95' lang='lat' dir='ltr'> </span> 
     </span>
    </p>
   </div>
  </div>
 </body>
</html>
