5942 8292
1053 969 1089 1032 ΙΝ
1109 969 1383 1040 colliminantes
1406 979 1433 1040 S.
1457 977 1670 1046 SCRIPTURAE
2248 993 2309 1056 677

695 1043 755 1094 ΒΕΑ

419 1133 505 1178 40844
521 1135 560 1178 <isi
575 1141 621 1192 per
633 1127 849 1192 participationem
862 1145 876 1180 3
889 1133 957 1182 sitisti
972 1131 1029 1182 biii·
1112 1139 1222 1188 -Beilli
1234 1139 1261 1190 ln
1271 1139 1311 1190 dle
1322 1141 1407 1194 ludicii
1419 1145 1499 1202 Deum
1512 1157 1667 1212 cognoscum
1752 1175 1786 1190 ·-
1803 1155 1950 1206 bellantium
1967 1073 2115 1220 fflobitas
2132 1173 2183 1220 non
2204 1167 2243 1214 est
2261 1163 2309 1212 lor·

420 1211 532 1264 titudinis
558 1211 618 1266 ibid.
635 1239 669 1250 --
686 1219 771 1264 uostra
788 1219 827 1262 est
852 1215 877 1262 in
903 1227 934 1266 eo
961 1217 1028 1280 solo,
1062 1223 1087 1270 et
1099 1217 1224 1272 Christum
1242 1229 1327 1284 aperte
1344 1227 1431 1278 vident
1442 1229 1474 1280 44
1489 1231 1532 1280 434
1550 1247 1575 1282 r.
1588 1234 1619 1283 48
1632 1259 1667 1272 ·-·
1702 1235 1819 1286 midanda
1837 1239 1897 1288 viris
1916 1239 1993 1300 iustis,
2010 1241 2054 1304 qui
2080 1255 2127 1304 per
2143 1245 2238 1304 4444444
2256 1257 2307 1296 444

419 1297 464 1360 444
481 1295 556 1348 habet
572 1295 686 1348 omnium
698 1295 851 1348 affluentiam
868 1297 958 1372 43-
974 1299 1029 1348 Non
1062 1301 1131 1350 Beati
1156 1305 1240 1354 omnia
1267 1307 1390 1358 videbunt
1412 1313 1478 1364 clare
1505 1313 1553 1364 463
1577 1315 1609 1366 34
1632 1341 1666 1356 -
1700 1319 1810 1380 perdunt
1826 1323 1896 1384 qtrod
1922 1331 2005 1374 amant
2030 1325 2137 1376 444535
2156 1327 2188 1376 45
2206 1341 2311 1380 -4444

419 1393 555 1444 possumus
573 1381 708 1432 beatificari
725 1379 772 1432 nisi
790 1381 817 1430 in
833 1381 885 1430 Bao
903 1379 936 1434 ib.
961 1381 976 1430 4
993 1409 1028 1420 -
1062 1385 1129 1434 Beati
1148 1385 1269 1438 videbunt
1286 1391 1419 1442 damnatos
1434 1395 1482 1444 369
1500 1395 1534 1448 75
1550 1403 1583 1436 -’-
1598 1399 1665 1450 ,Boni
1701 1403 1875 1454 formidatura
1892 1405 1954 1456 viris
1970 1391 2044 1460 iustis
2060 1407 2119 1460 ibid.
2131 1415 2227 1462 ss-non
2243 1419 2306 1464 sunt

371 1511 374 1514 .
419 1467 445 1518 ln
462 1467 516 1516 solo
533 1469 585 1516 Dee
598 1469 665 1516 tonte
676 1465 869 1516 immortalitatis
880 1467 957 1516 homo
970 1463 1029 1516 bea-
1062 1479 1113 1532 444
1130 1475 1237 1528 possunt
1258 1471 1284 1520 44
1307 1475 1423 1526 tenebras
1439 1485 1608 1538 ¹peccaterum
1626 1483 1666 1532 de
1701 1487 1789 1536 444444
1806 1487 1878 1538 iustis
1894 1497 1919 1540 et
1935 1497 1993 1542 44444
2010 1499 2152 1556 444444444
2164 1493 2213 1544 536
2228 1495 2304 1544 45-

379 1593 380 1598 ,
419 1549 527 1600 44444444
543 1549 575 1602 ab.
594 1549 735 1604 5-44444
752 1555 790 1598 444
800 1547 930 1600 beatitudo
947 1549 1028 1600 homi·
1063 1551 1185 1600 scandere
1208 1565 1253 1604 nec
1277 1557 1381 1608 transire
1398 1559 1431 1610 ad
1449 1559 1580 1614 damnatos
1596 1577 1666 1626 prae·
1701 1571 1839 1632 corporalia
1855 1585 1956 1634 semper
1972 1577 2071 1626 luerunt
2088 1581 2113 1628 44
2124 1583 2204 1638 erum,
2216 1591 2306 1642 quam·
2352 1599 2353 1602 ¹

419 1635 459 1686 nis
477 1635 569 1686 3384.
589 1633 620 1683 47
638 1631 675 1672 -ἰ
689 1633 803 1684 hauritur
830 1647 843 1682 4
868 1633 1028 1684 4444444444
1063 1633 1152 1684 444444
1180 1637 1278 1698 pietatis
1304 1641 1422 1692 44444444
1448 1643 1490 1694 441
1517 1645 1565 1696 433
1583 1645 1615 1696 56
1634 1673 1666 1684 -
1701 1651 1744 1702 diu
1761 1661 1850 1714 regnat
1866 1655 2066 1718 concupiscentia
2084 1657 2142 1710 ibid.
2160 1687 2193 1698 -
2205 1663 2306 1726 permit

417 1721 534 1768 aeternae
552 1715 602 1768 555
620 1719 644 1778 3,
662 1719 724 1768 3*-
737 1717 839 1766 Beosiu
852 1715 945 1780 nuptiis
963 1717 1027 1780 igni
1062 1717 1122 1766 Boui
1140 1731 1191 1768 non
1208 1727 1313 1782 possunt
1324 1725 1427 1774 transire
1439 1727 1472 1776 ad
1488 1729 1567 1778 malos
1583 1729 1668 1780 iuven·
1701 1739 1928 1790 tunturaBomiao
1940 1739 1973 1790 ad
1983 1741 2172 1794 subversionem
2182 1745 2306 1796 maiorum

418 1815 464 1866 per
473 1799 693 1864 desponsationem
703 1799 1028 1852 beatitudinemcotnmuni·
1062 1801 1118 1862 dos,
1136 1807 1335 1864 possuntlamen
1352 1807 1668 1872 adconteumlaudosibt'd.
1691 1819 1727 1868 'et
1742 1821 1941 1876 exercitationem
1965 1823 2089 1876 bonorum
2114 1825 2175 1878 ibid.
2204 1829 2264 1880 44444·
2280 1841 2304 1880 a.
2374 1853 2375 1856 ¹

419 1889 459 1936 cet
467 1885 539 1948 agno
549 1893 574 1936 et
583 1897 628 1948 per
638 1877 843 1950 consequeus'his
854 1885 898 1950 qui
911 1883 944 1934 ab
956 1885 1027 1946 liguo
1062 1911 1096 1920 -
1113 1885 1180 1936 Beati
1197 1889 1344 1940 rectitudine
1362 1889 1468 1942 iustitiae
1485 1895 1670 1956 constringente
1703 1899 1881 1954 Homicidium.
1907 1931 1939 1942 -·
1965 1919 2015 1958 non
2037 1913 2095 1960 sunt
2120 1899 2222 1972 signum
2249 1913 2305 1964 fluis

418 1973 477 2022 sunt
493 1969 603 2032 vocatil
626 1971 696 2020 3-
712 1969 769 2020 4444
787 1967 858 2020 beata
886 1967 965 2022 44444
983 1971 1027 2020 Dei
1063 1967 1128 2020 nulla
1146 1969 1179 2020 ad
1196 1971 1320 2034 reprobos
1345 1975 1519 2038 44444444444
1538 1983 1670 2032 moventur
1704 1983 1791 2032 muudi
1807 1983 1866 2036 ibid.

418 2053 579 2106 adhaerentia
594 2053 638 2104 444
657 2053 706 2104 374
723 2051 757 2104 73
1753 2091 1787 2102 -
1816 2069 1866 2120 Rea
1892 2071 1989 2136 triplex,
2016 2087 2075 2126 com
2101 2089 2152 2140 quo
2177 2079 2307 2142 tripliciter

468 2137 732 2202 -estgaudiumde
748 2137 853 2188 ueritate
869 2135 1029 2190 vitantia.
1113 2165 1148 2174 -
1164 2139 1276 2190 succedit
1301 2141 1356 2204 spei
1383 2143 1425 2192 444
1452 2141 1501 2192 387
1525 2145 1557 2194 33
1577 2161 1615 2182 ¹-
1632 2147 1671 2196 44
1705 2151 1867 2202 committitur
1889 2153 1980 2206 bellum
2005 2157 2047 2210 Vll
2074 2159 2122 2210 343
2147 2163 2187 2212 at.
2205 2165 2255 2214 383
2272 2163 2305 2212 64

419 2219 468 2272 469
487 2223 518 2272 43
536 2249 572 2262 -
587 2223 699 2274 consistit
716 2223 740 2274 in
758 2221 863 2272 veritate
880 2221 967 2272 diviua
979 2219 1028 2270 403
1064 2219 1242 2272 beatitudinem
1270 2229 1395 2276 aeternam
1422 2227 1505 2278 nullus
1531 2231 1598 2280 veuit
1623 2231 1669 2282 nisi
1706 2257 1739 2268 ·-
1756 2243 1814 2298 cum
1832 2247 1893 2296 rege
1909 2237 2042 2298 superbiae
2052 2243 2184 2294 committit
2200 2247 2243 2310 qut
2256 2245 2305 2298 dis.

419 2305 451 2354 49
469 2333 503 2342 -
520 2307 632 2360 consistit
649 2307 675 2356 iu
692 2307 789 2360 visione
802 2305 981 2370 Bciqeantum
995 2304 1029 2355 ad
1063 2315 1110 2368 444
1127 2305 1326 2358 misericordiam
1343 2309 1388 2360 [444
1406 2309 1455 2360 368
1474 2311 1503 2362 34
1540 2353 1542 2356 .
1705 2315 1887 2378 seutitabipso
1900 2333 1944 2382 per
1956 2323 2304 2390 poenitentiemdcpeccatis;

362 2407 363 2412 ¹
417 2391 550 2440 essentiam
569 2391 608 2442 trel
626 2397 748 2454 quantum
761 2391 792 2440 44
805 2403 894 2440 omnes
907 2401 1028 2452 personas
1113 2413 1148 2426 —-
1164 2389 1278 2452 Cognitis
1296 2393 1339 2442 Bel
1359 2405 1408 2456 per
1433 2393 1510 2444 fidem
1538 2397 1670 2448 4444444444
1706 2411 1764 2450 444
1781 2411 1842 2462 rege
1860 2401 1980 2464 iustitiae,
1997 2407 2040 2468 qui
2057 2409 2111 2456 vult
2127 2411 2152 2458 in
2170 2419 2304 2474 conspectu

419 2475 450 2524 44
476 2473 525 2524 496
550 2477 576 2524 44
605 2473 633 2524 B*
660 2501 693 2514 «-
719 2473 788 2526 Beati
810 2473 1029 2536 comprehendunt
1062 2471 1268 2536 est-principium
1286 2479 1311 2526 et
1328 2489 1403 2528 cansa
1420 2475 1581 2532 beatitudinis
1596 2481 1624 2530 iu
1637 2483 1672 2532 lu·
1706 2483 1751 2534 Bai
1768 2495 1795 2534 so
1812 2485 1946 2536 iustificare
1963 2501 2008 2550 per
2027 2491 2199 2544 confidentiam
2211 2497 2244 2546 de
2255 2509 2307 2546 mc·

418 2559 498 2612 Deum
516 2573 561 2622 per
578 2563 691 2622 apertam
710 2559 834 2610 visionem
851 2559 901 2608 350
920 2557 952 2606 46
972 2555 999 2606 3*
1061 2561 1119 2608 4444
1133 2557 1246 2640 44333
1269 2573 1296 2610 v.
1322 2561 1389 2610 3.-¹-
1405 2561 1479 2616 Fides
1504 2561 1629 2616 beatificat
1646 2567 1671 2616 iu
1705 2567 1759 2618 ritis
1765 2585 1773 2628 3
1790 2579 1848 2618 cum
1866 2583 1927 2634 rege
1944 2573 2129 2636 providentiae,
2141 2577 2184 2640 qui
2197 2591 2224 2630 se
2237 2585 2307 2642 44444

467 2671 501 2680 ..
518 2651 603 2694 nospes
620 2647 659 2694 est
683 2657 729 2706 per
755 2639 882 2692 bonorum
900 2641 1028 2706 possesso-
1061 2641 1168 2704 444434
1181 2657 1206 2692 v.
1220 2643 1251 2692 44
1269 2669 1304 2678 -
1321 2647 1498 2710 consequenda
1514 2661 1560 2710 444
1583 2649 1671 2700 muita
1705 2651 1737 2702 ad
1755 2651 1898 2706 conflictum
1910 2655 2042 2718 patientiae
2052 2657 2079 2708 in
2091 2658 2194 2720 flagellis
2206 2661 2308 2714 37364.

416 2741 474 2778 rum
492 2725 702 2780 interminabilem
715 2727 873 2780 durationem
886 2729 917 2778 44
932 2725 947 2776 4
965 2725 1027 2776 5-
1061 2725 1129 2786 6444,
1145 2737 1193 2788 444
1204 2725 1275 2780 liberi
1295 2729 1391 2780 arbitrii
1403 2733 1605 2792 cooperationem
1618 2735 1668 2784 338
1706 2735 1755 2786 383
1772 2735 1805 2786 64
1829 2765 1866 2776 -
1886 2743 1973 2790 contra
1997 2741 2126 2792 diabolum
2148 2747 2309 2797 committitur

417 2813 513 2876 Status,
531 2813 658 2878 4444444444
680 2815 777 2876 potest,
796 2809 886 2864 beatus
906 2815 1027 2872 444444,
1062 2811 1104 2870 64,
1122 2811 1149 2860 64
1172 2837 1206 2848 —-
1223 2813 1293 2864 Beati
1319 2819 1392 2868 444444
1408 2815 1452 2882 qui
1469 2815 1562 2868 habeut
1578 2819 1670 2880 iidem,
1704 2833 1750 2884 444
1766 2833 1844 2884 4444
1856 2823 1976 2874 virtutum
1988 2831 2013 2876 at
2024 2825 2208 2878 observantiam
2221 2831 2310 2882 decem

415 2897 462 2948 sed
479 2897 596 2948 miseriae
622 2895 735 2948 subiacet
756 2891 816 2948 ibid.
833 2921 868 2936 -··
893 2897 1027 2948 3444444444
1061 2895 1219 2964 4344444444
1238 2903 1261 2948 et
1279 2899 1463 2962 operationem,
1481 2903 1610 2954 veritatem
1628 2915 1670 2954 au·
1706 2903 1880 2956 mandatorum
1898 2905 2035 2960 resistendo
2047 2909 2113 2960 vitiis
2124 2911 2247 2972 oppositis
2259 2913 2307 2964 373

416 2981 507 3032 laetitia
520 2987 562 3032 444
578 2985 678 3032 aeterua
701 2979 761 3032 ibid.
778 3005 813 3018 --
830 2981 965 3032 Beatomm
981 2979 1027 3030 im·
1060 2981 1314 3046 44444444444444444
1325 2989 1350 3034 44
1362 2981 1479 3038 iacientes
1498 2987 1539 3038 444
1558 2987 1607 3038 397
1626 2989 1668 3054 63,
1704 2987 1737 3038 63
1755 3015 1788 3024 »-
1806 2991 1830 3038 44
1848 2987 1913 3042 bello
1931 3005 1990 3042 cum
2006 2991 2108 3044 44444444
2133 3005 2183 3046 444
2209 3001 2247 3048 est
2273 2999 2311 3048 la·

416 3065 554 3118 mortalitas
570 3069 608 3116 444
624 3065 675 3116 vita
693 3065 801 3128 gloriosa
821 3055 870 3116 436
888 3063 948 3134 444
986 3103 987 3106 ,
1061 3065 1092 3116 63
1111 3091 1145 3102 --
1163 3065 1338 3118 Beatiflcautur
1354 3069 1380 3120 in
1405 3071 1532 3134 Scriptura
1554 3087 1605 3124 uon
1631 3087 1668 3124 sc·
1703 3071 1824 3134 piendum
1841 3087 1888 3126 nee
1904 3077 2043 3128 timendum
2061 3083 2309 3140 proptermultitudi·

468 3177 501 3188 -
518 3155 603 3202 nostra
620 3155 658 3200 est
674 3159 721 3212 444
744 3149 871 3224 bonorum
889 3161 1027 3212 congrega·
1059 3149 1113 3200 lum
1130 3149 1276 3214 credentes,
1292 3153 1338 3204 sed
1361 3153 1436 3206 etiam
1454 3161 1598 3218 sperantes,
1615 3157 1668 3210 dili·
1703 3169 1761 3208 nem
1778 3159 1914 3224 exercitus,
1933 3161 1979 3218 sed
2004 3161 2184 3214 confidendum
2201 3165 2228 3216 in
2246 3167 2311 3218 auxi·

416 3223 507 3286 torum
527 3233 684 3298 tranquillam
710 3231 907 3296 possessiouem
923 3231 955 3282 Vl
974 3231 1024 3284 tt
1059 3237 1158 3296 gentes,
1175 3235 1307 3296 timentes,
1324 3245 1470 3300 operantes,
1482 3239 1674 3294 sustinenteset
1688 3241 1797 3294 lio'Bei
1814 3239 1876 3294 ibid.
1934 3269 1938 3280 ·

414 3309 450 3360 -ἐ-
466 3319 519 3372 siue
537 3315 895 3384 paceesseuonpotesttbtd.
908 3341 942 3356 -··
955 3317 1021 3368 Beati
1046 3309 1254 3380 'contemplantes
1271 3319 1303 3376 33
1322 3319 1354 3372 84
1371 3323 1557 3376 -Bentusest
1574 3323 1665 3388 omnis,
1688 3319 1689 3322 ’
1715 3345 1716 3348 ¹
1751 3349 1785 3366 a·
1813 3327 1977 3380 committitur
2006 3341 2067 3382 curn¹
2091 3343 2154 3394 rege
2181 3331 2309 3394 iustitiae,

415 3407 474 3456 suut
489 3391 514 3454 'in
533 3417 596 3468 pace
613 3403 696 3454 6343
957 3425 960 3432 «
1057 3401 1101 3466 444
1119 3403 1190 3454 44444
1207 3407 1231 3454 44
1248 3401 1335 3456 obedit
1352 3403 1402 3456 337
1420 3407 1452 3458 63
1699 3409 1827 3462 44444444
1850 3425 1927 3476 opera
1951 3413 2039 3466 dacem
2063 3415 2239 3468 mandatorum
2266 3419 2308 3468 Vll

465 3489 603 3542 -Nullus
620 3485 708 3540 beatus
719 3497 774 3538 esse
786 3491 868 3548 potest
879 3485 903 3536 44
917 3485 1023 3536 miseriis
1091 3511 1125 3524 —-
1142 3487 1278 3552 acquiritur
1300 3503 1346 3552 per
1368 3489 1539 3546 tribulationes
1557 3493 1589 3546 44
1615 3493 1664 3546 437
1697 3491 1749 3544 343
1767 3493 1800 3544 33
1817 3519 1852 3536 -··
1868 3495 2001 3548 committit
2018 3509 2076 3548 cum
2093 3511 2155 3562 rege
2172 3499 2305 3562 providen-

415 3573 447 3624 44
464 3575 498 3624 36
515 3587 542 3638 q.
562 3575 586 3624 3.
604 3573 620 3622 4.
639 3573 654 3620 3
672 3599 706 3608 -
722 3569 865 3622 4444444444
879 3569 1023 3620 4444444444
1057 3581 1083 3622 4.
1102 3571 1117 3622 5
1135 3599 1169 3608 -
1186 3571 1296 3638 Diligens
1322 3575 1440 3628 iustitiam
1467 3577 1551 3630 abeo
1568 3577 1664 3630 bontill-
1699 3575 1747 3630 tiae
1773 3587 1831 3628 com
1862 3579 1950 3632 decern
1976 3581 2086 3634 millibus
2111 3583 2156 3648 qul
2181 3585 2235 3636 velt
2258 3597 2306 3648 pro

415 3657 515 3710 miseria
535 3659 678 3710 molestatur
692 3657 724 3706 33
743 3669 770 3722 q.
788 3655 803 3704 3
820 3681 854 3694 --
870 3653 939 3706 Beati
956 3653 1023 3718 qttie
1058 3659 1128 3706 catur
1146 3657 1194 3706 444
1211 3671 1237 3708 v.
1260 3659 1266 3708 t
1698 3659 1795 3714 Christo
1812 3663 1935 3716 sustinere
1952 3677 2045 3728 magna
2062 3671 2087 3718 et
2104 3667 2183 3718 multa
2200 3667 2261 3722 ibid.
2273 3697 2307 3706 -·-

343 3757 347 3764 ’
414 3749 486 3794 scunt
504 3743 528 3794 44
554 3743 607 3794 Beo
631 3741 679 3792 433
697 3755 723 3792 4.
740 3741 756 3790 9
773 3765 808 3778 --
825 3739 850 3790 lu
870 3737 1024 3792 heatitudine
1108 3765 1142 3780 -
1160 3741 1228 3794 Beati
1245 3747 1302 3794 sunt
1319 3749 1422 3806 propter
1448 3747 1564 3800 meritum
1591 3749 1664 3800 44444-
1698 3745 1746 3810 Qui
1762 3758 1834 3797 snam
1852 3749 2009 3812 recognoscit
2027 3749 2195 3804 infirmitatem
2213 3753 2308 3816 adpe-

348 3859 349 3864 4
415 3833 454 3880 est
470 3827 543 3894 quies
560 3833 585 3878 et
602 3825 824 3890 rerigeriomlti
837 3823 886 3874 v.t
904 3823 1025 3888 -Quies
1058 3823 1173 3878 44444441
1201 3827 1227 3878 34
1251 3827 1278 3880 94
1309 3853 1344 3870 -
1366 3829 1436 3882 Beati
1461 3839 1518 3882 suot
1540 3845 1665 3896 pauperes
1699 3843 1775 3892 gnam
1797 3833 1895 3896 quaerit
1919 3845 1976 3882 eam
1994 3833 2119 3884 declinare
2137 3835 2258 3888 mittendo
2275 3839 2307 3890 le·

414 3905 702 3962 aeternaeincunditetis
719 3907 811 3962 dicitur
828 3905 967 3961 Sabbatum
983 3907 1024 3958 444
1060 3911 1107 3962 448
1127 3907 1168 3974 54,
1187 3911 1213 3962 54
1236 3939 1269 3950 -
1288 3913 1425 3966 esurientes
1441 3913 1561 3968 iustitiam
1580 3915 1611 3968 ab.
1631 3917 1663 3968 53
1700 3903 1826 3976 sadonem
1843 3913 1877 3968 ib.
1893 3917 1926 3968 64
1943 3941 1978 3954 -
1991 3917 2040 3968 944
2057 3919 2201 3982 repellenda
2219 3935 2306 3984 44444

415 3995 515 4060 38663
534 4023 567 4034 -
584 3995 651 4046 Beati
665 3997 727 4046 'non
750 3993 878 4058 patiuntur
894 3993 1023 4044 incursum
1058 3995 1092 4034 .¹..
1113 3995 1200 4046 4444444
1223 3997 1272 4046 443
1298 3997 1331 4048 33
1357 4025 1391 4038 -
1416 3999 1539 4062 patientes
1561 4007 1664 4064 propter
1699 3999 1862 4050 tentationum
1891 3999 1958 4064 regis
1983 4001 2130 4066 superbiae,
2160 4005 2305 4056 divinarum

414 4065 555 4134 4444444444
572 4091 618 4132 nec
635 4087 779 4142 pressuram
794 4075 962 4130 tribulationis
977 4089 1024 4128 nec
1057 4091 1156 4130 nomeu
1168 4079 1259 4132 Christi
1275 4079 1309 4134 ii.
1326 4079 1359 4132 34
1492 4089 1494 4094 ·
1588 4093 1590 4100 ’
1699 4081 1908 4144 disceptationum
1932 4085 2001 4146 regis
2024 4085 2307 4148 44444444444444444444-

416 4165 555 4230 periculum
572 4175 676 4216 occasus
692 4163 792 4214 44633
811 4163 839 4214 5
899 4183 901 4186 ·
977 4191 978 4194 =
1107 4189 1141 4204 -
1158 4167 1419 4230 soleepropenuutur
1429 4169 1554 4232 perlectis,
1571 4169 1665 4232 imper·
1698 4181 1773 4232 num,
1786 4181 1856 4232 quae
1874 4169 2307 4234 renitarcgeprovideutiae,mit·

400 4245 401 4248 ’
466 4271 501 4288 -·-
514 4249 566 4300 'erit
582 4247 636 4300 sinc
657 4247 799 4298 detscdone
823 4245 964 4298 relectionis
983 4247 1022 4297 Vll
1057 4247 1205 4300 4444444444
1220 4243 1282 4302 cum
1299 4251 1536 4304 comminationibus
1554 4253 1598 4304 Vll
1615 4253 1663 4304 463
1699 4251 1828 4308 44444444
1843 4253 2068 4316 legatioorationis
2084 4255 2135 4304 386
2153 4255 2185 4306 64

414 4333 465 4386 335
482 4333 516 4384 56
533 4357 568 4376 ....
584 4333 610 4384 io
628 4329 782 4382 beatitudine
799 4335 837 4380 cst
853 4329 956 4380 44444444
968 4329 1023 4382 siue
1056 4331 1089 4382 63
1104 4357 1141 4370 η-
1166 4331 1263 4396 septem
1277 4337 1442 4388 ¹concordant
1466 4337 1663 4400 septemdenis
1723 4355 1724 4358 ¹
1749 4337 1851 4386 —-¹Bex
1868 4335 2001 4400 superbiae
2026 4337 2095 4390 venit
2120 4351 2180 4388 curn
2197 4353 2304 4392 4444444

413 4409 512 4470 delecta
529 4421 554 4468 et
564 4415 624 4468 siue
642 4415 740 4466 fastidio
758 4415 807 4466 369
821 4413 858 4464 35
869 4429 909 4454 ³—-
921 4415 948 4464 ln
965 4411 1023 4464 bea-
1055 4415 1164 4478 34444444
1180 4415 1663 4484 444444444-4444644444444444
1698 4419 1824 4482 gemmato
1840 4421 2013 4472 4444444444
2026 4421 2075 4472 373
2093 4423 2307 4488 tta—neupra-

413 4499 520 4554 titudine
548 4499 701 4564 promlttitur
734 4499 895 4562 participatio
920 4497 1022 4550 4444444
1055 4499 1164 4566 quatuor
1181 4499 1322 4564 'uirtutibus
1347 4503 1602 4556 cardinalibus-obiit
1629 4533 1663 4542 —
1697 4503 1947 4556 videntiaeoocurrit
1962 4505 2037 4556 nobis
2053 4519 2112 4558 cum
2129 4507 2219 4570 viginti
2232 4493 2307 4560 'milli-

408 4585 551 4650 persentis,
566 4587 666 4648 ¹gustus
690 4583 792 4636 4444444
818 4581 947 4642 bonitatis,
965 4591 1021 4632 con·
1054 4587 1172 4650 quatuor
1185 4587 1256 4650 4444-
1275 4583 1663 4642 444444444444444144444-
1697 4587 1760 4654 hus,
1775 4589 1836 4652 qaia
1853 4587 1965 4640 Christus
1980 4601 2028 4652 444
2045 4589 2120 4642 uobis
2136 4593 2254 4658 sustinuit
2270 4593 2307 4642 in-

411 4667 539 4732 temptatio
556 4667 658 4720 diuinae
683 4667 794 4718 veritatis
815 4671 840 4718 et
865 4665 1020 4718 duratione·
1054 4667 1137 4734 plicita
1150 4665 1187 4722 ¹ab.
1205 4671 1239 4722 63
1277 4683 1278 4690 ¹
1462 4689 1463 4692 ¹
1498 4685 1499 4688 ¹
1697 4671 1899 4734 comparabiliter
1915 4673 1986 4736 plara
1999 4687 2076 4738 quam
2088 4673 2179 4738 aliquis
2190 4689 2237 4738 pro
2250 4675 2306 4740 4444

411 4753 532 4806 tenuitatis
547 4751 600 4806 tlt
617 4751 648 4802 49
668 4781 699 4794 -
718 4749 1032 4804 1454444444444444444
1060 4807 1062 4810 ,
1104 4769 1140 4792 -
1155 4757 1224 4808 Beati
1240 4755 1284 4820 qui
1301 4769 1347 4820 444
1370 4757 1447 4808 tidem
1473 4757 1600 4810 Christum
1627 4759 1662 4810 vi·
1697 4755 1729 4808 ab.
1747 4757 1779 4808 63
1798 4785 1832 4796 ...
1848 4759 1900 4808 Bex
1916 4757 2025 4808 iustitiae
2046 4759 2115 4810 venit
2135 4771 2195 4810 cam
2213 4761 2305 4812 severi·

411 4837 501 4902 gitudo
518 4837 676 4902 aeternitatis,
693 4835 798 4890 latitudo
810 4835 934 4898 bonitatis,
947 4833 1022 4896 subn
1054 4839 1147 4892 derunt
1163 4845 1188 4892 et
1204 4841 1339 4892 audierant
1355 4841 1380 4892 in
1397 4841 1439 4892 444
1457 4841 1498 4892 444
1516 4843 1566 4894 366
1585 4841 1663 4892 43-
1697 4847 1747 4892 tate
1763 4841 1915 4894 iudiciorum
1932 4839 1993 4894 44444.

411 4921 486 4974 mites
501 4921 631 4988 4444444444
656 4927 681 4974 44
705 4921 864 4986 profunditas
884 4919 1021 4982 sapientiae
1055 4923 1203 4986 Beatissimi,
1220 4925 1263 4990 qui
1290 4925 1415 4976 christani
1437 4925 1605 4978 videbuutiu
1621 4939 1664 4988 pa·
1747 4953 1782 4966 ·-
1798 4925 2005 4980 comminandum
2031 4933 2069 4980 est
2086 4927 2112 4978 in
2128 4929 2177 4978 hac
2193 4929 2245 4980 vite
2264 4929 2305 4978 vll

411 5007 467 5058 sive
482 5009 595 5060 veritatis
611 5003 672 5060 itta.
688 5033 723 5046 -
748 5009 833 5058 Partes
859 5003 1021 5058 heatitudiuis
1055 5009 1101 5060 4444
1124 5007 1183 5060 ibid.
1209 5037 1245 5052 -·
1269 5009 1338 5060 Beati
1359 5011 1405 5076 qul
1428 5009 1520 5064 rideat
1537 5011 1662 5064 christum
1698 5011 1748 5062 378
1767 5009 1794 5060 64
2048 5015 2049 5018 ’
2279 5055 2282 5060 .

411 5097 471 5144 sunt
498 5093 622 5156 ¹grandium
650 5093 753 5144 interius
781 5091 892 5152 animae,
918 5089 1021 5140 44444444
1056 5091 1104 5144 478
1124 5093 1155 5144 54
1329 5105 1330 5108 ¹
1363 5125 1365 5130 ,
1515 5129 1516 5132 η
1610 5107 1611 5110 ¹
1703 5119 1708 5138 ι
1748 5095 1843 5146 -bei
1860 5095 2055 5160 aenhaimpios
2065 5099 2306 5160 percreaturaserit

330 5221 331 5224 ,
412 5165 798 5244 444444,44444444444444444,
815 5175 933 5240 superius
948 5173 1023 5226 visio·
1106 5177 1245 5230 Beaezeeue
1261 5207 1295 5216 -
1313 5179 1473 5232 eretidolum
1486 5173 1611 5234 famosum
1622 5177 1664 5234 -vu
1700 5167 1818 5234 horribile
1835 5181 1873 5232 44
1887 5183 1936 5234 448
1953 5195 1980 5232 a.
1992 5183 2026 5232 34
2033 5205 2034 5208 ¹
2120 5203 2121 5214 2
2145 5195 2146 5200 ¹

305 5263 313 5322 s
410 5261 518 5314 ¹¹5⁸³⁴59
536 5263 573 5314 ⁸⁹²
843 5283 870 5298 ”
1057 5263 1106 5314 289
1125 5261 1158 5314 4⁰
1180 5289 1216 5302 ··
1236 5263 1336 5316 444θὶ443
1360 5265 1666 5318 84944164404444444444
1730 5267 1897 5318 *Berisamum
1914 5291 1949 5306 ·-
1970 5265 2111 5318 Beinohts
2134 5267 2230 5318 confert
2243 5267 2307 5318 ¹pius
2383 5313 2384 5316 Ἴ

452 5345 584 5400 -vneeti
606 5329 810 5424 nonsrcgabunt
826 5351 856 5398 ut
871 5345 1021 5410 incipentes,
1055 5347 1140 5400 ledaei
1166 5347 1317 5414 principem
1331 5349 1524 5402 daemoniorum
1549 5351 1666 5402 habitare
1700 5349 1823 5404 benehda
1841 5351 1948 5402 444493
1967 5349 1999 5402 56
2017 5349 2052 5390 -’-
2067 5351 2094 5402 44
2110 5349 2208 5402 Christo
2222 5351 2308 5414 imple·

360 5503 362 5506 ,
409 5433 523 5506 aedeis¹
535 5429 573 5486 444
595 5437 689 5512 4444444
711 5437 817 5506 ¹puncta
830 5429 1020 5484 succedenti!
1055 5433 1106 5486 393
1124 5433 1157 5486 43
1173 5449 1209 5476 ’κ
1225 5435 1592 5508 arat-nemenrtdtootoeam,
1613 5449 1666 5502 quo
1690 5441 1741 5512 ¹tae
1764 5441 1822 5488 suut
1842 5435 2035 5490 benedictiones
2055 5437 2154 5488 Butram
2173 5435 2201 5486 ot
2221 5435 2256 5488 73
2273 5459 2308 5476 -

411 5511 1022 5582 48353444·344444444444444444444444444
1055 5515 1488 5582 4444444444446444444444444
1504 5519 1551 5574 vir
1570 5525 1667 5574 musca·
1701 5519 1860 5576 Benedicitur
1878 5533 1891 5574 a
1910 5519 2007 5576 44444444
2030 5521 2073 5588 qui
2090 5519 2178 5574 obedit
2194 5521 2217 5572 44
2234 5527 2260 5574 44
2277 5521 2310 5570 ta·

410 5599 544 5654 438’44.“8’
603 5595 1250 5676 ”attinebantuuintoniamsensilia*'¹2
1394 5617 1397 5638 ³
1647 5617 1659 5644 ²
1701 5607 1843 5672 44444444,
1868 5619 1935 5674 quae
1953 5605 2144 5672 tecit,prcptar
2160 5605 2239 5660 44444
2258 5605 2308 5658 643

343 5679 344 5684 ’
408 5677 544 5740 44445444·
569 5727 570 5730 ,
641 5675 1020 5756 prunoliaeaut-ttnicmtate
1047 5715 1048 5718 =
1106 5687 1154 5742 Bet
1171 5713 1206 5730 -··
1228 5687 1341 5742 Statuam
1363 5689 1413 5744 Beli
1441 5689 1534 5744 mortui
1560 5689 1667 5758 44444444
1701 5693 1734 5744 63
1751 5705 1786 5732 ἰ-
1803 5691 1899 5756 madeo
1921 5689 2078 5744 obtinetura
2096 5689 2259 5756 vigilantibus
2278 5691 2309 5742 44

408 5767 459 5824 tila
471 5771 510 5822 34·
527 5769 647 5824 *nott
658 5771 723 5824 ’43444
734 5765 854 5828 metens
865 5785 866 5788 ¹
878 5765 1020 5824 etennbus
1044 5767 1665 5840 4443434444144]443444444440444446434445444
1687 5775 1750 5828 ato
1767 5789 1795 5828 4.
1808 5775 1845 5828 38
1866 5773 1905 5818 ⁶³
1915 5775 1960 5830 net
1977 5775 2124 5840 multiplicet
2142 5777 2183 5830 vlt
2198 5777 2250 5828 333
2268 5777 2301 5828 35

407 5845 865 5910 4444444’44444434444473433
1026 5875 1027 5878 ¹
1054 5857 1094 5910 vel
1112 5855 1254 5912 Beelzebub
1274 5857 1305 5910 44
1323 5849 1479 5930 334ῗ”’4446’
1521 5867 1559 5902 »1³
1639 5867 1664 5924 “1¹¹³-
1719 5893 1720 5896 =
1745 5875 1785 5900 -
1796 5857 1979 5914 dehetcheo
1995 5857 2043 5926 pm
2060 5861 2115 5916 alus
2131 5859 2259 5916 beneltcils
2277 5861 2309 5914 vt

329 5991 333 6002 ,
457 5939 578 5994 &Beati
595 5929 1022 6006 postttuemneenoneurreuonett
1042 5941 1043 5944 ’
1065 5941 1071 5982 ἐ
1086 5931 1206 6006 seneen
1219 5947 1254 5984 κ’·
1269 5937 1665 6000 4444444444444444444444444·
1700 5937 1853 6000 nassutti.
1871 5945 1967 5998 tutan
1984 5945 2037 5998 436
2049 5943 2310 6002 -neobmeoteen

407 6039 509 6082 somam
527 6025 630 6080 4444444
646 6025 674 6078 44
696 6017 798 6090 seraper
820 6019 882 6080 etim
900 6019 1019 6094 Bomtno
1043 6029 1146 6080 stantes
1163 6025 1195 6080 44
1214 6027 1242 6080 34
1264 6039 1291 6080 a.
1310 6027 1324 6078 8
1342 6023 1431 6096 -est
1449 6027 1489 6080 *ad
1501 6025 1663 6092 4444444454·
1697 6027 1951 6082 444444444444
1962 6033 2090 6082 atemere
2108 6027 2196 6082 44488
2213 6029 2259 6082 434
2273 6047 2309 6072 -ι

407 6113 495 6166 virent
513 6101 623 6164 444448
638 6109 674 6162 63
689 6115 722 6150 -“-
734 6107 811 6162 44444144
827 6101 1018 6176 4444444644
1039 6101 1184 6164 4444834.
1194 6105 1391 6164 ambulen
1403 6113 1443 6166 est
1464 6113 1662 6166 4444444444-
1697 6113 1900 6166 Benedicendum
1912 6113 1964 6166 Boo
1976 6125 2022 6176 par
2033 6113 2172 6176 granorum
2183 6113 2307 6168 actionem

409 6205 450 6254 44
467 6197 500 6252 44
518 6185 1019 6252 4444444444444444444444444444
1052 6191 1238 6248 brittanni
1366 6209 1369 6218 ¹¹
1470 6217 1486 6232 ν
1608 6203 1619 6220 “
1697 6195 1729 6248 59
1748 6193 1785 6248 67
1799 6219 1833 6236 ·¹-·
1850 6197 1903 6250 Beo
1921 6193 2012 6248 tributo
2027 6197 2090 6250 nlhil
2108 6197 2161 6248 Bao
2188 6197 2239 6262 dot,
2261 6197 2306 6250 sed

407 6277 590 6338 abundantiam
616 6293 662 6346 444
689 6273 897 6332 ardentissimum
919 6275 1018 6332 eleslde
1061 6277 1074 6310 Ψ
1102 6299 1141 6320 -¹
1154 6279 1243 6332 nteit
1259 6277 1368 6342 licitum,
1391 6271 1491 6344 ananei
1511 6281 1582 6348 4444
1604 6293 1662 6332 444·
1683 6281 1818 6334 'maresch
1835 6281 1949 6334 4444444-
1961 6279 2141 6334 644444444444
2160 6279 2209 6334 433
2227 6281 2260 6334 33
2273 6305 2307 6322 -

407 6365 489 6432 Μ»
505 6365 710 6434 Πωβῗάῗθθῑῐῦῑῐῐῃ
727 6355 877 6430 3044444344
891 6361 1017 6428 4444444444
1052 6367 1144 6416 currat
1158 6359 1311 6416 4444444444
1330 6369 1439 6428 persona
1465 6369 1496 6416 et
1514 6377 1591 6418 44444
1619 6365 1660 6420 444
1695 6363 2031 6420 344444444444444444444
2048 6365 2073 6418 in
2090 6377 2208 6418 sermone
2225 6367 2307 6420 mani·

407 6457 483 6508 mam
498 6449 601 6518 punam
624 6457 650 6506 et
675 6455 774 6504 rnatum
791 6449 888 6502 amoris
912 6443 1017 6502 4444444·
1050 6447 1086 6500 74
1102 6445 1135 6500 34
1152 6461 1283 6512 ιιι-’44444
1300 6443 1378 6500 debu
1393 6459 1449 6502 asse
1472 6449 1551 6502 444444
1567 6455 1593 6502 at
1609 6461 1662 6502 sae·
1696 6453 1759 6504 44444
1776 6443 1828 6504 453
1844 6449 1878 6502 cs
1935 6483 1936 6486 Ἴ
1977 6461 1978 6464 ,

408 6533 590 6592 remititte
611 6547 648 6580 ..¹..
671 6535 738 6590 Beati
764 6539 822 6588 sunt
838 6531 1016 6588 4444444444
1051 6533 1155 6598 aubrie,
1172 6545 1223 6586 non
1248 6531 1354 6588 44444444
1379 6533 1421 6586 vel
1446 6533 1660 6598 reticiosust'ltid.¹
1737 6535 1897 6588 ,4444444444
1913 6559 1947 6574 ω·
1963 6533 2020 6588 uide
2041 6533 2070 6588 t'.
2087 6533 2238 6590 24444444.

384 6651 385 6654 “
407 6615 602 6690 mmmm
620 6617 928 6676 ⁶⁰¹¹²¹³³⁸³i¹⁰⁰⁶¹¹¹v¹⁴⁷⁶
941 6611 1017 6672 '¹³⁴‘
1049 6635 1086 6662 *⁸
1098 6615 1308 6674 annaneane
1320 6617 1417 6672 neuen
1432 6623 1583 6682 4444444
1600 6617 1660 6674 itta
1745 6619 1779 6658 -¹
1791 6613 1938 6684 exempta
1951 6619 2166 6674 4444444444
2178 6617 2209 6672 vt
2222 6621 2271 6674 aaa
2282 6623 2307 6674 a

325 6697 327 6704 ’
408 6701 577 6762 3444444444
588 6701 826 6762 444-’4443444444
840 6705 1016 6758 rationarium·¹
1046 6729 1085 6748 «-
1100 6697 1170 6770 quod
1195 6703 1428 6770 444444444444444
1447 6705 1553 6766 nicetam
1578 6705 1662 6758 homi·
1696 6705 1739 6758 444
1754 6705 1788 6758 66
1807 6705 1839 6756 93

407 6791 492 6848 manis
518 6791 605 6858 gaudii
630 6791 681 6846 tar
699 6791 731 6844 to
748 6819 781 6832 -·
797 6789 870 6844 8444
887 6789 915 6842 bt
938 6793 1016 6852 aeter·
1049 6801 1128 6854 num,
1144 6789 1186 6842 vei
1202 6787 1341 6842 4444444444
1364 6783 1403 6842 est
1419 6787 1610 6842 illicitumibid.
1626 6797 1662 6830 κ’
1747 6791 1923 6844 3444444444
1944 6815 1979 6830 -ι-
2004 6791 2139 6844 mandatur
2163 6791 2192 6842 iu
2216 6797 2308 6858 qrteno

407 6893 469 6942 num
487 6879 599 6944 madent
615 6879 649 6932 de
666 6879 745 6944 gioria
762 6873 852 6952 Christi
871 6875 1017 6926 463334-
1050 6869 1089 6926 est
1104 6875 1198 6926 licitum
1217 6881 1265 6938 pro
1289 6875 1365 6926 tutela
1392 6875 1501 6942 4444444,
1518 6877 1560 6928 444
1577 6875 1661 6940 pacis,
1697 6881 1833 6938 praecepto
1860 6875 1901 6928 vu
1930 6875 1977 6926 463
2002 6877 2046 6938 33,
2063 6875 2094 6928 33
2112 6901 2147 6916 --
2163 6879 2309 6930 illaudatum

407 6965 477 7016 Beati
493 6965 647 7018 delectantur
664 6965 757 7018 lumine
773 6953 865 7016 Christi
878 6959 930 7012 536
938 6955 964 7012 3
1013 6969 1014 6972 ’
1050 6959 1091 7012 444
1108 6959 1167 7010 lidel
1185 6959 1244 7012 ibid.
1342 6963 1343 6966 ’
1376 7025 1381 7036 .
1447 6965 1448 6968 ’
1518 6971 1519 6974 ¹
1592 6973 1593 6976 ¹
1697 6959 1878 7014 benetlcentiae
1899 6975 1927 7014 se
1943 6959 2054 7028 44444444
2070 6961 2103 7016 ad
2120 6977 2210 7016 oannes
2232 6965 2309 7016 etiam
