5908 8266
822 611 887 664 LEV
1203 525 1242 594 ΙΝ
1263 521 1557 592 Chulttllhlhlos
1579 525 1611 590 S.
1634 521 1860 590 scillaruhlc
2185 623 2239 674 Ltll
2468 527 2532 596 783

591 727 628 740 -
644 699 695 752 Per
711 695 807 754 decem
823 699 1106 766 leprososintelllgitur
1124 701 1180 752 uui·
1215 701 1287 756 bona
1306 707 1330 754 et
1349 701 1476 756 divinitus
1493 701 1544 754 lata
1571 707 1631 754 ante
1657 699 1857 756 consummatio·
1891 713 1947 754 ram
1969 705 2048 758 homo
2066 707 2276 770 praedestinatus
2288 713 2326 762 est
2340 707 2372 760 44
2393 707 2475 758 vitam
2487 705 2534 758 Vll

540 787 650 840 versitas
689 795 856 854 peccatorum
891 791 1059 854 peccantium
1077 793 1179 856 ¹contra
1214 803 1276 842 nem
1298 791 1342 842 434
1369 791 1401 844 33
1891 789 2052 842 36334-
2070 793 2140 846 vitae
2167 797 2205 844 est
2229 797 2346 860 cognitio
2363 791 2534 860 approbatio-

541 875 700 942 decalogum
717 875 762 932 Vll
776 877 828 932 434
842 877 1053 944 36-444444444
1064 875 1090 926 44
1105 881 1180 942 porta
1268 893 1374 930 -non
1392 877 1527 932 iudicabat
1546 879 1680 932 hominem
1697 877 1754 930 sine
1773 875 1857 942 inqui·
1891 875 1931 930 nis
1949 875 1985 930 444.
2002 877 2123 932 35-44
2142 879 2209 932 libro
2228 879 2296 932 ritae
2311 881 2373 932 mali
2389 895 2442 934 non
2462 881 2534 934 inve·

539 965 673 1018 Samariae
691 965 828 1034 designant
846 965 1102 1034 qrradriiormitatem
1120 977 1179 1018 cau·
1214 965 1308 1018 sitione
1325 965 1361 1016 Vl
1379 965 1432 1018 353
1451 967 1500 1032 68,
1520 965 1555 1018 63
1572 995 1611 1004 -
1631 981 1685 1020 raon
1712 963 1857 1020 damnabat
1891 965 1995 1016 nicatur
2012 965 2122 1018 finaliter
2141 965 2232 1030 scripti
2248 965 2285 1022 r'b.
2305 965 2341 1018 34
2354 995 2388 1008 -
2401 981 2454 1036 non
2472 981 2533 1020 mn-

539 1067 584 1106 sae
602 1055 704 1118 peccati
722 1051 783 1110 ibid.
806 1081 837 1094 -
859 1053 976 1106 mundati
997 1057 1059 1106 sunt
1076 1067 1124 1118 per
1140 1053 1179 1106 tii·
1214 1065 1377 1120 quemquam
1395 1055 1451 1106 sine
1472 1059 1623 1108 accusatore
1642 1055 1694 1108 357
1715 1055 1798 1108 46-
1814 1067 1857 1106 oc·
1893 1058 1961 1106 tatur
1980 1049 2091 1106 ltid.-
2109 1053 2135 1104 ln
2156 1067 2186 1106 eo
2206 1055 2281 1106 multi
2299 1055 2422 1108 videntur
2439 1055 2532 1118 scripti

540 1143 632 1196 vinum
650 1141 792 1208 imperium
812 1141 864 1196 435
883 1143 916 1192 38
935 1169 969 1180 -
989 1155 1126 1206 regressus
1142 1141 1179 1196 ad
1215 1141 1279 1194 cidit
1298 1145 1322 1194 et
1340 1139 1433 1206 punit,
1445 1155 1499 1196 non
1511 1143 1623 1196 ministri
1634 1145 1698 1208 legis
1713 1145 1755 1196 Vll
1767 1141 1803 1194 78
1821 1143 1857 1196 34
1892 1141 2039 1196 secundum
2057 1145 2224 1204 praesentem
2241 1139 2379 1206 iustitiam,
2393 1141 2438 1208 qui
2453 1155 2532 1208 appa·

539 1229 637 1294 gratias
655 1231 773 1296 agendas
793 1231 924 1296 significat
947 1231 1073 1284 unitatem
1097 1231 1179 1284 eccle·
1268 1229 1444 1282 —Doctrina
1463 1229 1529 1296 legis
1548 1229 1628 1296 Moysi
1656 1245 1747 1298 aspera
1775 1235 1814 1284 est
1830 1235 1857 1284 et
1891 1229 2049 1284 rohnntnon
2062 1227 2153 1292 scripti
2166 1229 2312 1282 secundum
2324 1229 2442 1282 divinam
2456 1241 2532 1296 prae·

540 1319 670 1372 siasticam
690 1317 724 1372 40.
746 1319 773 1372 34
798 1349 832 1358 -
852 1319 983 1372 aChristo
996 1325 1102 1374 curatus
1121 1319 1179 1372 mit·
1215 1319 1282 1372 dura
1302 1317 1335 1370 Vl
1356 1317 1407 1370 333
1427 1317 1454 1370 34
1479 1345 1515 1358 -
1533 1319 1560 1370 44
1587 1321 1660 1384 Lege
1682 1319 1857 1372 servabantur
1892 1319 2027 1372 scientiam
2054 1313 2115 1370 44444.
2140 1343 2176 1356 -
2200 1317 2229 1368 44
2252 1317 2319 1370 libro
2348 1317 2417 1370 ritae
2441 1317 2532 1384 scripti

539 1407 602 1460 titur
616 1409 648 1460 ad
662 1407 812 1460 sacerdotes
828 1409 858 1460 in
875 1409 1054 1460 testimonium
1073 1409 1120 1460 434
1144 1409 1179 1460 33
1215 1407 1338 1460 mandata
1358 1419 1388 1456 ex
1401 1405 1495 1458 timore
1508 1405 1560 1458 440
1579 1407 1614 1458 34
1625 1433 1663 1448 -
1676 1409 1700 1460 44
1715 1409 1785 1472 Lege
1802 1421 1857 1460 non
1891 1411 1952 1462 sunt
1971 1411 2068 1460 tantum
2090 1405 2154 1458 boni
2172 1403 2281 1458 linaliter
2298 1409 2324 1458 et
2337 1405 2454 1460 salvandi
2468 1403 2530 1460 thid.

591 1495 687 1548 Laura
705 1495 781 1548 -in
796 1495 837 1550 via
852 1497 1017 1550 aterusalem
1032 1499 1059 1550 in
1077 1497 1178 1550 iericho
1214 1497 1269 1548 erat
1289 1493 1414 1548 meritum
1433 1493 1480 1546 534
1504 1495 1538 1544 43
1560 1523 1598 1532 -
1616 1493 1736 1558 promisit
1753 1499 1855 1548 tantum
1889 1523 1926 1536 -
1939 1495 1968 1548 ln
1985 1493 2051 1548 libro
2063 1495 2134 1548 vilae
2156 1491 2300 1546 secundum
2321 1493 2460 1548 4444444444
2477 1507 2530 1548 444

540 1595 571 1636 ex
589 1583 694 1648 pigritia
713 1583 797 1638 noluit
814 1583 923 1640 visitare
940 1587 1047 1640 tratrem
1058 1589 1179 1640 vulnera·
1214 1583 1326 1650 gratiam
1346 1587 1371 1634 44
1390 1581 1528 1636 veritatem
1548 1585 1572 1634 et
1592 1595 1645 1634 non
1664 1583 1737 1634 dedit
1754 1583 1806 1634 355
1819 1583 1854 1634 38
1890 1583 2041 1638 scribuntur
2060 1583 2109 1636 nisi
2128 1581 2238 1636 finaliter
2256 1583 2319 1636 honi
2339 1581 2371 1636 40.
2392 1583 2424 1634 35
2438 1613 2474 1622 --
2490 1584 2531 1635 De

518 1661 595 1724 ¹tum
617 1671 657 1724 ru
678 1671 729 1724 370
749 1673 782 1728 56
802 1703 836 1714 -
855 1675 912 1730 Fuit
931 1675 956 1728 in
974 1691 1005 1730 eo
1025 1675 1112 1742 magis
1137 1689 1177 1728 re·
1214 1699 1251 1712 -
1277 1671 1360 1736 Moysi
1382 1671 1483 1724 44444444
1509 1669 1647 1722 sanitatem
1676 1669 1786 1722 contulit
1807 1673 1855 1722 ho·
1890 1673 1959 1724 libro
1986 1673 2054 1726 44444
2082 1673 2164 1724 444444
2186 1685 2238 1724 444
2265 1675 2375 1740 possunt
2400 1671 2444 1738 qui
2471 1677 2531 1724 sunt

539 1759 714 1824 prehensibile
734 1775 814 1828 qaam
842 1763 870 1816 in
893 1763 950 1816 aliis
979 1759 1099 1828 personis
1126 1777 1179 1816 noh
1216 1761 1280 1814 mini
1301 1761 1344 1812 vll
1372 1757 1419 1812 374
1451 1759 1486 1812 63
1503 1787 1541 1798 -
1558 1763 1668 1824 peccata
1688 1757 1790 1822 arguit,
1807 1759 1854 1812 sed
1891 1759 1982 1826 scripti
1997 1761 2127 1826 scriptura
2149 1759 2335 1826 praescientiae
2354 1761 2406 1814 364
2423 1761 2460 1814 35

539 1847 645 1900 44444444
664 1849 828 1904 vulneratum
850 1849 911 1905 4444,
1178 1847 1371 1914 pertransit,
1389 1845 1452 1914 quia
1473 1847 1662 1912 indulgentiam
1673 1859 1728 1898 non
1745 1845 1855 1910 largitur
1942 1851 2106 1902 4444444444
2121 1875 2160 1888 -
2177 1851 2292 1912 perlecta
2304 1851 2381 1916 plura
2395 1847 2474 1916 exigit
2485 1847 2531 1900 Vll
2641 1907 2643 1912 ,

591 1965 628 1974 -
654 1943 750 2004 typum
776 1939 889 1994 ostendit
918 1941 1108 2004 Prophetarum
1134 1937 1180 1988 Vll
1217 1933 1278 1990 t'bt'd.
1458 1979 1459 1982 ,
1893 1933 1942 1988 476
1965 1935 1995 1988 43
2014 1965 2050 1976 -
2068 1937 2097 1988 ln
2114 1935 2266 1992 iiberalitate
2292 1953 2348 1992 non
2364 1937 2463 2004 spolia,
2481 1937 2530 1990 sed

541 2023 586 2078 374
613 2027 645 2078 63
1268 2051 1306 2064 -
1322 2025 1441 2088 Tempus
1468 2023 1533 2090 legis
1559 2021 1690 2078 mosaicae
1719 2021 1855 2076 ordinatur
1891 2025 1962 2078 dona
1980 2029 2142 2090 quaeruntur
2168 2023 2230 2078 c'bt'd.
2255 2057 2290 2066 -
2316 2041 2369 2096 quc
2395 2027 2531 2094 indulgen·

592 2115 644 2166 Lsx
665 2145 699 2152 -
717 2115 843 2168 naturalis
863 2117 957 2180 scripta
988 2117 1026 2166 est
1046 2113 1070 2166 in
1100 2113 1180 2166 corde
1216 2111 1251 2164 ad
1268 2117 1374 2174 tempus
1394 2111 1493 2176 gratiae
1521 2111 1554 2164 Vl
1573 2111 1624 2164 366
1645 2113 1678 2164 66
1696 2139 1734 2150 -
1750 2109 1793 2162 Ad
1819 2111 1856 2162 le·
1892 2111 1957 2178 tior,
1976 2125 2007 2166 eo
2028 2111 2228 2166 inexcusabilior
2253 2117 2404 2180 pervicacia
2422 2115 2474 2168 604
2494 2117 2529 2168 43

541 2201 654 2252 hominis
674 2201 704 2252 Vl
726 2201 777 2254 307
797 2217 822 2254 4.
837 2203 871 2254 43
887 2231 926 2240 -
943 2207 1053 2254 naturae
1070 2201 1180 2254 interius
1217 2213 1280 2264 gem
1298 2203 1417 2250 ueterem
1444 2197 1593 2264 pertinebat
1616 2199 1689 2266 loqui
1718 2199 1744 2248 in
1763 2197 1857 2264 rigoris
1892 2231 1927 2240 —
1955 2201 2040 2254 dantis
2066 2201 2142 2252 offert
2168 2213 2196 2252 se
2223 2201 2388 2270 beneplacito
2417 2205 2531 2270 petentis

541 2291 671 2352 impressa
688 2291 728 2340 est
746 2289 770 2342 in
791 2289 916 2342 omnibus
935 2289 978 2341 Vll
999 2287 1051 2342 434
1070 2289 1105 2340 34
1217 2287 1354 2340 veritatem
1372 2285 1554 2340 claudentibus
1565 2301 1615 2352 per
1629 2285 1751 2340 umbram
1771 2283 1856 2340 eloh·
1894 2289 1938 2342 474
1965 2287 1996 2340 64

594 2403 630 2414 -
648 2375 744 2428 dicitur
761 2377 865 2442 lumen,
882 2377 945 2444 quia
964 2375 1092 2430 illuminat
1112 2375 1181 2428 intel·
1217 2375 1368 2430 scarritatem
1387 2375 1438 2426 333
1460 2375 1493 2426 65
1512 2378 1622 2428 -erat
1640 2373 1856 2428 umbralnminis
1944 2377 2071 2428 eraaxma
2091 2403 2124 2414 -
2151 2375 2247 2430 Servus
2276 2379 2376 2444 indiget
2402 2383 2424 2430 ct
2444 2381 2532 2444 potest

542 2465 649 2530 lectum;
671 2465 866 2532 incorruptum,
882 2465 945 2532 quia
965 2465 1086 2530 purificat
1104 2465 1179 2518 vela
1217 2465 1334 2518 veritatis
1353 2465 1519 2528 evangelicae
1541 2465 1582 2516 Vll
1601 2465 1651 2516 338
1671 2463 1706 2516 67
1725 2491 1759 2504 -
1779 2465 1856 2516 Tem·
1892 2463 1996 2518 liberari
2026 2477 2072 2530 per
2099 2465 2190 2516 Filium
2219 2465 2252 2516 Vl
2273 2465 2324 2518 364
2345 2465 2376 2518 40
2396 2495 2430 2506 ·-
2450 2467 2529 2520 Filius

542 2553 708 2618 corruptione
722 2561 861 2608 conservat
874 2555 996 2606 aliectum
1013 2555 1110 2608 444333
1122 2553 1180 2606 ml
1218 2565 1267 2618 pus
1280 2551 1358 2616 Legis
1369 2559 1409 2606 est
1427 2567 1478 2604 nox
1493 2556 1603 2618 propter
1615 2551 1737 2606 umbram
1756 2551 1856 2606 litterae
1892 2551 2238 2608 nosliberavitredimendo
2252 2553 2328 2608 4454
2344 2585 2377 2594 -
2391 2555 2531 2620 Redempti

540 2667 576 2680 -
595 2639 734 2696 observata
753 2643 880 2696 illuminat
893 2639 943 2694 374
965 2644 997 2696 ts
1217 2641 1363 2706 figurarum
1382 2641 1416 2694 Vl
1435 2639 1482 2692 534
1507 2641 1540 2692 43
1555 2669 1590 2678 -
1602 2641 1700 2696 Umbra
1719 2641 1796 2704 Legis
1807 2655 1856 2706 per
1892 2657 1985 2696 snmus
2005 2655 2022 2692 a
2040 2639 2151 2708 Christe,
2168 2645 2197 2692 ul
2216 2641 2296 2696 simus
2313 2641 2391 2696 liberi
2408 2639 2469 2696 thid.
2491 2663 2531 2684 ·-

594 2759 630 2768 -
650 2731 679 2782 ln
694 2729 883 2784 considerando
901 2731 987 2794 legem
1007 2729 1124 2782 divinam
1144 2729 1181 2784 di·
1218 2729 1350 2784 Christum
1368 2741 1497 2782 conversa
1516 2735 1555 2784 est
1566 2729 1594 2782 in
1607 2729 1745 2784 veritatem
1759 2729 1809 2784 370
1823 2729 1855 2782 43
1893 2731 1995 2786 Veritas
2006 2729 2122 2784 liberata
2133 2729 2211 2794 culpa
2220 2733 2244 2782 44
2257 2733 2423 2798 corruptione
2433 2733 2483 2786 363
2496 2731 2531 2786 47

542 2819 624 2882 ligans
648 2819 760 2872 eflicitur
786 2823 866 2874 homo
883 2819 910 2870 in
928 2819 1096 2872 observantia
1115 2819 1182 2884 legis
1271 2817 1393 2870 -Finis
1418 2819 1494 2884 Legis
1523 2825 1561 2872 est
1589 2831 1636 2884 per
1664 2819 1857 2872 inchoationem
1946 2849 1980 2858 -
2006 2819 2043 2870 Dc
2069 2819 2222 2872 liberatione
2248 2835 2264 2874 a
2291 2825 2418 2886 potestate
2446 2833 2532 2888 perse·

542 2909 576 2960 lli
595 2909 645 2960 308
668 2909 695 2960 34
723 2907 749 2960 l*
1218 2909 1281 2960 nori
1300 2907 1446 2960 testamenti
1472 2907 1514 2960 Vll
1539 2907 1590 2960 443
1610 2909 1638 2960 34
1663 2935 1697 2948 -
1717 2909 1856 2972 Praecepta
1895 2909 2032 2978 quentium
2049 2907 2119 2960 Deus
2138 2913 2175 2960 est
2194 2909 2342 2962 laudandus
2362 2911 2406 2962 Vll
2425 2909 2460 2962 40
2478 2909 2531 2962 437

594 3021 630 3034 -
648 2995 779 3060 pendete
803 2997 940 3052 dilectione
962 2997 1008 3050 Dei
1027 3001 1053 3050 el
1070 2995 1181 3062 proximi
1219 2999 1311 3062 legalia
1331 2999 1435 3050 luerunt
1453 3001 1632 3050 consummata
1660 3011 1707 3062 per
1726 2995 1857 3050 Christum
1895 3027 1929 3038 -
1947 2995 2058 3050 Liberati
2079 3009 2126 3062 per
2141 2995 2271 3050 Christum
2286 2997 2363 3050 nobis
2375 2999 2466 3052 datum
2479 3011 2532 3050 ser·

542 3083 585 3136 Vll
607 3083 656 3136 346
675 3083 706 3134 30
722 3083 863 3138 -Christi
875 3083 993 3138 consistit
1004 3083 1032 3136 iu
1045 3083 1182 3138 dilectione
1220 3085 1252 3138 64
1273 3087 1306 3138 30
1333 3113 1369 3125 -
1388 3085 1491 3150 Lagaria
1516 3089 1607 3140 vetera
1624 3089 1698 3138 eraut
1717 3085 1855 3140 transitura
1894 3089 1970 3140 aiunt
1986 3085 2098 3140 Domino
2116 3083 2153 3140 444.
2171 3085 2219 3138 434

543 3171 656 3236 prosimi
677 3169 722 3222 374
745 3171 772 3222 64
791 3171 883 3224 -liei
897 3173 1062 3238 adimpletur,
1075 3173 1182 3238 quando
1220 3173 1373 3228 54533-
1395 3175 1511 3226 mosaica
1531 3187 1578 3240 per
1595 3173 1725 3228 Christum
1741 3179 1782 3228 est
1799 3189 1857 3228 eva·
1947 3203 1982 3212 -
1999 3171 2532 3242 LiberanturamaloquiaudiuntChri·

542 3273 594 3312 non
615 3259 698 3312 solum
718 3257 802 3312 uerbo
826 3263 853 3312 et
872 3261 973 3326 animo,
991 3273 1085 3312 rerum
1104 3259 1182 3312 ctiam
1220 3269 1296 3316 cuata
1313 3263 1365 3314 Ll3
1384 3263 1419 3314 30
1895 3268 1965 3316 stum
1978 3261 2109 3314 credendo
2123 3267 2151 3316 44
2162 3259 2308 3316 obediendo
2324 3265 2364 3318 llll
2381 3263 2412 3316 40
2426 3263 2472 3314 431
2495 3289 2532 3302 ·-

446 3365 451 3378 ·
543 3349 610 3400 lacto
627 3345 764 3412 proximus
793 3347 954 3416 quicumque
981 3347 1102 3414 indigens
1122 3363 1182 3412 sup·
1273 3379 1308 3390 -
1327 3355 1418 3402 manet
1433 3353 1561 3416 quantum
1581 3353 1615 3404 44
1639 3351 1800 3416 spiritualem
1820 3345 1869 3402 in?
1895 3349 2025 3404 Liberatio
2045 3349 2149 3402 aninrae
2174 3349 2330 3414 poenitentis
2353 3365 2367 3402 4
2394 3351 2532 3404 tentatione

543 3441 662 3502 portatur
680 3431 743 3488 thid.
1220 3437 1386 3502 telligentiam
1413 3437 1641 3490 caeremonialium
1669 3443 1695 3490 et
1723 3437 1856 3490 litteralem
1895 3437 1990 3492 diaboli
2010 3437 2163 3504 designatur
2189 3437 2216 3490 in
2242 3439 2376 3492 sedatione
2402 3439 2532 3502 procellae

596 3553 631 3562 -
649 3521 720 3576 Finis
738 3525 803 3590 legis
821 3525 958 3588 naturalis,
985 3523 1125 3590 mosaicae,
1145 3527 1182 3576 le·
1220 3523 1416 3578 observantiam
1433 3525 1573 3578 moralium
1588 3527 1627 3578 llll
1645 3527 1692 3578 443
1709 3527 1740 3578 30
1761 3555 1796 3564 -
1814 3539 1857 3578 ve·
1895 3527 1946 3578 300
1967 3527 1998 3578 43

544 3613 609 3680 galis
626 3613 778 3666 4444444444
804 3613 839 3666 Vl
868 3611 919 3666 443
938 3627 965 3666 4.
986 3613 1017 3664 ta
1037 3641 1071 3652 -
1091 3611 1179 3666 Custo-
1219 3617 1269 3680 4444,
1287 3613 1347 3666 licet
1371 3613 1492 3666 videatur
1511 3611 1673 3676 transitoria,
1692 3627 1801 3668 manens
1820 3619 1854 3668 ta·
1946 3617 2169 3668 Lrsaarns-est
2181 3613 2336 3682 quintuplex
2347 3615 2381 3668 Vl
2395 3613 2445 3668 575
2460 3629 2484 3666 4.
2498 3613 2532 3666 344

544 3701 607 3756 ditio
624 3703 714 3766 legum
734 3707 771 3754 est
791 3715 869 3756 causa
887 3701 1180 3756 consummataeincor·
1220 3713 1282 3754 men
1299 3707 1339 3754 est
1357 3701 1441 3766 magis
1466 3715 1546 3768 qnam
1575 3703 1711 3756 mundana
1737 3707 1856 3756 creatura
1947 3701 2064 3752 —Deus
2076 3701 2173 3754 homini
2186 3701 2259 3754 dedit
2272 3701 2383 3754 liberum
2394 3701 2532 3756 arbitrium

542 3789 672 3854 ruptionis
688 3789 828 3854 spiritualis
849 3797 902 3842 tam
921 3791 1014 3842 mentis
1034 3803 1180 3858 quamcor·
1221 3791 1270 3842 414
1291 3791 1323 3842 33
1344 3791 1444 3842 -Per
1465 3789 1633 3842 mutationem
1662 3791 1727 3842 ritus
1745 3793 1855 3854 pascha·
1894 3791 1926 3842 Vl
1946 3791 1974 3842 54
1989 3803 2016 3856 q.
2031 3790 2040 3839 l
2057 3789 2253 3856 -Unicnique
2271 3791 2440 3844 committitur
2459 3789 2532 3856 liber·

543 3877 616 3944 poris
633 3877 661 3930 in
681 3879 811 3942 praesenti
830 3875 892 3932 thid.
1218 3879 1248 3932 lis
1274 3883 1360 3932 celera
1377 3877 1456 3944 Legis
1472 3879 1648 3932 ¹Sacramenta
1670 3881 1714 3932 vel
1734 3877 1802 3932 iussa
1823 3879 1855 3932 ad
1894 3883 1931 3932 tas
1952 3879 2096 3932 voluntaria
2124 3879 2168 3930 Vll
2188 3875 2238 3932 504
2261 3881 2291 3932 43
2310 3909 2346 3918 ψ
2369 3877 2463 3932 Libera
2486 3881 2532 3932 ho·

596 3993 630 4004 -
649 3965 739 4016 444444
756 3971 863 4020 accusat
889 3965 1004 4018 animam
1034 3965 1180 4018 4444444444-
1219 3965 1392 4032 spiritualium
1412 3965 1608 4020 observantiam
1625 3967 1803 4020 transferenda
1823 3967 1857 4020 si·
1894 3965 1972 4020 minis
1994 3965 2115 4020 voluntas
2144 3970 2263 4018 servatur
2286 3965 2337 4018 506
2367 3969 2400 4018 48
2424 3981 2532 4020 -uon

543 4059 596 4106 tem
616 4055 647 4106 ill
673 4051 758 4106 5733
789 4077 822 4092 s·—
848 4055 936 4108 divina
962 4061 1067 4108 accusat
1092 4067 1180 4108 secun·
1219 4055 1374 4122 gnificantur
1394 4053 1444 4106 546
1467 4053 1589 4108 34-44
1606 4055 1747 4118 Evangelio
1768 4067 1856 4108 secun-
1895 4055 1963 4122 perit
1980 4055 2007 4106 in
2027 4055 2187 4108 confirmatis
2205 4067 2254 4108 nec
2278 4055 2304 4106 44
2333 4055 2531 4120 praedestinatis

482 4175 483 4178 =
544 4141 714 4196 dumlorum
734 4143 845 4196 iustitiae
863 4141 915 4194 570
933 4159 961 4196 4.
982 4143 1013 4196 40
1220 4145 1284 4198 darm
1298 4145 1425 4208 optimam
1439 4143 1650 4198 convenientiam
1662 4143 1749 4196 linitur
1764 4143 1789 4196 in
1801 4157 1857 4208 pas·
1895 4145 1928 4196 Vl
1958 4145 2008 4198 333
2038 4143 2073 4196 55
2099 4169 2137 4184 -·
2160 4145 2188 4196 ln
2216 4145 2415 4208 praedestinatis
2445 4151 2532 4196 manet

570 4235 571 4240 ’
596 4257 630 4268 -
644 4229 759 4284 veritalis
772 4231 943 4298 impugnatur
954 4231 1084 4286 haeretica
1097 4229 1182 4298 pravi·
1220 4231 1293 4286 sione
1310 4231 1406 4286 Christi
1424 4231 1461 4284 Vl
1479 4231 1531 4284 343
1550 4233 1585 4282 48
1895 4231 1995 4288 arbitrii
2023 4231 2129 4286 libertas
2155 4233 2188 4284 ad
2216 4235 2380 4298 peccandum
2407 4229 2469 4286 ibid.

441 4363 442 4368 ,
544 4321 604 4382 tate,
623 4319 712 4382 gentili
731 4319 930 4384 superstitione,
948 4319 1052 4372 ludaica
1070 4319 1181 4386 perfidia
1273 4323 1316 4374 er
1336 4349 1371 4360 -
1389 4321 1416 4374 44
1433 4333 1482 4374 suo
1501 4319 1857 4386 canticofiguraesthlariac
1949 4349 1983 4362 -·-
2002 4319 2100 4374 arbitrii
2119 4321 2148 4372 44
2159 4319 2232 4372 ranis
2245 4327 2271 4376 et
2283 4319 2465 4388 peccatoribus
2482 4325 2534 4374 lra-

545 4411 569 4458 et
588 4409 699 4460 lralerno
720 4409 860 4460 schismate
877 4409 922 4462 Vll
941 4407 992 4460 434
1013 4409 1047 4460 37
1059 4437 1096 4446 -
1112 4409 1182 4460 veri·
1220 4409 1338 4472 Virginis
1356 4409 1400 4460 Vll
1418 4409 1452 4462 30
1473 4409 1516 4460 35.
1538 4409 1564 4460 34
1591 4409 1623 4460 00
1896 4415 2007 4478 quanter
2025 4409 2058 4462 de
2079 4409 2193 4474 propriis
2219 4409 2322 4462 viribus
2345 4409 2489 4474 praesumit
2509 4415 2533 4462 ct

545 4497 603 4550 latis
620 4495 737 4548 consistit
749 4495 774 4548 in
788 4495 970 4550 observatione
987 4495 1106 4562 decalogi
1118 4493 1181 4550 c'bt'd.
1271 4499 1378 4550 Lrsxuus
1398 4523 1431 4536 -
1450 4511 1527 4550 mons
1544 4497 1611 4550 altus
1637 4495 1766 4560 significat
1787 4493 1857 4550 Chri·
1895 4497 1944 4550 sibi
1963 4503 2075 4562 usurpat
2091 4497 2165 4564 quod
2185 4497 2230 4550 Dei
2250 4503 2289 4552 est
2308 4499 2351 4551 Vll
2372 4499 2421 4550 330
2444 4499 2475 4550 33
2497 4525 2532 4536 -

598 4613 630 4624 -
650 4587 824 4638 conrmuniter
849 4591 954 4652 accepta
983 4583 1182 4650 comprehendit
1220 4589 1289 4638 stum
1307 4585 1343 4638 Vl
1361 4585 1409 4638 344
1433 4583 1449 4636 5
1895 4583 2019 4640 Liberum
2037 4583 2174 4638 arbitrium
2195 4583 2274 4640 debet
2285 4585 2422 4652 cooperari
2435 4587 2468 4640 ad
2480 4599 2533 4638 me-

544 4677 620 4726 444444
638 4677 822 4726 testamentum
845 4675 875 4726 Vl
896 4675 946 4726 333
969 4673 1000 4726 45
1019 4702 1056 4712 -
1074 4673 1102 4724 44
1119 4673 1182 4738 lapi·
1273 4675 1350 4728 444444
1366 4701 1404 4712 -
1421 4673 1512 4738 triplex
1532 4673 1575 4726 Vll
1595 4673 1647 4724 445
1665 4673 1698 4724 33
1714 4701 1747 4712 --
1767 4679 1805 4726 est
1817 4673 1865 4724 tri-¹
1895 4673 1974 4726 ritum
1992 4673 2083 4728 salutis
2100 4673 2136 4726 Vl
2154 4675 2205 4724 338
2225 4673 2273 4742 60,
2298 4675 2329 4726 64
2355 4701 2392 4712 -
2408 4673 2436 4724 44
2459 4673 2534 4728 liber·

545 4761 601 4814 deis
620 4759 714 4814 tabulis
733 4763 780 4814 luit
798 4763 895 4828 scripta
915 4763 956 4814 Vll
977 4763 1029 4814 588
1048 4763 1111 4814 6—-
1123 4775 1181 4826 pro
1220 4763 1291 4826 plex,
1309 4775 1363 4826 quo
1382 4761 1509 4814 excitatur
1528 4757 1608 4814 homo
1620 4763 1656 4814 ad
1668 4761 1786 4814 divinam
1799 4775 1858 4826 gra·
1896 4767 1947 4814 tate
1966 4759 2065 4814 arbitrii
2084 4765 2123 4814 est
2142 4775 2253 4826 peccare
2271 4765 2295 4814 44
2319 4767 2379 4828 post
2396 4767 2532 4828 paccatum

545 4853 603 4916 pter
621 4849 801 4904 auctoritatem
815 4851 923 4904 iubendi
936 4849 1122 4916 appropriatur
1135 4849 1181 4902 Pa·
1220 4851 1283 4904 tiam
1301 4849 1497 4916 suscipiendam
1520 4849 1569 4904 336
1591 4851 1622 4902 88
1896 4849 2031 4916 poenitere
2050 4849 2100 4902 487
2120 4865 2148 4904 4.
2168 4850 2202 4901 40

547 4937 578 4990 444
599 4937 643 4990 604
669 4937 702 4990 57
1273 4967 1307 4976 -
1320 4937 1439 4992 canonici
1453 4937 1548 4992 debent
1561 4951 1676 5004 purgare
1696 4951 1811 4990 errorem
1826 4937 1858 4988 Vl
1948 4939 2034 4990 Lmrno
2052 4943 2147 4990 -est
2169 4951 2244 4990 amor
2272 4939 2377 4992 rediens
2400 4939 2434 4992 ad
2462 4937 2532 4992 bona

598 5055 630 5066 -·-
651 5027 728 5094 Quod
745 5027 771 5080 44
790 5041 819 5082 44
834 5027 980 5082 continetur
991 5033 1032 5082 cst
1043 5027 1179 5090 44444444-
1221 5029 1282 5096 8q.
1300 5027 1326 5080 3.
1346 5041 1401 5092 arg.
1421 5029 1436 5080 3
1458 5057 1491 5066 -
1510 5041 1600 5082 sacrae
1624 5025 1774 5092 Scripturae
1797 5029 1859 5078 sunl
1896 5033 1998 5082 terrena
2018 5027 2049 5078 Vl
2071 5027 2115 5078 34
2141 5051 2174 5066 -
2188 5027 2534 5102 perversaestiundamen·

545 5113 740 5190 biliterverum
757 5123 897 5170 etcertum
911 5117 953 5170 Vll
974 5117 1019 5168 604
1042 5117 1075 5170 57
1094 5121 1181 5168 -est
1220 5117 1253 5170 44
1274 5117 1451 5182 generandam
1470 5117 1550 5168 tidem
1569 5115 1603 5172 ab.
1622 5131 1650 5182 q.
1668 5113 1693 5168 4.
1716 5129 1774 5180 arg.
1791 5115 1806 5168 3
1826 5141 1858 5152 -
1897 5122 1953 5169 tum
1970 5115 2083 5168 civitatis
2101 5114 2241 5180 Babylonis
2258 5115 2322 5170 ibici.

596 5319 630 5330 -
649 5293 839 5348 inexcusabiles
857 5299 918 5348 sunt
935 5293 981 5360 qui
1000 5309 1055 5348 non
1071 5293 1182 5348 audiunt
1220 5299 1280 5348 sunl
1296 5295 1359 5348 editi
1377 5293 1441 5348 4044.
1463 5323 1497 5334 -
1517 5293 1601 5348 Libris
1628 5291 1779 5360 scripturae
1805 5305 1857 5346 cre·
1897 5307 1977 5360 gnum
1998 5291 2184 5346 debilitationis
2204 5293 2227 5344 in
2249 5309 2310 5348 sene
2330 5295 2360 5346 Vl
2382 5291 2414 5346 34
2428 5309 2455 5346 v.
2469 5291 2484 5344 4
2498 5323 2525 5334 -

525 5375 642 5444 'Legem
671 5381 714 5432 Vll
742 5381 794 5434 434
818 5381 852 5434 53
875 5411 912 5420 -
934 5381 1064 5436 444444444
1094 5387 1132 5434 444
1159 5381 1181 5434 44
1219 5385 1283 5436 4444
1301 5381 1431 5436 dehemus
1450 5383 1482 5438 t'b.
1508 5381 1536 5436 3*
1561 5411 1599 5422 -
1626 5381 1757 5436 Sententia
1784 5379 1858 5434 libro·
1895 5381 2021 5436 Libidinis
2049 5383 2138 5434 servor
2161 5381 2298 5448 minuitur,
2319 5381 2425 5450 quando
2445 5381 2533 5436 deficit

545 5465 691 5520 obediendo
718 5469 768 5522 435
794 5471 821 5522 st
846 5471 951 5536 -Qui
976 5477 1060 5524 tantae
1080 5471 1181 5524 veritali
1219 5487 1279 5524 rum
1298 5485 1434 5526 sacrorum
1457 5479 1494 5524 est
1514 5471 1671 5526 attendenda
1691 5471 1708 5524 7
1727 5471 1788 5536 qs
1896 5471 1965 5524 calor
1982 5475 2010 5524 et
2027 5473 2124 5524 humor
2142 5467 2206 5522 thid.

544 5555 667 5608 resistunt
683 5553 807 5622 obdurati
820 5563 847 5610 et
859 5557 985 5610 inhabiles
998 5563 1058 5610 sunt
1077 5561 1111 5612 ad
1129 5573 1182 5612 cre
1274 5587 1306 5598 -
1326 5565 1462 5614 creaturae
1479 5559 1556 5614 docet
1575 5573 1623 5612 nos
1651 5561 1684 5612 de
1715 5559 1801 5612 Verbo
1826 5559 1859 5612 in·
1950 5561 2033 5612 chrra
2052 5587 2089 5596 -
2106 5559 2296 5616 immoderatus
2315 5559 2446 5612 licitorum
2469 5571 2533 5612 usus

545 5641 1182 5708 4444444444.-44444444444444444444444444
1220 5651 1305 5700 creato
1325 5647 1368 5700 vu
1391 5647 1439 5700 470
1460 5647 1706 5712 att-scripturae
1723 5647 1859 5702 docelnos
1897 5647 2016 5712 arguitur
2035 5647 2079 5700 Vll
2097 5645 2144 5698 444
2168 5645 2203 5700 47

544 5729 693 5786 obediendo
719 5731 854 5786 raritatem
873 5733 921 5786 Dei
940 5733 1083 5784 contemnit
1100 5731 1164 5786 thid.
1220 5733 1253 5786 44
1273 5733 1359 5786 Verbo
1379 5735 1512 5786 incarnato
1531 5733 1647 5788 thid-
1667 5737 1692 5788 ln
1712 5733 1859 5786 librocrea·
1952 5737 2055 5788 Ltaarro
2074 5765 2108 5774 —
2129 5735 2154 5788 in
2173 5735 2285 5790 Ecclesia
2310 5741 2349 5790 est
2377 5735 2410 5788 ad
2438 5735 2534 5788 4444444-

597 5849 630 5860 -
651 5819 815 5886 promittebat
837 5819 969 5872 Christum
990 5821 1107 5870 loturum
1136 5819 1179 5872 Vll
1221 5825 1293 5872 turae
1311 5821 1416 5874 ridetur
1436 5821 1526 5874 divina
1550 5823 1671 5874 maiestas
1701 5821 1752 5874 335
1773 5823 1805 5876 53
1825 5829 1859 5862 -“-
1897 5823 2011 5876 ctionem
2028 5825 2071 5876 vel
2097 5837 2146 5888 per
2173 5825 2470 5880 excommunicationem
2499 5825 2531 5876 Vl

545 5909 597 5964 443
617 5909 650 5962 30
669 5937 704 5950 -
723 5909 901 5962 testimonium
928 5905 1050 5972 perhibet
1068 5907 1181 5960 incarna·
1221 5909 1245 5960 ln
1266 5907 1333 5960 libro
1352 5909 1503 5972 scripturae
1522 5909 1625 5962 videtur
1650 5909 1739 5962 divina
1760 5911 1859 5962 humili·
1897 5911 2001 5964 54553

544 6005 587 6052 tae
606 5999 753 6064 Sapientiae
774 5997 824 6050 434
845 5997 876 6048 53
897 6023 931 6036 -
950 5997 978 6046 ln
995 5997 1065 6060 Lege
1079 5993 1183 6062 praedi·
1221 5999 1259 6046 tas
1279 5993 1341 6048 thid.
1360 6023 1398 6034 -
1415 5995 1566 6060 scripturae
1586 6001 1609 6048 et
1634 6001 1768 6050 creaturae
1794 5997 1859 6048 desi·
1952 5999 2047 6050 444444
2066 6027 2099 6038 -
2120 5999 2167 6050 Fer
2186 5999 2286 6062 lignum
2306 5999 2422 6054 Christus
2442 6015 2535 6066 opera-

544 6087 750 6150 cunturomnia,
765 6085 914 6154 quaecirca
932 6083 1063 6138 Christum
1084 6083 1183 6136 accide-
1221 6089 1335 6146 guantur
1352 6083 1380 6134 in
1399 6095 1508 6136 ascensu
1522 6089 1546 6134 et
1558 6083 1686 6134 descensu
1701 6095 1749 6148 per
1764 6085 1859 6136 scalam
1898 6091 1939 6138 tus
1958 6089 1997 6136 est
2015 6085 2125 6138 salutem
2150 6085 2185 6136 Vl
2213 6085 2265 6140 335
2294 6087 2328 6138 40
2344 6117 2381 6128 -
2399 6089 2468 6140 vilae
2497 6093 2535 6140 est

545 6182 606 6229 runt
623 6177 660 6228 de
676 6175 800 6240 passione
818 6181 845 6228 et
861 6173 1053 6228 resurrectione
1079 6173 1124 6224 604
1150 6171 1182 6224 57
1221 6169 1304 6236 iacob,
1318 6185 1365 6236 per
1379 6171 1492 6236 aquilam
1505 6173 1530 6222 ct
1541 6171 1598 6222 eius
1609 6173 1705 6234 pullos,
1715 6185 1763 6236 per
1775 6185 1860 6236 egres·
1897 6171 2016 6224 Christus
2033 6171 2078 6224 Vll
2096 6173 2148 6224 574
2168 6173 2202 6224 36

542 6293 578 6302 -—
599 6269 732 6316 attestatur
749 6263 849 6328 gloriae
860 6261 955 6316 Christi
967 6267 992 6314 et
1003 6261 1117 6326 passioni
1132 6259 1181 6314 334
1221 6273 1281 6312 sum
1299 6263 1326 6312 44
1344 6259 1494 6324 ingressum
1514 6271 1560 6322 per
1579 6257 1673 6310 ostium
1691 6257 1752 6312 44444.
1951 6287 1985 6298 -·
2005 6257 2109 6314 44444444
2129 6263 2166 6312 444
2186 6267 2307 6324 peccator
2327 6263 2370 6316 Vll
2384 6263 2435 6314 574
2453 6263 2487 6314 36
2500 6281 2535 6302 a-

545 6347 579 6402 54
607 6377 642 6386 -
669 6353 708 6400 444
736 6353 825 6402 contra
859 6349 968 6402 ludaeos
996 6353 1182 6416 persequentes
1274 6375 1308 6386 -
1327 6353 1365 6402 est
1390 6347 1504 6410 cognitio
1524 6347 1612 6398 diviua
1640 6347 1681 6400 Vll
1702 6347 1752 6398 363
1772 6347 1806 6398 35
1828 6375 1859 6384 -
1897 6347 2087 6402 infructuosum
2126 6347 2235 6402 scissum
2269 6349 2326 6416 igni
2361 6349 2469 6404 traditur
2502 6353 2533 6406 Vl

543 6437 675 6492 Christum
695 6437 793 6488 74431
818 6439 834 6490 8
1220 6437 1373 6502 simpliciter
1397 6441 1435 6490 est
1460 6435 1575 6500 cognitio
1601 6433 1726 6500 simplicis
1755 6433 1860 6488 notitiae
1898 6437 1930 6488 83
1951 6437 2013 6488 4.3
2430 6507 2433 6512 ¹

597 6551 630 6562 -
651 6525 790 6590 Praecepta
807 6525 886 6590 Legis
905 6531 964 6578 snut
976 6525 1182 6588 sacramentalia,
1220 6523 1283 6580 ibid.
1295 6555 1329 6566 -
1343 6527 1369 6578 ln
1389 6525 1455 6578 libro
1473 6525 1625 6590 simpliciter
1643 6523 1730 6578 omnia
1744 6521 1860 6578 scribun-
1951 6527 2019 6578 Lnrx
2036 6553 2073 6566 ·-
2090 6531 2211 6578 crescunt
2228 6539 2280 6582 non
2307 6531 2420 6580 humano
2440 6527 2534 6596 studio,

529 6609 743 6666 caeremonialia
769 6617 794 6662 et
821 6613 928 6664 moralia
956 6613 997 6664 lut
1028 6611 1060 6662 54
1091 6613 1122 6664 44
1148 6641 1182 6650 -
1221 6621 1263 6668 tur
1282 6611 1344 6668 itta.
1898 6615 1946 6668 sed
1963 6615 2055 6668 divino
2075 6615 2188 6680 imperio
2205 6615 2250 6668 Vll
2268 6617 2316 6668 334
2340 6617 2375 6668 33

545 6699 621 6764 Legis
642 6697 795 6750 mandatam
814 6713 867 6752 non
897 6703 934 6752 est
959 6701 1182 6764 praetereundum
1274 6731 1308 6740 -
1328 6703 1397 6758 sitae
1424 6701 1529 6766 dicitur,
1547 6703 1608 6770 quia
1634 6703 1659 6756 in
1688 6703 1746 6768 ipso
1771 6703 1859 6770 scripti
1951 6705 2167 6758 Lausus-Ante
2180 6705 2324 6759 adventum
2336 6703 2431 6758 Christi
2444 6719 2537 6760 omncs

546 6791 596 6842 430
623 6787 657 6838 33
686 6813 721 6822 -
748 6785 855 6854 antiqua
883 6779 1062 6840 declaratura
1081 6787 1182 6842 Christo
1221 6789 1329 6856 rivunt,
1347 6793 1391 6846 vel
1409 6793 1470 6860 quia
1489 6793 1637 6846 secundum
1664 6791 1720 6846 eius
1749 6791 1860 6860 scriptu·
1898 6793 2076 6862 properabant
2093 6797 2129 6848 ad
2146 6793 2259 6850 limbum
2276 6797 2311 6850 Vl
2329 6795 2364 6848 74
2384 6811 2409 6848 r.
2432 6797 2462 6849 lll
