5908 8266
1127 521 1166 586 IN
1187 515 1479 584 comminaturus
1500 521 1530 586 S.
1556 519 1781 590 scurrilitate
2387 515 2451 584 769

750 607 817 664 61161
1002 607 1004 610 ’
2107 607 2171 662 Delli

515 721 551 734 -··
569 697 596 746 ln
615 697 684 750 culto
703 695 837 764 religionis
854 695 969 750 consistit
981 707 1102 748 reveren·
1137 695 1308 750 ordinabatur
1325 695 1362 750 ad
1379 695 1483 756 animae
1500 695 1663 750 curationem
1682 697 1778 764 signill-
1813 697 1941 764 ampliora
1961 697 2026 752 velle
2045 701 2145 752 tentare
2163 711 2244 764 quam
2263 697 2446 768 6611666361

461 781 500 834 tia
516 781 624 836 divinae
641 785 783 838 maiestatis
812 785 908 838 611166
937 785 969 836 93
998 809 1034 856 ‘7¹'
1061 779 1101 842 lo
1137 785 1251 838 eandam
1281 791 1308 838 et
1330 785 1563 850 praefigurandam
1592 787 1623 838 Vl
1652 785 1704 838 306
1734 787 1777 840 66.
1810 791 1908 840 -est
1933 785 2061 840 adhibere
2086 785 2301 854 sollicitudinem,
2325 787 2370 842 nbi
2399 801 2453 842 non

461 869 521 935 ipsa
539 871 645 932 infantia
665 871 757 926 divino
775 873 857 926 cultui
881 869 1023 936 mancipati
1044 883 1102 924 esse
1137 873 1190 926 306
1210 873 1245 926 17
1256 901 1293 914 --
1305 873 1355 926 viri
1373 887 1387 926 a
1407 875 1539 926 daemone
1556 871 1686 938 signiflcat
1703 887 1777 928 cura·
1813 877 1854 926 est
1870 875 1968 928 utilitas
1985 875 2014 926 71
2039 889 2064 926 v.
2087 875 2119 926 17

461 957 593 1012 debemus
612 965 637 1014 et
653 959 768 1014 maxime
797 959 830 1012 ab
854 975 925 1014 anno
942 957 1101 1014 duodecimo
1137 959 1236 1016 tionem
1250 963 1354 1028 gentilis
1367 961 1457 1030 populi
1471 959 1608 1016 66666666
1621 961 1664 1016 Vll
1678 961 1776 1016 60986
1864 989 1903 1002 -
1920 977 1974 1016 non
1990 967 2092 1016 entem
2111 963 2229 1016 consistit
2254 965 2283 1018 in
2305 971 2451 1030 perscruta·

461 1047 498 1100 66
515 1047 604 1100 ee-
623 1049 711 1108 Cultus
740 1049 844 1100 divinus
868 1047 902 1100 ob
921 1061 1039 1100 amorem
1058 1061 1103 1112 pa·
1190 1051 1407 1106 -daemoniaci
1428 1051 1454 1104 in
1473 1049 1777 1116 synagogamanifestat
1812 1049 1882 1104 tione
1901 1051 2139 1118 seientiae‚verum
2153 1051 2271 1106 chamin
2285 1055 2451 1120 possessione

350 1135 351 1140 ’
461 1141 569 1190 rentum
585 1149 638 1190 non
650 1141 691 1188 cst
702 1135 915 1190 intermittendus
934 1133 996 1190 ibid.
1011 1165 1050 1174 -
1063 1135 1102 1190 di·
1136 1137 1234 1194 Christi
1250 1139 1391 1206 potentiam
1422 1139 1466 1192 Vll
1495 1139 1547 1194 106
1573 1139 1608 1192 69
1625 1167 1663 1178 -
1683 1153 1776 1194 socrus
1811 1139 2451 1202 6666616601163736-66666666666616·

461 1225 541 1278 viriae
557 1223 697 1278 maiestatis
713 1225 905 1290 praeoccupari
920 1221 999 1278 debet
1010 1223 1046 1278 ab
1064 1223 1101 1286 ih·
1137 1227 1251 1280 Simonis
1268 1231 1335 1282 lacta
1364 1235 1404 1282 est
1430 1229 1456 1280 in
1482 1227 1575 1292 domo,
1596 1233 1623 1282 ut
1650 1229 1777 1280 secretius
1812 1229 1943 1294 quirendo
1963 1229 1995 1280 Vl
2023 1229 2055 1280 66
2081 1243 2109 1282 v.
2126 1229 2161 1280 66
2179 1255 2217 1270 -
2234 1229 2314 1282 Nimis
2341 1229 2453 1294 diligens

463 1313 542 1366 tantia
560 1319 586 1364 et
604 1311 729 1376 praeferri
749 1311 841 1364 ceteris
863 1313 894 1364 69
917 1313 960 1364 616
1137 1315 1346 1370 manifestaretur
1364 1317 1456 1370 Christi
1478 1317 1593 1384 potentia
1611 1331 1699 1370 coram
1714 1317 1776 1370 sim·
1812 1315 1946 1382 inquisitio
1966 1315 2163 1382 degeneratio
2186 1315 2362 1370 curiositatem
2381 1319 2416 1370 66
2434 1331 2451 1370 6

515 1399 678 1452 -divinus
699 1399 886 1462 praescribitur
911 1401 938 1454 in
960 1401 1102 1468 Scripturis
1137 1403 1251 1472 plicibus
1277 1411 1305 1460 et
1329 1405 1385 1458 suis
1413 1403 1588 1460 imitatoribus
1618 1405 1776 1458 10880-
1811 1433 1849 1446 -
1865 1403 1981 1458 maxime
1997 1405 2071 1470 viget
2090 1403 2159 1456 circa
2180 1403 2269 1458 visum
2288 1409 2312 1460 et
2330 1407 2450 1460 auditum

462 1489 560 1544 Vuae
578 1487 612 1538 66
632 1513 667 1526 ·-
685 1483 774 1542 Cultus
794 1489 840 1544 soli
862 1491 915 1544 Deo
934 1489 1039 1544 debitus
1058 1499 1096 1548 est
1136 1509 1230 1548 socrus
1247 1493 1362 1548 Simonis
1378 1507 1401 1546 6·
1422 1493 1495 1548 febre
1517 1495 1649 1562 signifieat
1667 1493 1777 1550 curatio·
1811 1493 1857 1550 Vll
1874 1493 1926 1548 668
1946 1493 1976 1546 66

447 1577 575 1658 ¹servitus
594 1575 684 1628 latriae
700 1573 735 1630 rb.
755 1577 789 1630 17
1136 1599 1197 1636 nem
1217 1595 1371 1650 synagogae
1388 1583 1424 1636 ab
1441 1589 1515 1636 aestu
1529 1583 1639 1638 carnalis
1652 1583 1777 1650 concupi·
1865 1613 1902 1624 -
1920 1583 2048 1638 Curiosus'
2061 1595 2114 1636 non
2126 1583 2241 1636 meretur
2253 1583 2391 1634 veritatem
2404 1597 2451 1636 au-

515 1663 710 1724 666-(1666
730 1667 818 1736 aliquo
836 1671 939 1738 estqui
957 1677 997 1724 cst
1014 1671 1101 1725 minor
1136 1673 1250 1726 scantiae
1279 1671 1329 1722 699
1360 1671 1392 1724 86
1412 1701 1446 1710 -
1471 1673 1520 1724 riri
1549 1673 1724 1738 praemittitur
1741 1673 1774 1726 66
1812 1669 2451 1738 direVll568lt-habelquinqueiugaquan

461 1753 498 1812 Vl
515 1753 568 1806 686
587 1751 646 1806 66·
1136 1759 1327 1824 designandam
1355 1757 1434 1812 fidem
1466 1761 1563 1814 ludoici
1595 1763 1685 1826 populi
1717 1765 1777 1826 post
1812 1767 1867 1814 tum
1881 1763 1915 1814 ad
1928 1761 2125 1816 universitatem
2135 1757 2298 1814 sensibilium
2308 1761 2359 1814 376
2370 1759 2451 1814 42*-

515 1843 977 1902 66666666-16661666166661616
1001 1863 1100 1900 vanum
1136 1847 1338 1900 conrerslonem
1359 1847 1478 1910 gentium
1495 1845 1558 1900 ibid.
1811 1847 1937 1904 Curiosus
1959 1851 2111 1904 contiuuam
2140 1861 2230 1902 curam
2258 1847 2340 1904 habet
2356 1847 2391 1902 de
2409 1861 2450 1900 su·

385 1921 387 1924 ¹
458 1933 533 1994 ¹Vlb
554 1933 585 1987 10
605 1963 639 1972 -
659 1939 698 1988 est
716 1935 1020 2000 infirmitasculpae586
1037 1935 1102 1988 6-
1189 1937 1261 1988 -ln
1271 1933 1407 1986 curatione
1417 1935 1597 2004 quadruplicis
1606 1935 1777 2000 aegritudinis
1812 1937 1921 2000 perfluis
1937 1937 2001 1992 ibid.
2021 1967 2055 1976 -
2074 1937 2185 1990 blundus
2199 1937 2394 2004 praetendendo
2413 1949 2452 1992 sa·

461 2021 582 2090 Cupidus
600 2027 639 2076 est
657 2023 702 2090 qni
724 2025 838 2079 tristatur
852 2037 900 2090 pro
916 2027 1021 2078 horrore
1036 2037 1103 2090 pau·
1136 2021 1290 2086 intelligitur
1316 2025 1431 2088 perfecta
1459 2023 1559 2076 curatio
1577 2023 1715 2088 originalis
1733 2025 1776 2076 Vll
1811 2025 1935 2088 pientiam
1955 2025 2033 2078 allicit
2049 2027 2085 2078 ad
2103 2027 2279 2078 curiositatem
2297 2027 2332 2080 Vl
2351 2027 2365 2080 6
2387 2027 2419 2078 69

462 2111 571 2178 pertalis
590 2113 633 2164 Vll
653 2111 703 2162 663
725 2113 757 2164 66
776 2141 811 2152 -α
829 2125 862 2164 ex
887 2111 1104 2176 parteconcupi-
1139 2109 1189 2162 177
1209 2107 1466 2162 66--1666616166
1489 2111 1618 2164 daemone
1646 2111 1776 2174 significat
1864 2139 1902 2150 —-
1920 2115 1968 2164 066
1985 2113 2107 2176 hydriam
2131 2113 2293 2178 significatur
2309 2115 2449 2168 curiositas

461 2199 561 2252 scibilis
577 2205 618 2252 est
634 2199 737 2252 initium
752 2201 871 2252 onmium
883 2207 1055 2264 peccatorum
1067 2199 1102 2260 Vl
1136 2199 1299 2252 curationem
1316 2213 1332 2250 6
1352 2197 1467 2268 peccatis
1484 2197 1728 2264 spiritualibust09
1741 2199 1775 2250 86
1811 2199 1902 2256 cordis
1919 2199 1998 2252 11196
2019 2213 2045 2252 v.
2064 2199 2082 2252 7
2100 2229 2135 2238 —-
2155 2213 2202 2264 per
2221 2203 2451 2270 quinquesensus

461 2289 514 2342 603
534 2303 561 2342 r.
580 2287 616 2342 67
1136 2319 1173 2326 -
1190 2287 1308 2342 molieris
1325 2301 1341 2340 a
1361 2285 1434 2340 febre
1451 2293 1491 2342 est
1519 2287 1618 2340 curatio
1637 2287 1740 2340 animae
1759 2301 1775 2340 6
1812 2285 1966 2352 designatur
1984 2285 2027 2338 Vll
2047 2289 2100 2340 376
2120 2285 2154 2340 66

515 2405 554 2418 -·
570 2375 663 2432 mundi
683 2377 843 2444 significatur
857 2391 903 2444 per
917 2381 1103 2432 fervoremso·
1136 2379 1252 2444 peccatis
1270 2375 1420 2430 carnalibus
1436 2373 1500 2430 thid.
1865 2405 1903 2414 -
1920 2375 2030 2428 Curiosa
2048 2375 2181 2444 inquisitio
2205 2389 2257 2430 non
2282 2383 2381 2432 tantum
2411 2385 2451 2432 est

461 2467 628 2522 1161111676
647 2467 682 2518 36
700 2465 855 2522 *terrena
884 2475 925 2520 666
949 2465 1102 2520 fundamen·
1190 2497 1227 2516 .—
1244 2469 1376 2520 perlectae
1403 2465 1545 2520 curationis
1570 2463 1696 2518 indicium
1724 2477 1776 2518 cer·
1811 2463 1992 2528 interminata,
2022 2463 2069 2516 sed
2097 2465 2173 2516 etiam
2200 2463 2330 2518 laboriosa
2358 2467 2391 2516 Vl
2416 2467 2449 2518 98

462 2561 519 2610 tum
540 2555 660 2608 instabile
680 2555 795 2622 positum
821 2555 848 2608 in
872 2561 939 2608 terra
971 2555 1020 2608 666
1050 2555 1101 2608 669
1137 2561 1193 2610 tum
1213 2561 1251 2610 est
1278 2553 1394 2622 potentia
1419 2555 1453 2606 66
1481 2559 1582 2608 motum
1606 2557 1631 2606 et
1651 2555 1683 2608 ad
1703 2555 1778 2608 obsc-
1811 2567 1840 2606 v.
1860 2553 1893 2606 66
1912 2579 1947 2590 ·-
1966 2551 2108 2618 Occrrpatio
2125 2567 2157 2606 er
2174 2553 2324 2608 curiositate
2343 2559 2451 2620 estpes·

461 2675 499 2688 —
515 2645 630 2698 blundus
648 2645 846 2710 praetendendo
860 2645 1041 2698 sufficientiam
1053 2651 1103 2698 tra·
1136 2647 1230 2714 quium
1249 2645 1293 2698 Vll
1312 2645 1363 2696 698
1382 2643 1417 2696 86
1442 2673 1480 2682 -
1502 2643 1646 2696 perfectius
1670 2649 1777 2696 curatur
1811 2641 2316 2698 6166668ν.63ω-66616161166666
2341 2645 2449 2696 humani

462 2735 501 2790 hit
518 2735 554 2788 ad
571 2735 741 2802 cupiditatem
760 2737 795 2790 Vl
813 2729 828 2788 6
851 2735 882 2788 66
1137 2735 1166 2788 ln
1183 2749 1238 2804 que
1253 2735 1323 2786 nulla
1349 2741 1485 2786 remanent
1511 2731 1716 2798 imperfectionis
1734 2745 1777 2786 ve·
1812 2731 1951 2784 libidinosa
1970 2729 2118 2798 prostitutio
2138 2731 2236 2798 passim
2249 2731 2397 2800 quamlibet
2408 2747 2451 2786 ve

515 2825 607 2876 -Er
624 2825 834 2890 concupiscentia
855 2825 1103 2878 divitiarominsur·
1137 2823 1340 2890 stigialf15i7
1368 2823 1401 2876 66
1426 2825 1519 2888 arga
1544 2849 1578 2864 ·-
1598 2823 1717 2878 llulieres
1733 2837 1777 2876 cu·
1811 2821 1915 2876 ritatem
1934 2821 2086 2888 amplexans
2104 2825 2129 2874 et
2148 2835 2210 2876 cum
2237 2835 2268 2874 ea
2287 2822 2450 2888 adulterans,

463 2915 503 2982 git
519 2913 656 2966 infirmitas
675 2915 824 2978 cupiditatis
853 2915 1103 2968 1116698-61-
1137 2921 1209 2968 ratae
1229 2929 1243 2966 a
1260 2913 1397 2966 Christoa
1422 2911 1515 2978 triplici
1540 2913 1705 2978 aegritudine
1724 2915 1777 2966 lue-
1812 2909 1872 2966 ibid.
1893 2939 1928 2948 -
1947 2915 1986 2964 est
2003 2909 2142 2964 infirmitas
2161 2911 2253 2976 culpae
2274 2911 2358 2966 6866

429 3011 431 3014 ·
462 3003 587 3064 vittarum
607 3007 645 3056 est
664 3017 742 3056 causa
760 3005 877 3057 tristitiae
890 3005 934 3058 Vll
947 3003 999 3056 663
1019 3005 1053 3056 66
1063 3003 1103 3044 ’--
1137 3009 1198 3058 runt
1217 3005 1305 3068 llario,
1323 3005 1418 3056 loanne
1435 3007 1462 3056 et
1486 3003 1604 3056 Susanna
1623 3001 1668 3056 Vll
1687 3003 1698 3054 t
1706 3001 1776 3056 866
1865 3001 1980 3054 -facit
2003 3001 2138 3054 bominem
2165 3013 2265 3054 vanum
2289 3005 2315 3054 et
2342 3001 2451 3054 stultum

462 3089 641 3156 Cupiditatem
671 3091 803 3144 voracitas
827 3105 966 3158 nunquam
985 3093 1102 3156 satiatur,
1138 3123 1173 3132 --
1190 3091 1279 3146 Cureti
1298 3107 1311 3146 6
1331 3089 1432 3150 Christo
1451 3089 1645 3146 comitabantur
1663 3105 1776 3144 666666-
1812 3089 1881 3146 6116
1904 3091 1935 3144 66
1958 3115 1993 3130 -
2012 3089 2138 3144 Coriosus
2165 3089 2289 3154 affligitur
2306 3089 2397 3142 labore
2414 3091 2449 3142 60

462 3179 576 3230 manime
604 3179 709 3246 quaudo
738 3179 874 3234 carnalitas
899 3175 926 3232 'ei
956 3181 1102 3234 associatur
1136 3183 1206 3235 tione
1231 3179 1331 3246 accepti
1360 3179 1494 3242 beneficii,
1522 3185 1648 3248 tanquam
1667 3181 1777 3232 salvato·
1811 3195 1839 3234 v.
1859 3179 1902 3232 18.
1921 3179 1949 3232 66
1978 3193 2004 3248 q.
2024 3207 2058 3218 -
2087 3179 2186 3232 Coriosi
2213 3179 2331 3232 serviunt
2348 3179 2449 3232 auditui

463 3267 515 3320 619
545 3267 578 3320 66
604 3295 638 3306 -
666 3267 819 3332 cupiditatis
847 3269 909 3334 igne
935 3267 1101 3336 abundante,
1136 3285 1193 3324 rem
1214 3275 1239 3322 et
1256 3269 1389 3322 medicum
1412 3267 1482 3322 t'b.3
1811 3269 1895 3322 6681
1919 3297 1954 3308 -
1973 3269 2063 3334 llagna
2093 3275 2131 3320 cst
2159 3267 2271 3322 curiosis
2295 3267 2449 3334 delectatio,

377 3365 381 3376 ·
462 3355 533 3422 ignis
552 3353 666 3410 caritatis
683 3355 828 3422 refrigescit
847 3359 892 3410 661
913 3359 945 3410 68
1190 3387 1225 3398 -
1244 3371 1258 3410 6
1278 3357 1379 3412 Christo
1394 3359 1461 3410 facta
1475 3355 1626 3410 inSabbato
1640 3361 1777 3422 crotopus
1811 3357 1920 3422 quaudo
1937 3361 2049 3422 possunt
2066 3357 2167 3422 aliquid
2184 3357 2251 3410 scire
2266 3359 2294 3410 66
2317 3371 2344 3426 q.
2361 3371 2418 3422 arg.
2432 3359 2449 3410 6

516 3473 553 3482 -
571 3443 690 3510 Cupidus
707 3457 758 3496 non
779 3449 865 3510 potest
890 3445 987 3500 intrare
1009 3445 1035 3498 in
1062 3459 1101 3498 re·
1136 3447 1269 3512 spirituale
1288 3451 1417 3512 quantum
1436 3447 1472 3498 ad
1488 3445 1651 3498 curationem
1664 3445 1776 3512 animae,
1809 3473 1848 3482 —
1872 3443 1981 3498 Curioso
2012 3447 2108 3500 crescit
2135 3447 2269 3512 appetitus·
2296 3445 2450 3500 addiscendi

462 3547 548 3598 gnum
560 3533 699 3594 caelorum,
713 3531 760 3584 sed
774 3533 880 3586 habebit
892 3533 1024 3586 interitum
1036 3547 1102 3588 sem·
1136 3537 1179 3588 vel
1197 3549 1266 3602 opus
1285 3533 1386 3600 pietatis
1407 3535 1438 3588 611
1459 3533 1509 3586 366
1531 3533 1562 3586 36
1583 3533 1612 3586 6*
1811 3535 1841 3586 66
1864 3549 1892 3602 q.
1910 3561 1944 3572 -
1964 3533 2091 3600 inquietat
2108 3539 2222 3586 mentem
2241 3533 2293 3586 687
2312 3535 2329 3586 6
2348 3561 2383 3576 -
2402 3533 2451 3588 Cu·

463 3621 596 3686 piternum
616 3621 660 3672 Vll
680 3619 731 3672 666
750 3619 786 3674 66
802 3651 839 3668 -.
857 3621 965 3686 Cupidis
984 3623 1101 3674 Christus
1189 3623 1313 3674 -Deus
1332 3621 1439 3676 visitans
1458 3623 1485 3674 in
1504 3623 1587 3686 gloria
1605 3621 1776 3686 curataegri-
1810 3621 1873 3674 riosi
1892 3635 1997 3686 semper
2016 3623 2107 3674 velunt
2125 3621 2218 3674 audire
2228 3635 2298 3674 nora
2312 3623 2345 3674 98
2364 3639 2394 3676 v.
2415 3623 2448 3676 66

462 3707 638 3762 comminatur
650 3721 699 3760 vae
712 3711 885 3774 sempiternae
897 3709 1101 3764 desolationisin
1137 3709 1254 3764 tudinem
1274 3709 1395 3764 miseriae
1424 3711 1457 3764 Vl
1482 3711 1534 3764 608
1559 3711 1574 3764 3
1595 3725 1663 3762 a—
1681 3709 1776 3764 Anima
1809 3723 1998 3776 -uunquam
2019 3715 2055 3764 tot
2073 3707 2169 3762 habeut
2187 3709 2451 3780 libros,qninvelint

462 3797 606 3852 amissione
623 3795 685 3848 boni
704 3797 857 3864 temporalis
874 3799 922 3850 661
945 3799 1102 3854 tid-sunt
1137 3803 1278 3854 curatura
1297 3799 1516 3854 Deosecundum
1535 3799 1777 3864 suamdispositio·
1811 3797 1905 3852 audire
1931 3799 2034 3866 plures,
2052 3799 2114 3866 quia
2139 3813 2278 3866 nunquam
2296 3803 2388 3854 volunt
2406 3813 2451 3854 au·

462 3887 582 3940 homines
602 3887 695 3940 terreni
714 3885 776 3942 ibid.
792 3917 825 3926 -
838 3889 945 3942 Difficile
965 3895 1003 3942 est
1022 3889 1102 3954 depo·
1137 3903 1199 3942 nem
1229 3887 1260 3942 66
1288 3889 1484 3956 suscipiendam
1511 3889 1638 3956 gratiam,
1664 3903 1718 3942 non
1736 3901 1777 3942 se·
1811 3887 1869 3940 dire
1886 3893 1989 3952 vetera,
2009 3887 2056 3942 sed
2076 3901 2179 3954 semiper
2199 3901 2268 3942 nova
2286 3887 2347 3944 idid,

464 3989 528 4028 nere
548 3977 717 4042 cupiditatem
737 3983 900 4032 terrenorum
921 3977 966 4030 361
991 3977 1025 4030 66
1139 3977 1255 4032 crrndum
1277 3979 1433 4044 gravitatem
1461 3979 1488 4030 in
1513 3979 1590 4044 culpa
1616 3979 1668 4030 306
1688 3977 1723 4030 67
1739 4007 1778 4016 -
1864 4005 1902 4018 ·-
1924 3977 2027 4032 Curiosi
2054 3977 2210 4030 inscientia
2236 3979 2325 4032 colunt
2351 3993 2457 4046 gyrum*

515 4093 549 4106 -
569 4067 706 4118 infirmitas
726 4067 875 4132 cupiditatis
893 4073 1000 4120 sanatur
1018 4067 1102 4120 consi·
1139 4067 1248 4120 Animae
1260 4067 1421 4132 peccatrices
1436 4067 1572 4134 tripliciter
1585 4073 1710 4120 curantur
1721 4081 1779 4134 gra·
1812 4067 1944 4120 stellarum
1964 4067 1996 4118 Vl
2018 4067 2067 4118 193
2087 4081 2110 4120 v.
2131 4069 2147 4118 6
2165 4067 2253 4118 -de
2273 4067 2367 4122 divinis
2387 4081 2450 4134 opes

460 4155 597 4208 deratione
616 4139 756 4208 salvatoris
774 4157 852 4220 egeni
869 4161 894 4208 et
907 4155 971 4210 nihil
983 4155 1104 4208 babeatis
1139 4157 1176 4208 tia
1193 4157 1337 4210 salvatoris
1356 4157 1403 4208 llll
1421 4157 1472 4208 608
1491 4157 1525 4208 86
1812 4155 1888 4208 ribus
1907 4157 2026 4222 arguitur
2048 4157 2101 4208 667
2120 4157 2164 4208 66.
2183 4155 2234 4208 686
2255 4155 2451 4212 6-6661666

460 4247 495 4298 Vl
514 4245 566 4296 669
587 4243 603 4294 9
622 4241 794 4308 —Cupidus
815 4257 864 4308 per
882 4245 983 4310 gratiae
999 4245 1102 4298 donum
1191 4271 1232 4310 -,
1246 4245 1287 4298 ad
1304 4245 1467 4316 curationem
1479 4249 1649 4310 peccatorum
1661 4245 1778 4300 officium
1813 4245 1956 4310 intelligere
1974 4245 2221 4312 reprehendendum
2240 4245 2321 4300 66171
2340 4259 2364 4298 v.
2387 4247 2397 4298 6
2413 4275 2451 4288 -

373 4361 375 4366 ·
459 4331 1103 4388 666666611666661616666166666661111666666
1139 4333 1300 4394 sacerdotale
1318 4339 1359 4388 est
1375 4333 1553 4388 necessarium
1566 4335 1610 4388 Vll
1625 4333 1671 4388 161
1696 4335 1725 4386 31
1742 4361 1779 4372 -
1812 4335 2015 4400 reprehenditur
2033 4349 2063 4388 ex
2092 4333 2298 4388 consideratione
2323 4331 2453 4388 mutabili·

515 4449 552 4460 -
568 4421 596 4472 ln
615 4421 699 4472 iudice
720 4421 873 4484 prohibetur
890 4423 925 4478 Vl
943 4421 1031 4484 6713
1140 4425 1309 4476 reccaurun
1328 4423 1428 4476 curatio
1447 4423 1477 4474 frt
1494 4421 1521 4474 in
1539 4421 1653 4476 Ecclesia
1672 4423 1723 4474 168
1742 4423 1772 4476 61
1813 4423 1872 4476 tatis
1891 4439 1979 4476 rerum
2006 4423 2039 4476 17
2067 4421 2086 4476 b
2111 4453 2148 4462 --
2165 4429 2254 4478 nostra
2282 4423 2451 4490 redarguitur

513 4509 583 4564 Cum
603 4535 637 4548 -
657 4511 808 4566 Peccatores
823 4511 1007 4564 distenduntur
1019 4509 1102 4562 variis
1137 4539 1174 4550 -
1191 4513 1299 4564 Peccata
1326 4516 1452 4564 curantur
1476 4523 1524 4576 per
1550 4511 1665 4562 alienum
1688 4511 1778 4562 salira·
1812 4517 1920 4576 propter
1932 4511 2094 4564 inutilitatem
2108 4513 2142 4564 36
2155 4527 2180 4564 6.
2195 4513 2259 4564 0-
2272 4517 2310 4566 666
2322 4513 2450 4578 carenda,

461 4595 1103 4652 6661671336.60-(166616666666666666666
1139 4601 1214 4664 giem
1233 4603 1258 4652 et
1278 4599 1399 4652 divinum
1418 4599 1558 4664 imperium
1578 4597 1611 4654 ib.
1624 4601 1660 4652 66
1671 4625 1709 4640 -··
1720 4599 1778 4652 Ori·
1811 4601 1872 4668 quia
1893 4601 2040 4668 frequenter
2057 4601 2131 4652 ducit
2148 4601 2173 4652 in
2192 4613 2307 4652 errorem
2322 4601 2373 4654 666
2387 4615 2400 4652 6
2413 4627 2451 4644 -

461 4699 576 4754 maguae
590 4699 690 4754 poenae
701 4691 729 4738 et
740 4701 789 4752 per
800 4687 908 4740 delicias
922 4691 1102 4752 temperantur
1138 4689 1226 4754 ginole
1242 4691 1381 4752 peccatum
1395 4693 1500 4740 curatur
1516 4701 1566 4758 ¹per
1582 4687 1704 4740 virtutem
1718 4687 1776 4740 alie
1811 4687 1936 4754 fugienda
1962 4687 1994 4740 60
2015 4703 2041 4754 q.
2060 4687 2272 4740 —Detestanda
2290 4689 2451 4742 estcuriosa

462 4775 496 4828 68
518 4791 546 4830 v.
566 4775 600 4826 18
616 4801 655 4816 -·
671 4775 728 4828 Non
746 4777 858 4828 mullum
873 4775 997 4842 affligitur
1016 4775 1101 4840 coris,
1138 4791 1187 4830 nae
1207 4775 1269 4828 lidei
1283 4781 1308 4826 et
1319 4775 1404 4828 diuini
1422 4775 1584 4828 sacramenti
1597 4773 1708 4828 ibid-
1720 4789 1777 4840 per·
1811 4775 1946 4842 diligentia
1965 4777 1997 4828 66
2018 4791 2043 4830 r.
2065 4775 2097 4828 l8
2111 4805 2147 4814 -
2159 4773 2314 4828 Cauendum
2333 4791 2347 4830 a
2366 4777 2451 4832 curio·

461 4879 532 4934 quae
556 4871 676 4932 spectant
692 4865 728 4918 ad
745 4865 843 4930 vitam,
869 4879 916 4920 ror
941 4869 1101 4932 occupatum
1139 4869 1205 4918 laeta
1225 4863 1258 4918 ab
1283 4865 1403 4930 originali
1430 4865 1459 4918 ilt
1484 4877 1533 4934 per
1559 4865 1723 4918 curationem
1750 4869 1777 4916 et
1811 4865 1848 4920 sis
1865 4867 1986 4932 exemplo
2005 4865 2098 4920 Christi
2112 4865 2163 4918 660
2184 4879 2211 4916 v.
2224 4863 2259 4918 66

461 4955 561 5010 deliciis
578 4953 726 5008 ramalibus
743 4953 778 5012 io.
795 4969 822 5010 r.
843 4955 874 5008 69
1138 4955 1298 5008 sanationem
1317 4967 1334 5006 a
1352 4959 1481 5022 quatuor,
1498 4967 1567 5020 quae
1592 4955 1698 5006 luerunt
1716 4967 1777 5018 pro·
1865 4953 2015 5012 [1666666-
2033 4967 2086 5006 non
2103 4961 2145 5006 est
2170 4953 2226 5006 sine
2254 4967 2384 5008 concursu
2402 4955 2450 5008 Dei

514 5045 724 5098 -suffocando
743 5045 889 5110 impediunt
909 5045 1100 5098 incrementum
1138 5050 1195 5110 pter
1208 5043 1335 5108 originale
1352 5047 1488 5108 peccatum
1507 5043 1602 5096 inflicta
1622 5043 1674 5096 676
1694 5041 1729 5096 66
1813 5043 1846 5096 Vl
1863 5039 1899 5096 76
1917 5057 1945 5096 v.
1965 5043 1996 5094 16

463 5135 597 5200 spirituale
609 5135 640 5186 Vl
656 5133 939 5204 553tinsollicitudo
948 5135 1102 5198 temporalis
1189 5163 1227 5172 —
1243 5131 1285 5184 ab
1302 5131 1428 5186 omnibus
1446 5133 1560 5198 peccatis
1574 5131 1719 5186 actualibus
1731 5145 1778 5186 cu·
1864 5129 2449 5196 6666066666ε666666616166666111676

462 5223 550 5276 reddit
562 5221 738 5288 negligentem
751 5223 786 5276 ad
795 5223 960 5290 sequendum
970 5221 1101 5276 Christum
1138 5227 1178 5274 rat
1196 5223 1281 5274 virtus
1298 5219 1393 5274 Christi
1417 5235 1465 5286 per
1491 5221 1604 5286 gratiam
1632 5235 1709 5276 suam
1732 5221 1777 5274 Vll
1813 5221 1855 5274 66.
1874 5221 1920 5274 691
1947 5221 1971 5274 t.
1990 5221 2035 5274 Vll
2055 5219 2105 5274 661
2126 5219 2158 5272 67
2177 5247 2215 5258 -
2237 5219 2307 5274 Deus
2336 5219 2451 5276 custodit

464 5309 515 5362 686
535 5297 552 5364 6
569 5341 606 5350 -
623 5311 722 5364 Stultus
739 5315 779 5364 est
796 5315 821 5362 et
840 5309 977 5376 hypocrita
994 5311 1102 5378 quisol·
1140 5309 1190 5362 177
1211 5309 1243 5362 66
1261 5339 1298 5350 -
1316 5309 1403 5362 Homo
1415 5315 1522 5362 curatur
1534 5309 1697 5376 flagellorum
1716 5309 1778 5362 alili-
1812 5309 1962 5364 electosVl
1981 5309 2031 5362 676
2051 5309 2086 5362 66
2104 5307 2282 5362 -Custodia
2300 5309 2451 5364 debetesse

461 5399 556 5454 licitius
587 5405 660 5452 curat
686 5399 770 5452 aliena
797 5401 864 5452 facta
888 5411 970 5468 quam
993 5399 1101 5466 propria
1138 5399 1227 5452 ctione
1251 5399 1287 5450 Vl
1305 5399 1336 5450 8l
1358 5411 1386 5452 v.
1406 5399 1421 5450 6
1444 5425 1481 5438 -
1508 5385 1707 5464 66161166116116
1727 5413 1778 5464 per
1813 5399 1840 5452 in
1857 5399 1959 5452 actione
1976 5403 2106 5466 quantum
2134 5399 2166 5450 ad
2195 5403 2297 5462 actum,
2327 5399 2450 5452 affectum

463 5489 629 5542 71116698
1139 5489 1296 5540 infusionem
1316 5485 1428 5552 gratiae,
1447 5487 1621 5552 explationem
1643 5486 1734 5552 culpae
1752 5493 1779 5540 et
1813 5493 1840 5540 et
1856 5485 1971 5542 verbum
1990 5489 2033 5540 Vll
2053 5487 2109 5540 633
2124 5489 2157 5540 63
2321 5547 2322 5550 ¹

515 5573 625 5630 Cuanrru
644 5603 678 5622 ψ·-
696 5575 842 5640 corporalis
860 5581 900 5630 est
917 5575 1005 5642 figura·
1027 5591 1102 5630 cura·
1138 5575 1323 5630 relaxationem
1343 5589 1444 5642 poenae
1464 5575 1506 5628 Vll
1526 5571 1572 5628 361
1594 5577 1625 5628 66
1640 5603 1674 5616 ·-
1686 5577 1777 5642 leprae
1865 5575 1995 5630 616666-
2015 5577 2107 5630 arescit
2126 5575 2162 5628 66
2178 5575 2394 5630 conversandum·
2405 5577 2452 5630 Vll

462 5663 540 5718 tionis
557 5663 699 5728 spiritualis
718 5663 761 5716 Vll
783 5665 834 5716 667
854 5665 886 5716 60
906 5693 940 5704 -
959 5665 1103 5730 corporalis
1139 5663 1281 5730 spiritualis
1297 5663 1326 5716 lit
1344 5677 1392 5730 per
1411 5665 1599 5718 confessionem
1618 5663 1670 5718 636
1690 5665 1723 5718 69
1815 5665 1865 5718 660
1887 5667 1919 5718 66

462 5753 581 5806 ordinata
596 5757 651 5804 erat
663 5751 696 5804 ad
709 5751 927 5804 illuminationem
939 5753 1037 5806 mentis
1049 5753 1101 5804 668
1190 5753 1340 5808 Coarosrrns
1355 5783 1393 5792 -
1411 5757 1450 5804 est
1468 5753 1555 5806 omnia
1583 5753 1649 5806 velle
1666 5753 1737 5806 scire·
1753 5757 1779 5804 et
1866 5751 1953 5806 Cunus
1968 5753 2115 5806 -dimisit
2138 5753 2315 5818 captivitatem
2336 5753 2450 5806 liliorum

465 5841 497 5894 67
524 5869 561 5882 -·
589 5839 732 5906 corporalis
755 5841 922 5894 intirmorum
946 5843 975 5894 in
1001 5843 1102 5906 piscina
1139 5841 1268 5896 subtiliter
1295 5841 1424 5906 indagare
1453 5841 1484 5896 lll
1517 5841 1547 5892 18
1575 5841 1711 5894 6.13-·
1738 5845 1779 5894 est
1814 5841 1954 5894 1666611111
1972 5841 2005 5894 98
2025 5843 2057 5894 39
2122 5897 2126 5906 ,

1402 6093 1405 6098 ’
1424 6093 1476 6200 D

515 6373 694 6430 Dnsnomnous
711 6399 747 6412 -
765 6375 821 6426 erat
843 6369 965 6422 notabilis
989 6383 1104 6434 persona
1140 6375 1218 6424 vatus
1230 6341 1291 6424 erat
1306 6383 1340 6422 ex
1357 6369 1528 6424 horribilitate
1545 6371 1608 6438 loci,
1627 6371 1672 6424 ubi
1692 6383 1778 6426 mane
1853 6397 1902 6412 ¹-
1919 6383 2056 6436 nunquam
2069 6367 2227 6438 quiescebat,
2244 6369 2450 6440 quandodiabo·

464 6463 489 6512 et
507 6459 657 6512 notabiliter
674 6463 700 6510 et
718 6455 906 6512 miserabiliter·
917 6455 1041 6512 obsessus
1058 6459 1104 6512 Vll
1141 6457 1185 6512 bat
1203 6455 1265 6512 ibid.
1283 6485 1319 6498 ·-
1337 6471 1391 6510 non
1418 6463 1521 6522 poterat
1547 6459 1675 6512 sustinere
1698 6461 1778 6524 impe·
1815 6461 1854 6512 lus
1871 6473 1937 6512 eum
1953 6457 2104 6524 possidebat
2122 6459 2166 6512 Vll
2187 6461 2236 6512 606
2255 6461 2287 6512 66
2308 6487 2340 6500 -
2359 6459 2451 6512 inven-

465 6545 516 6598 606
537 6545 569 6598 18
589 6573 624 6586 -
644 6545 753 6598 afflictus
779 6551 837 6600 erat
857 6545 994 6600 afflictione
1013 6559 1104 6612 repen·
1140 6551 1196 6600 tum
1215 6545 1373 6599 fortitudinis
1401 6547 1552 6614 daemonis,
1580 6549 1704 6616 quamvis
1721 6547 1778 6602 vin·
1814 6553 1856 6602 tus
1874 6547 1920 6602 fuit
1939 6549 1965 6600 in
1982 6547 2078 6602 debito
2100 6547 2192 6602 habitu
2216 6555 2305 6602 contra
2332 6547 2450 6602 nudatio·

463 6631 921 6700 6166,616166666661666666660
940 6635 1104 6688 76-6666
1140 6635 1235 6688 ciretur
1253 6635 1351 6688 catenis
1369 6637 1420 6688 603
1441 6635 1479 6690 63
1493 6665 1530 6684 -
1547 6637 1720 6692 Tolerabilius
1737 6643 1778 6692 est
1814 6651 1875 6692 nem
1895 6635 1959 6692 ibid.
1973 6665 2010 6676 -ι
2028 6637 2150 6692 inventus
2168 6637 2256 6692 fultio
2269 6637 2357 6692 debito
2372 6651 2448 6692 sensu
2524 6689 2526 6692 ,

462 6727 573 6776 rexatus
593 6725 647 6776 nen
664 6728 765 6778 tantum
785 6725 811 6776 in
830 6725 949 6790 corporis
968 6723 1103 6794 membris,
1139 6725 1273 6792 peccatori
1289 6723 1399 6780 obsesso
1417 6739 1431 6778 a
1452 6725 1556 6782 diabolo
1576 6727 1668 6794 agitari
1690 6727 1778 6782 inde
1815 6725 2115 6782 contrainsaniamt'br'd.
2130 6755 2164 6768 -
2177 6727 2298 6782 inventus
2312 6725 2358 6783 fuit
2371 6721 2452 6782 inde·

464 6813 511 6866 sed
530 6811 609 6866 etiam
626 6811 833 6868 investimentis
851 6815 1104 6882 aesta-aggh-
1141 6819 1210 6868 serto
1217 6829 1318 6884 ,quam
1328 6815 1437 6872 vinculis
1448 6815 1543 6872 diaboli
1553 6817 1702 6884 compediri
1715 6815 1777 6872 ibid.
1817 6815 1870 6872 bito
1884 6817 1934 6872 situ
1948 6815 2448 6874 66606666616616666666666666616.
2536 6837 2537 6840 ¹

570 6897 912 6975 S.ronov.-r0m.rrr
2309 6927 2341 6980 36
