5900 8266
1034 589 1228 658 conuuur.
1254 539 1746 656 111111111111111111.
1771 579 1818 648 11.

445 759 686 852 quadragesimo
715 765 862 848 primo1:
890 765 991 848 «lpse
1019 769 1068 830 θεῖ
1090 781 1150 832 rex
1175 779 1270 848 super
1295 781 1401 830 ornnes

314 883 423 932 11111.
443 865 523 932 hlios
534 865 702 950 superbiae
713 893 746 932 n.
761 905 804 916 -
815 867 957 934 81111111
968 883 1045 944 vero
1061 867 1185 934 1111111
1199 885 1257 950 per
1272 867 1400 934 iactuu-

443 971 546 1048 tium:
569 969 663 1036 Isaiae
679 973 798 1056 ‘quinto
811 973 840 1036 ¹:
872 995 886 1032 n
901 971 1105 1054 Exspectavi,
1123 977 1158 1036 ut
1182 971 1298 1036 laceret
1313 971 1401 1038 insti-

443 1075 532 1156 tiam‚
558 1081 588 1144 et
620 1093 706 1154 eece,
739 1077 856 1144 clamor
873 1103 902 1140 s.
929 1074 1017 1142 Tales
1040 1079 1132 1140 erant
1154 1075 1329 1154 Pharisaei,
1354 1093 1401 1144 εθ-

444 1181 584 1250 eundum
614 1181 693 1246 illud
725 1181 873 1247 Matthaei
905 1179 1057 1264 vigesimo
1090 1179 1203 1246 tertio:
1234 1207 1251 1238 «
1264 1181 1401 1246 Dilatant

443 1283 637 1368 phylacteria
657 1301 733 1362 sua,
759 1283 959 1368 magnificant
981 1283 1137 1360 [inebrias
1161 1291 1267 1350 amant
1282 1285 1401 1368 primos

334 1407 423 1456 num
443 1387 607 1456 accubitus
631 1387 663 1454 in
687 1387 824 1454 coenis»
851 1394 909 1456 ete.
936 1423 978 1436 -·-
1004 1385 1110 1454 Tertio
1134 1405 1209 1454 vero
1234 1387 1323 1456 cttdu
1345 1407 1401 1474 per

444 1495 627 1572 inuidiam,
650 1493 825 1560 secundum
840 1493 920 1560 illud
942 1493 996 1558 lob
1010 1491 1173 1578 trigesimo
1186 1495 1214 1558 ¹:
1238 1519 1254 1552 n
1270 1495 1401 1560 Elevasti

443 1617 510 1678 me,
533 1605 567 1666 et
587 1599 678 1684 quasi
703 1609 952 1684 superventum
981 1615 1147 1684 ponens»,
1172 1615 1228 1684 per
1252 1617 1401 1684 arrogan-

445 1703 535 1782 tiam,
574 1701 713 1770 «elisisti
749 1704 849 1772 valide
866 1729 896 1784 a,
929 1721 985 1790 per
1019 1701 1189 1784 invidiam,
1219 1701 1313 1788 qula,
1346 1703 1398 1768 lob

444 1809 572 1896 quinto,
599 1835 617 1868 (ε
633 1809 802 1892 parvulum
825 1809 939 1876 oceidit
953 1809 1070 1876 invidia
1083 1835 1115 1874 ».
1131 1845 1178 1856 -
1192 1809 1311 1890 Quarto
1325 1801 1401 1874 vero

306 1933 423 1986 tracanto.
443 1915 630 2002 dissipatur
652 1933 709 1998 per
725 1915 961 1994 iracundiam,
979 1933 1062 2002 quae
1076 1931 1185 1982 omnes
1199 1913 1401 2000 cogitationes

444 2021 630 2098 conturbat,
665 2019 838 2086 secundum
874 2021 951 2086 illud
988 2019 1038 2086 lob
1072 2018 1193 2087 decimo
1227 2019 1400 2104 septimoi:

449 2125 688 2212 «Cogitationes
710 2143 798 2194 meae
828 2125 996 2212 dissipatae
1022 2131 1116 2206 sunt,
1139 2131 1323 2210 torquentes
1347 2143 1401 2194 cor

443 2251 550 2302 meum
567 2257 597 2310 »;
623 2237 653 2298 et
676 2233 707 2298 in
740 2233 878 2310 Psalmo:
902 2251 924 2290 ¹«
941 2233 1083 2318 Dissipati
1110 2251 1167 2300 neo
1202 2233 1400 2316 compuncti,

443 2335 652 2404 frenduerunt
685 2353 780 2422 super
813 2353 863 2404 me
893 2337 1040 2406 dentibus
1071 2339 1137 2404 suis
1153 2365 1185 2404 1.
1208 2375 1254 2386 -·
1284 2335 1401 2422 Quinto

310 2461 423 2512 11111.
444 2443 588 2524 dilaniet
611 2461 668 2526 per
693 2441 806 2508 cordis
827 2443 1044 2524 moestitiam,
1069 2461 1133 2530 qua
1162 2443 1347 2528 praecipitat
1370 2443 1400 2508 in

443 2549 684 2632 impatientiam,
715 2567 772 2632 per
803 2567 898 2632 quam
930 2549 1098 2616 dilaniatur
1130 2555 1161 2614 et
1192 2547 1399 2626 conscientia;

443 2653 526 2718 unde
551 2651 756 2720 Ecclesiastici
779 2653 943 2738 trigesimo
963 2655 1118 2722 ootavo⁵:
1147 2653 1401 2720 «1111111111-

325 2777 423 2826 11111.
443 2757 492 2824 dis
514 2755 612 2824 flectit
635 2755 790 2824 cervicem
807 2785 822 2816 n
848 2765 906 2824 etc.
925 2797 963 2806 —
993 2759 1027 2826 tu
1051 2759 1125 2826 bino
1147 2765 1211 2836 θεῖ,
1237 2757 1321 2844 quod
1346 2757 1401 2824 uis

443 2863 581 2932 discedit
610 2869 740 2946 propter
772 2863 969 2950 perfidiam,-
989 2863 1175 2950 ,Sapientiae
1197 2857 1399 2932 duodecimo:

450 2969 622 3052 «Nequam
646 2976 694 3035 est
716 2969 801 3034 natio
824 2971 968 3050 illorum,
995 2977 1024 3040 et
1048 2971 1200 3038 naturalis
1216 2969 1334 3060 malitia
1351 2989 1401 3046 eo÷

444 3091 534 3152 rum,
560 3079 589 3140 θῖ
614 3073 762 3158 quoniam
785 3093 848 3140 non
872 3083 996 3160 poterat
1018 3077 1135 3142 mutari
1159 3075 1306 3160 cogitatio
1332 3093 1415 3152 111-Ι

444 3179 492 3246 dis
515 3197 627 3246 eorum
648 3181 896 3262 inperpetuum
913 3207 944 3246 a.

533 3289 585 3352 77.
610 3285 711 3370 (Vens.
737 3285 815 3368 tl.).
847 3289 1057 3370 Respondeas
1086 3293 1199 3352 nutem
1230 3287 1323 3352 Iesus
1354 3287 1403 3352 uit

282 3415 378 3476 111111
386 3409 431 3472 en·
440 3387 533 3458 'illisi
558 3395 617 3458 etc.
641 3391 712 3462 Post
735 3391 1002 3474 opportunitatem
1023 3391 1242 3476 disponentem
1265 3391 1402 3476 explicat

295 3465 431 3582 tillidi?
445 3497 581 3566 secundo
605 3495 800 3582 Evangelista
819 3505 1010 3582 potestatem
1024 3499 1231 3586 allicientem,
1249 3515 1328 3586 quae
1349 3499 1401 3566 de-

296 3577 355 3616 m'
446 3601 594 3684 scribitur
620 3601 672 3670 hio
695 3607 732 3668 ut
755 3621 882 3690 nequo,
905 3609 942 3670 ut
960 3603 1023 3688 pin
1047 3611 1078 3670 et
1100 3611 1137 3670 ut
1160 3623 1298 3690 mupnu.

531 3709 636 3774 Primo
657 3709 848 3776 describitur
878 3719 912 3776 ut
937 3721 1044 3796 uequu
1064 3711 1094 3776 in
1115 3709 1279 3796 argutione
1301 3709 1402 3778 cordis

309 3835 424 3890 ursana.
444 3815 615 3894 increduli,
639 3833 712 3880 oum
737 3815 828 3880 dicit:
856 3815 1072 3900 Openerutic
1104 3813 1248 3898 infidelis
1277 3823 1308 3880 ct
1327 3835 1401 3898 per-

342 3991 344 3994 .
443 3921 562 3988 uersu!
584 3927 621 3988 ut
643 3919 822 4006 infidelitas
845 3921 886 3988 sit
906 3921 942 3988 in
963 3921 1139 4006 cognitione
1154 3921 1401 4006 etperuersitus

444 4027 474 4094 iu
499 4025 678 4106 allectione,
696 4027 870 4094 secundum
892 4025 970 4094 illud
988 4027 1219 4096 Deuteronomii
1244 4027 1402 4114 trigesimo

444 4133 621 4200 secundov:
650 4159 666 4192 α
683 4131 846 4199 Generatio
871 4131 954 4200 enim
977 4149 1128 4218 perversa
1149 4141 1214 4212 est,
1240 4139 1269 4198 et
1294 4133 1402 4198 inlide-

444 4235 626 4304 11ε11111».
657 4237 826 4304 lnlidelitas
854 4235 1004 4304 reddebat
1033 4255 1086 4304 eos
1117 4237 1233 4304 stultos
1263 4243 1296 4304 θῖ
1329 4255 1401 4322 111-

445 4343 579 4432 versitas
597 4345 721 4422 duros,
747 4343 920 4410 secundum
944 4345 1020 4412 illud
1053 4343 1255 4410 Ecclesiastae
1277 4343 1399 4428 primo:

449 4449 623 4516 «Perversi
645 4449 771 4516 difficile
806 4451 1023 4540 corriguntur,
1050 4457 1080 4516 et
1104 4449 1274 4534 stultorum
1300 4447 1401 4514 intini-

445 4561 497 4622 tus
519 4561 567 4620 est
588 4573 744 4622 numerus
759 4577 790 4634 »ς
815 4553 885 4622 ideo
906 4573 968 4620 nou
994 4555 1095 4620 solum
1112 4561 1187 4622 strnt
1200 4555 1401 4634 admonendi,

446 4659 624 4726 sedetiam
653 4659 777 4726 fortiter
810 4657 1001 4744 increpandi.
1034 4697 1074 4706 --
1099 4659 1267 4744 Propterea
1298 4659 1399 4726 addit:

451 4765 621 4854 Usquequo
643 4785 699 4832 ero
722 4765 818 4850 opud
837 4783 915 4842 uos,
941 4765 1027 4830 vobis
1044 4765 1161 4832 scilicet
1178 4765 1293 4832 iaciens
1309 4765 1398 4846 bona,

445 4879 473 4938 et
492 4873 612 4958 putiur
635 4873 714 4938 cosi
739 4873 897 4940 sustinens
925 4871 1041 4938 scilieet
1065 4879 1170 4938 vestra
1193 4871 1292 4948 mala:
1317 4873 1401 4958 quod

445 4995 508 5044 nou
528 4975 604 5044 dicit
628 4985 758 5062 propter
773 4975 1014 5062 impatientiam,
1030 4993 1103 5044 cum
1121 4975 1188 5060 ipse
1208 4977 1266 5056 sit,
1283 4977 1322 5044 de
1337 4995 1401 5062 quo

445 5081 561 5148 dieitur
594 5081 742 5147 Matthaei
775 5081 932 5166 quinto⁸z
960 5081 1053 5164 «Qui
1083 5083 1182 5146 solem
1209 5099 1307 5148 suum
1328 5081 1402 5148 iacit

446 5185 522 5252 oriri
545 5203 642 5268 super
664 5185 763 5252 bonos
785 5191 818 5254 et
839 5185 939 5252 mdos
953 5209 985 5266 »ς
1002 5191 1145 5270 utsupra
1169 5193 1275 5254 sexto:
1307 5185 1401 5272 «lpse

445 5291 599 5374 benignus
623 5295 669 5356 est
692 5307 789 5376 super
811 5291 950 5374 ingratos
972 5297 1005 5356 et
1026 5291 1127 5358 malos
1142 5317 1173 5356 a.
1198 5291 1257 5358 Sed
1280 5293 1340 5360 boo
1356 5293 1400 5358 di-

516 5777 524 5808 ¹
545 5779 621 5830 Vers.
640 5779 684 5830 25.
701 5805 737 5816 -
756 5779 883 5842 Superius
900 5791 950 5842 pro
963 5775 1059 5844 primu
1075 5775 1142 5846 socii
1165 5779 1209 5846 (ite
1229 5779 1260 5848 G)
1285 5779 1339 5834 hc
1367 5779 1400 5848 [D

380 5925 381 5928 Ἴ
445 5863 580 5930 primitus]
598 5863 729 5932 Hprirnn
754 5863 820 5932 fuit,
849 5865 906 5916 Vnt.
927 5861 1018 5932 primo
1036 5863 1156 5932 fucit,D
1181 5865 1296 5920 secunda
1320 5881 1400 5920 manu

446 5951 505 6020 ipso
521 5953 588 6020 fuit,
607 5965 690 6018 qun...
708 5949 876 6004 estenderet.

515 6037 526 6072 ¹
546 6039 621 6092 Vers.
639 6037 665 6088 7.
686 6067 719 6076 -
739 6039 863 6104 Sequitur
881 6039 975 6090 11111111.
990 6037 1038 6100 23,
1058 6037 1081 6090 5.
1102 6051 1157 6104 seq.

515 6121 526 6154 1
547 6127 624 6178 vers.
641 6127 690 6188 22,
707 6131 768 6190 post
786 6139 869 6192 quem
887 6127 918 6188 5,
939 6127 963 6176 2.

515 6211 526 6242 ⁴
545 6215 620 6266 Vets.
647 6213 944 6280 11.-8111111111.
963 6211 1014 6274 st,
1037 6215 1077 6264 16.

515 6297 526 6328 ¹
545 6301 620 6352 Vers.
641 6301 684 6352 19.
702 6327 738 6338 -
756 6297 874 6352 Subinde
890 6301 1017 6362 allegatur
1030 6301 1092 6364 Sap.
1111 6301 1158 6362 11,
1174 6301 1182 6352 l
1190 6299 1213 6350 11.
1229 6327 1261 6336 -
1274 6301 1401 6364 Superius

445 6391 506 6452 post
521 6385 684 6442 moestitiam
701 6377 817 6442 coen
834 6393 1031 6454 prosequuntur
1051 6385 1080 6438 iu
1098 6399 1152 6452 quo
1166 6385 1199 6454 [H
1211 6387 1307 6452 qinom]
1322 6397 1401 6452 pruc-

446 6471 537 6540 cipitut
556 6473 591 6542 [H
614 6473 689 6526 addit
713 6471 756 6542 sc]
775 6469 805 6526 in
824 6471 854 6538 [C
866 6475 917 6524 DH
937 6471 1000 6540 per]
1018 6469 1226 6538 impatientium,
1247 6483 1299 6538 por
1318 6485 1401 6538 quoru

446 6559 594 6614 dilaniatur
614 6563 639 6614 ct
655 6559 819 6614 conscicntia
836 6559 910 6628 [vat.
929 6559 957 6610 in
976 6555 1160 6626 consobrinis}

515 6647 597 6700 11111.
617 6661 697 6712 supra
716 6661 777 6712 pag.
799 6647 859 6708 239,
878 6645 984 6696 11116.
1004 6673 1037 6710 ε
1056 6643 1165 6698 interius
1185 6657 1233 6708 pro
1261 6639 1401 6710 disponen-

446 6735 500 6786 tent
518 6735 577 6788 vat.
594 6733 807 6804 disponendum·
826 6733 888 6784 vide
906 6745 987 6796 supra
1007 6747 1029 6784 u.
1050 6731 1092 6784 70.

517 6817 527 6850 ¹
548 6823 622 6874 Vere.
640 6823 685 6876 20.
703 6851 739 6862 -
758 6819 876 6872 Subinde
892 6819 1019 6882 allegatur
1038 6817 1121 6870 Ecole.
1142 6819 1170 6880 l,
1190 6817 1232 6868 15.

554 6927 582 6982 S.
600 6929 706 6982 Bonan.
719 6955 755 6966 -
768 6925 845 6976 Tom.
864 6925 917 6976 vlt.

2358 583 2419 652 bil

1466 761 1524 842 cit,
1551 767 1585 828 ut
1609 777 1666 846 per
1688 759 1933 846 increpationem
1955 757 2068 826 duram
2086 759 2226 846 expellat
2246 759 2351 830 cordis
2365 761 2433 840 dus

1465 865 1587 946 citiam,
1613 867 1786 936 secundum
1809 865 1887 934 illud
1919 865 1955 934 ad
1981 865 2085 934 Titum
2109 865 2229 950 primo:
2261 895 2279 928 α
2295 869 2424 954 lnorepa

1465 985 1518 1036 eos
1542 969 1639 1050 dure,
1665 977 1700 1038 ut
1724 969 1791 1036 sani
1814 969 1876 1036 sint
1898 969 1932 1036 in
1953 971 2015 1036 tide
2031 997 2061 1034 s.

1556 1077 1608 1142 78.
1632 1077 1786 1144 Secundo.
1806 1075 1995 1144 describitur
2018 1083 2055 1144 ut
2073 1075 2135 1162 piu
2167 1075 2197 1144 in
2222 1077 2423 1144 advocatione
2440 1091 2469 1134 vt
2482 1089 2527 1146 ria·
2620 1063 2621 1066 ¹

1465 1179 1592 1246 infantis
1616 1181 1748 1260 obsessi,
1771 1199 1846 1248 oum
1861 1183 1952 1248 dicit:
1971 1181 2090 1246 Adduo
2107 1177 2171 1248 buc
2185 1181 2295 1264 filiunt
2310 1187 2423 1260 tuurn,

1466 1285 1583 1350 scilicet
1607 1285 1644 1350 ad
1677 1285 1884 1370 praesentiam
1919 1285 2104 1366 salvatoris,
2127 1293 2165 1352 ut
2193 1285 2255 1352 iam
2279 1285 2424 1352 videatur

1466 1387 1630 1474 impletum
1654 1389 1734 1456 illud
1763 1391 1859 1458 isaiae
1888 1389 2127 1476 quadragesimo
2158 1391 2284 1456 nonol:
2314 1415 2329 1448 n
2346 1389 2424 1456 Alie-

1466 1501 1538 1560 rent
1561 1495 1641 1560 filios
1664 1513 1739 1562 suos
1759 1493 1793 1560 in
1815 1495 1899 1562 ulnis
1928 1501 1958 1562 et
1982 1495 2061 1562 [ilias
2083 1513 2159 1562 suas
2180 1513 2277 1582 super
2311 1495 2424 1560 bume-

1467 1613 1519 1662 ros
1544 1597 1714 1680 portabunt
1733 1625 1761 1662 n.
1787 1599 1926 1676 Adduo,
1952 1596 2103 1682 inquam,
2132 1617 2190 1684 per
2219 1599 2310 1666 tidem
2336 1607 2424 1665 tuam

1466 1719 1541 1768 eum
1564 1703 1619 1786 qui
1642 1721 1704 1768 uon
1736 1709 1837 1788 potest
1865 1703 1974 1770 venire
2003 1689 2178 1786 perfidem
2207 1723 2316 1784 suam,
2342 1705 2424 1772 siout

1466 1807 1510 1870 illi
1536 1805 1595 1872 viri
1619 1813 1867 1890 apportaverunt
1894 1807 2122 1892 paralyticum,
2145 1811 2184 1876 de
2207 1810 2324 1894 quibus
2348 1811 2424 1876 llat-

1467 1909 1552 1976 tbaei
1573 1911 1696 1976 nono1⁰
1719 1909 1854 1978 dicitur:
1876 1937 1890 1970 n
1908 1913 2050 1994 Quorum
2072 1913 2167 1978 fidem
2182 1923 2220 1980 ut
2235 1915 2311 1980 vidit
2326 1915 2424 1994 lesus,

1466 2013 1564 2080 dixit:
1586 2013 1798 2080 Dimittuntur
1831 2015 1887 2082 tibi
1923 2021 2049 2098 peccata
2081 2021 2135 2082 tua
2150 2041 2182 2082 »,
2215 2017 2302 2084 Unde
2327 2017 2424 2084 blanci

1466 2137 1551 2186 nono
1582 2119 1737 2188 Dominus
1769 2119 1853 2186 dixit
1881 2119 1928 2184 illi
1956 2119 2045 2186 viro:
2072 2143 2089 2176 <r
2105 2119 2134 2186 Si
2164 2127 2251 2204 potes
2276 2121 2423 2202 credere,

1466 2225 1571 2292 omnia
1593 2225 1752 2308 possibilia
1774 2231 1850 2292 sunt
1872 2223 2010 2290 eredenti
2024 2251 2055 2290 n.
2079 2225 2169 2292 Fides
2190 2227 2274 2290 enim
2297 2225 2352 2292 illa
2366 2233 2423 2308 est,

1466 2347 1530 2416 qua
1553 2328 1707 2396 mediante
1733 2329 1803 2412 quis
1832 2327 1961 2394 ducitur
1992 2327 2031 2392 ad
2054 2327 2232 2408 Christum,
2255 2329 2330 2414 quia
2358 2329 2425 2412 ipsa

1466 2441 1514 2504 est
1537 2437 1586 2502 via
1610 2431 1793 2500 deveniendi
1815 2433 1856 2500 ad
1877 2433 1995 2520 lucem3
2019 2431 2105 2500 unde
2126 2433 2424 2518 1111111111-

1466 2543 1578 2608 braeos
1610 2539 1775 2606 undecimo
1790 2541 1829 2604 ¹1:
1862 2539 2095 2606 «Accedentem
2122 2545 2247 2622 oportet
2279 2539 2424 2620 credere,

1466 2647 1542 2732 quia
1565 2633 1632 2712 sine
1655 2644 1716 2711 lide
1740 2643 1932 2728 impossihile
1954 2649 2002 2710 est
2025 2643 2149 2728 placere
2174 2645 2236 2710 Deo
2251 2671 2283 2710 b.

1557 2753 1609 2818 79.
1634 2751 1736 2836 (Vers.
1763 2751 1842 2830 11.).
1870 2749 1905 2816 tt
1928 2749 2043 2836 1111111
2069 2773 2087 2808 1
2104 2767 2166 2816 111
2189 2757 2237 2818 est
2259 2751 2590 2820 conventionemque

1466 2857 1581 2926 Christi
1607 2859 1644 2926 ad
1669 2857 1760 2926 Belial
1793 2875 1851 2926 nec
1877 2857 1956 2926 lucis
1981 2857 2019 2924 ad
2051 2855 2195 2926 tenebras
2219 2883 2250 2938 2),
2274 2857 2344 2924 ideo
2370 2857 2424 2926 ad·
2463 2823 2560 2868 ‘mmm'

1466 2965 1528 3032 dit:
1557 2967 1596 3032 ct
1619 2983 1695 3032 cunt
1726 2965 1909 3044 decederet,
1933 2963 2016 3030 elisit
2042 2965 2135 3032 titan
2159 2963 2373 3032 doemonium
2396 2973 2426 3032 ct

1466 3071 1663 3158 discipavit:
1686 3073 1719 3136 in
1742 3089 1806 3156 quo
1828 3069 2023 3148 ostenditur,
2049 3069 2133 3154 quod
2156 3071 2224 3154 ipse
2239 3067 2426 3136 invitusve-

1467 3177 1572 3246 niebat
1607 3177 1646 3244 ad
1678 3181 1779 3244 lucem
1814 3181 1963 3262 tanquam
1999 3177 2079 3244 male
2111 3193 2224 3262 agens,
2248 3177 2424 3244 secundum

1466 3283 1547 3350 illud
1575 3283 1697 3352 loannis
1734 3283 1844 3350 tertio:
1874 3283 1965 3368 «Qui
1990 3283 2070 3350 male
2101 3283 2165 3370 agit
2186 3283 2251 3352 odit
2275 3285 2376 3350 luceru
2393 3311 2424 3348 ».

1467 3389 1566 3456 Simul
1589 3391 1682 3458 etiam
1705 3407 1778 3456 oum
1802 3391 1863 3458 boc
1883 3387 2078 3468 ostenditur,
2096 3391 2180 3476 quod
2203 3391 2346 3458 diabolus
2362 3407 2425 3456 ma-

1467 3497 1554 3562 xime
1574 3497 1779 3576 adversatur,
1804 3515 1842 3564 ne
1866 3497 1937 3582 quis
1959 3495 2000 3562 ab
2029 3515 2064 3562 eo
2093 3499 2241 3564 obsessus
2262 3501 2425 3564 converta-

1467 3609 1520 3670 tur
1555 3601 1593 3668 11
1625 3601 1806 3682 Christum,
1841 3601 2013 3670 secundum
2050 3601 2133 3686 quod
2170 3601 2244 3670 dicit
2279 3601 2359 3670 Beda
2393 3601 2425 3668 in

1466 3709 1573 3816 Glossp
1582 3709 1626 3772 13:
1648 3733 1665 3766 (ι
1679 3709 1762 3776 Unde
1778 3725 1860 3792 puer
1875 3707 1915 3772 ad
1928 3707 2095 3786 Dominum
2112 3709 2261 3776 accedens
2279 3709 2424 3790 eliditur,

1466 3811 1543 3898 quia
1565 3811 1706 3914 qouversi
1740 3811 1777 3878 ad
1810 3811 1980 3878 bominum
2009 3813 2241 3898 plerumquea
2275 3815 2425 3882 daemone

1466 3915 1806 4022 graviusppulsantur,
1829 3927 1866 3984 ut
1888 3917 1929 3984 ad
1951 3917 2028 3986 vitia
2051 3924 2252 3986 revertantur
2268 3945 2300 3984 ».
2328 3919 2426 3988 Cuius

1466 4021 1839 4108 exemplum-*habemus
1871 4021 1969 4090 Exodi
1997 4023 2118 4090 decimo
2147 4031 2261 4110 quarto
2285 4025 2322 4090 de
2347 4027 2425 4090 Pha-

1466 4147 1578 4210 raone,
1604 4129 1657 4214 qui
1682 4131 1933 4216 persequebatur
1956 4131 2110 4216 populum
2135 4131 2343 4198 recedentem.

1557 4237 1610 4302 80.
1635 4237 1738 4320 (Vens.
1761 4237 1840 4318 ta).
1867 4235 1972 4302 Tertio
1988 4237 2178 4304 describitur
2194 4244 2232 4305 ut
2246 4257 2372 4324 ntupum
2391 4237 2424 4306 in
2442 4255 2472 4300 ut
2484 4267 2565 4312 naua.

1466 4341 1652 4426 expulsione
1676 4343 1806 4426 spiritus
1822 4341 1995 4422 immundi,
2012 4361 2085 4408 cum
2102 4343 2244 4410 additur:
2263 4347 2304 4408 Et
2318 4343 2425 4412 iucre-

1463 4447 1560 4532 puoit
1581 4447 1674 4512 lesus
1695 4447 1857 4530 spiritum
1878 4447 2103 4526 immundum,
2127 4447 2217 4532 quasi
2242 4449 2307 4514 solo
2326 4449 2424 4516 verbo

1466 4569 1669 4638 compescens
1699 4569 1792 4632 eum,
1816 4555 1990 4620 secundum
2024 4551 2104 4618 illud
2126 4571 2226 4638 supra
2248 4555 2423 4636 quartuli:

1471 4657 1672 4744 «increpans
1705 4675 1767 4724 non
1805 4657 1926 4726 sinebat
1955 4675 1993 4724 ea
2024 4657 2109 4740 loqui
2126 4681 2158 4736 »;
2182 4655 2265 4724 unde
2291 4657 2424 4742 Angelus

1465 4763 1587 4832 Domini
1621 4763 1789 4832 Zachariae
1820 4763 1914 4830 tertio
1943 4763 2082 4832 dicebat:
2112 4763 2288 4848 «Increpet
2317 4763 2424 4830 Domi-

1466 4889 1526 4938 nus
1550 4871 1581 4936 iu
1608 4877 1655 4948 te,
1680 4875 1766 4936 satan
1784 4897 1814 4932 n.
1840 4903 1881 4918 --
1907 4869 1942 4934 Et
1966 4869 2043 4954 quia
2063 4867 2346 4952 ittatncrepationc
2362 4867 2424 4934 ele-

1466 4983 1554 5044 ctum
1576 4981 1625 5042 est
1638 4975 1857 5054 daemonium,
1874 4975 2039 5040 subditur:
2058 4975 2096 5038 dc
2111 4975 2247 5040 seruauit
2264 4993 2422 5058 puerum.

1465 5081 1553 5148 Unde
1567 5079 1621 5146 illa
1642 5079 1815 5164 increpatio
1838 5085 1906 5146 erat
1931 5079 2091 5158 salutaris3
2116 5077 2348 5164 propterquod
2369 5077 2423 5146 lob

1465 5185 1576 5274 quinto
1590 5185 1632 5250 ¹⁵:
1654 5211 1671 5244 <r
1687 5185 1933 5270 increpationem
1957 5185 2079 5250 Domini
2098 5201 2136 5250 ne
2161 5183 2324 5268 reprobae,
2350 5185 2424 5270 qula

1465 5293 1533 5376 ipse
1556 5291 1701 5356 vulnerat
1725 5295 1755 5356 et
1790 5289 1951 5368 medetur,
1977 5289 2131 5376 percutit,
2165 5297 2195 5356 et
2219 5307 2331 5356 manus
2355 5291 2424 5358 eius

1535 5779 1641 5830 ⁸Vers.
1663 5779 1707 5842 15,
1728 5783 1885 5842 postquem
1905 5779 1966 5828 Luc.
1987 5777 2017 5838 o,
2039 5777 2080 5830 35.
2102 5783 2126 5830 et
2144 5777 2193 5830 Tit.
2216 5777 2307 5844 1,-13.

1536 5865 1548 5896 1
1568 5867 1641 5918 vers.
1662 5869 1707 5930 22,
1728 5863 1774 5918 ubi
1794 5879 1842 5928 pro
1861 5877 1926 5918 suos
1943 5871 1968 5916 et
1987 5877 2053 5918 siros
2070 5866 2183 5928 Vulgata
2203 5871 2229 5916 et
2247 5865 2306 5916 Vat.
2325 5867 2385 5918 tuos
2399 5873 2424 5918 et

1465 5959 1545 6022 inus,·
1564 5953 1626 6006 vide
1643 5965 1725 6018 supra
1744 5965 1767 6004 c.
1790 5953 1815 6004 5.
1833 5967 1861 6004 u.
1880 5951 1923 6004 tt.
1942 5951 1968 6004 in
1987 5953 2047 6004 tine.

1536 6037 1560 6070 ¹⁰
1577 6041 1653 6092 vers.
1674 6043 1701 6104 ‘2;
1722 6041 1766 6090 cir.
1781 6037 1905 6104 suprad,
1922 6037 1959 6088 18.
1974 6051 2049 6106 seqq.
2062 6067 2096 6076 —
2110 6037 2233 6104 Sequitur·
2250 6037 2327 6088 llere.
2342 6037 2367 6100 9,
2380 6039 2423 6090 22.

1536 6123 1559 6154 ¹¹
1577 6127 1651 6178 Vers.
1673 6127 1696 6176 6.
1715 6151 1752 6164 -··
1768 6127 1896 6188 Superius
1924 6131 1984 6190 post
2001 6123 2079 6178 Fides
2099 6121 2170 6178 enirn
2189 6123 2211 6172 G
2230 6123 2302 6176 addit
2319 6121 2379 6188 cic,
2399 6133 2424 6176 et

1464 6211 1577 6266 subinde
1596 6225 1644 6274 pro
1664 6209 1729 6280 quia
1746 6209 1806 6278 1111
1823 6211 1906 6264 AGH
1926 6211 1990 6278 quur
2007 6209 2072 6278 ipsc.

1537 6295 1560 6328 ¹¹
1577 6301 1611 6352 Ut
1628 6297 1723 6352 dicitur
1742 6299 1767 6348 ll.
1788 6295 1848 6352 Cor.
1871 6299 1899 6358 o,
1922 6299 1963 6350 15.
1985 6303 2008 6350 et
2030 6297 2070 6350 tt.
2090 6297 2209 6350 -Dein
2228 6301 2297 6350 toan.
2316 6297 2410 6360 111.

1537 6383 1560 6416 11
1578 6385 1683 6438 Scilicet
1699 6383 1860 6440 ordinaria:
1878 6385 1945 6438 Dum
1966 6399 2034 6450 puer
2047 6385 2079 6436 ad
2094 6385 2236 6436 Dominum
2254 6385 2425 6448 1111111111-

1464 6475 1562 6526 ditur...
1580 6473 1690 6538 gravius
1707 6475 1859 6536 pulsantur,
1877 6479 1905 6526 nt
1923 6475 1964 6524 rel
1990 6473 2023 6526 ad
2053 6473 2115 6524 vitia
2133 6475 2307 6536 reducantur,
2327 6475 2370 6526 rel
2389 6475 2423 6526 de

1463 6575 1512 6614 sua
1530 6561 1684 6626 expulsione
1699 6559 1820 6614 diabolus
1839 6577 1868 6614 se
1884 6561 2001 6614 vindicet
2020 6561 2064 6628 (ita
2084 6561 2163 6616 etiarn
2183 6561 2226 6630 Η).
2244 6591 2280 6604 -
2300 6561 2424 6628 Sequitur

1465 6647 1547 6700 Exod.
1568 6647 1616 6710 li,
1637 6645 1662 6700 i.

1538 6725 1654 6788 1111111.
1676 6737 1698 6802 t,
1717 6735 1759 6790 cni
1778 6735 1946 6800 subiungitur
1965 6739 2043 6790 Zach.
2063 6737 2093 6802 3,
2114 6739 2137 6788 i.

1538 6817 1561 6850 11
1580 6823 1653 6872 Vere
1679 6821 1716 6874 17.
1737 6829 1761 6874 et
1786 6823 1824 6874 18.
1839 6851 1875 6860 -
1886 6823 2013 6888 Superius
2027 6837 2075 6888 pro
2094 6821 2423 6880 1111111111111111.

2283 6933 2311 6982 31
