5900 8266
462 565 525 632 666
1327 571 1443 638 INDEX
1464 571 1592 640 RERUM

754 657 807 712 666
839 657 840 660 ‘
2065 665 2118 718 aru

459 753 514 794 non
531 739 623 796 datum
651 745 703 796 606
725 757 756 796 v.
775 747 798 796 6.
819 745 870 798 666
891 757 915 796 r.
938 745 969 796 66
986 775 1024 786 --
1040 747 1095 798 Deo
1188 773 1222 784 -
1242 749 1270 798 ut
1286 745 1350 800 dicit
1369 747 1450 800 vitam
1468 747 1616 812 carnalem,
1639 759 1708 814 quae
1727 747 1772 798 im·
1812 755 1971 818 sequestrata
1991 751 2120 804 amundo
2133 755 2262 820 quantum
2275 751 2310 804 ad
2326 751 2448 804 aflectum

460 835 497 882 est
525 829 658 886 6666666666
686 837 712 886 66
737 833 874 886 reddenda
904 833 949 886 Vll
978 833 1025 886 566
1063 835 1096 886 36
1135 839 1220 898 portat
1238 831 1339 898 vitium,
1358 847 1411 886 non
1431 839 1468 886 est
1481 833 1593 886 amanda
1613 833 1645 886 Vl
1668 833 1718 886 669
1740 833 1767 886 66
1811 839 1966 892 conpetitoris
1991 837 2070 892 vinee
2094 839 2190 892 motem
2216 829 2284 910 epid,
2300 865 2332 876 ..
2359 851 2450 906 seque.

460 937 493 958 -—
514 923 551 972 est
572 919 632 988 Dei,
656 921 718 988 quia
747 921 871 988 insignita
896 919 955 976 cius
981 921 1096 988 imagine
1133 947 1170 960 -
1187 919 1309 974 Animam
1321 919 1452 974 debemus
1469 923 1558 976 odisse
1574 935 1628 974 non
1644 925 1772 990 quantum
1811 931 1887 982 stratu
1907 905 2041 980 amando
2060 931 2187 994 quantum
2204 929 2241 980 ad
2256 925 2379 980 affectum
2400 933 2450 982 ter·

460 1005 492 1062 rb.
513 1009 555 1072 36,
576 1009 607 1062 36
1133 1011 1167 1064 ad
1187 1011 1311 1078 66666666,
1328 1011 1377 1064 sed
1394 1015 1524 1076 quantum
1543 1009 1578 1072 ad
1595 1009 1771 1064 carnalitatem
1811 1015 1926 1068 renitatis
1943 1021 1983 1068 est
2000 1013 2079 1068 vidua
2100 1015 2258 1082 paupercuia
2278 1013 2341 1070 t'bt'd.

512 1125 546 1138 -
575 1097 687 1164 Spiritus
710 1111 769 1152 esse
794 1099 969 1162 immortates,
1002 1097 1096 1166 probat
1134 1097 1177 1150 Vll
1197 1099 1249 1152 375
1267 1099 1305 1150 63
1322 1123 1354 1136 -
1375 1099 1426 1164 Qui
1448 1097 1525 1150 nimis
1550 1097 1635 1164 diligit
1656 1099 1771 1150 animam
1863 1105 1997 1156 -fidelis
2012 1109 2054 1158 est
2069 1117 2169 1168 sponsa
2189 1103 2250 1168 Dei,
2267 1105 2304 1158 ad
2320 1117 2402 1170 quem
2422 1119 2449 1158 66

459 1173 579 1252 ipsorum
596 1185 754 1254 intellectus,
772 1185 904 1252 appetitus
922 1191 1033 1240 6666666
1045 1187 1097 1238 vir·
1133 1199 1208 1240 suam
1226 1199 1275 1252 per
1293 1199 1410 1238 amorem
1431 1185 1565 1252 privatum
1586 1187 1655 1238 iusto
1675 1185 1771 1240 iudicio
1811 1189 1889 1246 debet
1900 1197 2068 1258 convertere,
2080 1193 2357 1246 etennvertens-sead
2369 1193 2448 1246 aliurn

460 1279 549 1328 tunsus
569 1275 611 1328 Vll
641 1273 668 1328 56
675 1275 693 1326 6
711 1275 746 1326 65
765 1303 799 1314 -
819 1273 898 1326 habet
914 1273 1094 1340 operationem
1133 1275 1225 1338 perdet
1244 1285 1304 1326 eam
1324 1273 1422 1340 66555
1441 1299 1476 1312 ·-
1496 1273 1545 1340 Qui
1559 1273 1641 1340 diligit
1656 1273 1770 1326 animam
1810 1281 1950 1334 fornicatur
1967 1279 2002 1332 Vl
2015 1279 2067 1334 567
2085 1279 2160 1334 v.l8
2174 1307 2207 1316 -
2221 1285 2343 1334 monetur
2362 1279 2448 1334 dimit-

458 1363 594 1430 propriam
612 1363 648 1416 Vl
664 1361 701 1414 37
717 1375 745 1430 q.
765 1363 780 1414 6
798 1361 829 1414 6*
845 1387 883 1402 -
899 1367 941 1414 est
957 1365 1043 1414 creata
1063 1361 1103 1428 ad,
1133 1375 1208 1414 suam
1220 1375 1303 1426 66666
1317 1363 1398 1414 Deum
1412 1361 1500 1426 perdit
1511 1363 1593 1414 Deum
1606 1369 1632 1416 et
1642 1377 1672 1416 se
1684 1363 1770 1428 ipsum
1810 1375 1865 1422 6666
1877 1383 2007 1438 errorem,
2024 1369 2114 1422 virum
2126 1381 2179 1420 non
2191 1381 2280 1432 suurn,
2291 1375 2316 1422 et
2326 1369 2363 1422 ad
2372 1381 2448 1434 spon·

460 1455 563 1506 aeterna
583 1449 634 1504 67
761 1461 762 1464 ’
1134 1451 1185 1502 668
1205 1449 1239 1502 39
1258 1477 1293 1488 -
1312 1449 1435 1504 Animam
1448 1451 1513 1504 velle
1534 1453 1638 1504 salvare
1655 1457 1696 1504 est
1711 1465 1770 1504 eam
1810 1471 1870 1510 sum
1886 1457 2024 1522 proprium
2045 1471 2072 1510 se
2090 1459 2231 1512 transferre
2249 1457 2301 1510 558
2319 1459 2390 1510 6-
2409 1457 2448 1511 in·

512 1567 547 1582 -
566 1539 712 1594 secundum
730 1537 848 1594 66066666
860 1539 889 1592 66
900 1543 986 1594 morte
1005 1539 1096 1592 666666-
1133 1537 1275 1606 perditioni
1292 1551 1425 1606 exponere
1443 1539 1495 1590 669
1513 1539 1548 1590 39
1810 1545 1905 1600 vitatur
1924 1545 1957 1598 ad
1970 1547 2073 1612 nuptias
2092 1547 2252 1614 gratiae,‚ut
2268 1547 2323 1600 Deo
2336 1547 2448 1612 despon-

459 1629 546 1694 guitur
567 1629 669 1682 666669
689 1645 716 1682 v.
734 1631 761 1692 6,
779 1629 806 1680 3.
826 1627 877 1680 666
896 1627 1095 1682 6666663
1189 1655 1222 1666 -
1241 1627 1291 1696 Qui
1310 1627 1395 1694 perdit
1422 1627 1535 1680 animam
1565 1641 1640 1680 suam
1664 1633 1771 1694 propter
1810 1639 1881 1688 netur
1898 1633 1950 1686 666
1978 1634 2008 1686 66
2031 1633 2094 1690 Vide
2118 1651 2143 1690 a.
2169 1633 2295 1706 66666666.
2313 1665 2349 1676 --
2372 1637 2448 1690 reliu-

458 1747 494 1760 -
512 1717 794 1772 secuudum‘inildeles
813 1721 953 1768 evanescet
963 1721 990 1768 et
1009 1715 1097 1768 dissol·
1134 1715 1266 1772 Christum
1285 1717 1312 1768 in
1331 1719 1381 1768 hac
1394 1715 1461 1782 vita,
1480 1717 1581 1770 6666666
1600 1717 1660 1770 tacit
1681 1717 1706 1770 66
1717 1717 1770 1770 vita
1810 1737 1893 1792 quens
1904 1723 2149 1778 mandumomnem
2165 1725 2447 1780 suamdelectationem

459 1813 534 1862 vetur
554 1807 605 1858 669
624 1821 651 1858 v.
679 1807 696 1858 3
717 1831 756 1844 -
776 1805 931 1858 Animarum
959 1805 1014 1858 uita
1036 1809 1096 1870 post
1134 1807 1218 1858 lutura
1239 1805 1281 1858 Vli
1295 1807 1346 1858 666
1368 1805 1400 1858 39
1413 1805 1574 1858 -Perdere
1590 1807 1706 1858 animam
1723 1819 1772 1872 pru
1811 1813 1883 1878 ponit
1899 1811 1929 1862 66
1946 1809 2049 1864 Christo
2066 1813 2111 1864 Vll
2129 1813 2181 1866 566
2198 1813 2216 1864 7

459 1901 573 1948 mortem
590 1897 734 1960 negatura
756 1891 915 1958 sadducaeis
931 1893 972 1946 Vll
988 1893 1038 1946 566
1054 1893 1097 1946 36.
1134 1895 1236 1950 Christo
1256 1899 1294 1948 est
1315 1895 1415 1948 salvare
1442 1895 1492 1948 669
1512 1895 1544 1948 39
1565 1921 1599 1936 -
1620 1895 1668 1962 Qui
1688 1895 1773 1960 perdit
1865 1927 1898 1942 -
1918 1897 2064 1966 spirituales
2081 1899 2199 1954 habitant
2217 1903 2245 1954 in
2261 1901 2377 1956 brachiis
2388 1915 2449 1954 cru·

425 2013 427 2018 ·
459 1985 512 2038 565
530 1981 565 2036 66
583 2009 618 2022 -
637 1981 669 2034 ab
690 1981 837 2034 infidelibus
854 1981 979 2042 scintillae
993 1995 1098 2048 compa·
1134 1983 1251 2036 animam
1280 1983 1437 2050 exponendo
1463 1999 1522 2038 eam
1551 1983 1692 2050 perditioni
1724 1999 1772 2050 pro
1812 1991 1848 2044 cis
1867 1989 1958 2044 Christi
1980 1989 2012 2044 Vl
2031 1987 2080 2040 663
2103 1991 2173 2042 3-
2190 2001 2220 2040 66
2238 1989 2319 2042 credit
2348 1987 2448 2042 Christo

458 2077 531 2126 ratur
560 2075 668 2136 propter
700 2069 844 2122 durationis
875 2069 1031 2124 brevitatem
1064 2071 1096 2126 Vl
1134 2085 1223 2126 amore
1244 2071 1335 2126 Christi
1359 2071 1473 2126 custodit
1494 2085 1554 2126 cam
1575 2085 1624 2138 per
1640 2077 1772 2124 aeternam
1811 2079 1934 2134 omoirmo
1952 2077 2084 2132 metiendo
2105 2083 2129 2130 ot
2146 2077 2283 2130 adorando
2303 2075 2355 2128 697
2372 2077 2435 2130 65

459 2161 511 2214 669
529 2175 557 2212 V.
576 2161 591 2212 2
1134 2161 1280 2216 felicitatem
1300 2161 1332 2214 Vi
1352 2161 1411 2236 465
1424 2161 1466 2216 37.
1481 2161 1522 2216 Vil
1542 2161 1593 2216 diti
1614 2161 1647 2214 57
1665 2159 1773 2214 —Ani-
1863 2197 1898 2208 .-
1916 2173 2020 2222 sanciae
2040 2167 2161 2222 dicuntur
2183 2167 2259 2220 sedes
2279 2165 2324 2218 Dei
2349 2163 2448 2218 inhabi-

512 2277 546 2290 -
566 2247 650 2302 bonae
667 2249 813 2302 ascendunt
829 2251 863 2304 ad
883 2251 982 2304 caelum
1003 2251 1035 2304 ad
1061 2265 1097 2308 re·
1134 2263 1206 2306 marn
1223 2257 1324 2318 ponere
1340 2257 1382 2306 est
1403 2253 1518 2318 perfecte
1541 2251 1619 2320 sequi
1640 2247 1771 2304 Christum
1811 2257 1933 2316 lentisci
1954 2257 2109 2324 imperantis
2134 2255 2258 2310 omnibus
2283 2253 2398 2308 motibus
2423 2257 2448 2306 66

459 2337 681 2406 munerationem,
700 2337 747 2392 sed
768 2341 887 2392 carnales
908 2341 945 2394 de
962 2341 1014 2394 hoc
1030 2355 1098 2396 erra·
1134 2341 1167 2392 llt
1189 2341 1239 2394 636
1259 2341 1291 2394 60
1671 2345 1676 2356 ’
1810 2347 1990 2402 allectionibus
2006 2347 2041 2400 Vl
2061 2346 2112 2400 667
2129 2361 2156 2400 u.
2178 2345 2334 2400 t-lldelis
2355 2343 2448 2398 dieitur

458 2433 555 2482 rerunt
575 2429 606 2482 Vl
627 2429 659 2482 35
677 2443 706 2482 v.
724 2429 769 2482 68.
780 2429 816 2482 35
833 2443 860 2496 q.
882 2431 904 2482 6.
924 2431 959 2482 37
977 2445 1005 2498 q.
1024 2431 1039 2482 6
1063 2459 1097 2470 -
1187 2431 1410 2496 -corrumpitur
1424 2445 1470 2498 per
1483 2431 1647 2484 aversionem
1667 2431 1772 2482 allectus
1811 2437 1951 2502 templum,
1971 2437 2036 2504 quia
2053 2441 2091 2488 est
2109 2437 2182 2490 locus
2199 2435 2342 2488 sanctitatis
2360 2449 2374 2488 6
2392 2433 2447 2488 Deo

458 2519 528 2572 Plato
539 2517 642 2584 posuit,
658 2519 762 2570 animas
773 2531 886 2584 corpora
897 2517 1035 2572 brutorum
1051 2521 1098 2572 cir·
1134 2533 1149 2570 a
1168 2519 1308 2572 dilectione
1319 2521 1366 2572 liei
1385 2519 1418 2572 Vl
1434 2519 1484 2572 635
1498 2533 1522 2572 v.
1544 2521 1572 2572 66
1587 2545 1626 2558 -
1636 2523 1677 2572 666
1693 2517 1772 2584 digna
1811 2523 1986 2576 sanctificatus
2007 2529 2034 2576 et
2056 2521 2228 2588 inhabitatus,
2251 2525 2324 2578 locus
2350 2521 2448 2578 emuni-

459 2606 531 2660 cuire
549 2605 585 2658 37
605 2621 634 2674 q.
652 2607 667 2658 6
687 2635 722 2646 -
741 2611 801 2672 6666
824 2611 936 2660 moriem
959 2613 1048 2660 manet
1072 2609 1097 2660 in
1134 2605 1248 2672 repudio
1260 2607 1320 2672 Dei,
1337 2609 1447 2674 quando
1463 2605 1577 2670 abnegat
1593 2605 1711 2658 debitum
1725 2619 1773 2670 per
1811 2611 1902 2662 tetise
1931 2611 1987 2664 Deo
2009 2611 2142 2664 emunitus
2170 2617 2195 2662 et
2222 2613 2296 2664 iocus
2315 2611 2448 2676 religionis

458 2695 516 2748 loco
533 2695 633 2758 gloriae
644 2697 688 2746 vel
706 2707 809 2760 poenae
828 2695 920 2748 6636.
941 2695 972 2746 66
985 2723 1021 2734 -
1036 2701 1098 2760 6666
1133 2695 1339 2748 inobedientiam
1358 2701 1384 2746 et
1401 2693 1668 2760 quandoingreditur
1686 2699 1772 2746 turum
1811 2699 1859 2750 soli
1877 2697 1967 2752 divino
1988 2697 2067 2750 cultui
2085 2695 2223 2750 dedicatus
2243 2697 2294 2750 569
2312 2699 2326 2748 9
2341 2713 2448 2752 -san-

459 2787 572 2836 mortem
584 2785 786 2836 non'revertitur
798 2783 826 2836 in
838 2783 970 2848 corpusin
983 2785 1097 2836 bassae·
1134 2783 1249 2836 alienum
1266 2795 1315 2848 per
1332 2781 1522 2848 impudicitiam
1543 2779 1731 2834 committendo
1748 2779 1773 2830 il·
1811 2789 1852 2836 cta
1870 2788 1910 2836 est
1929 2785 2112 2850 coenaculum,
2130 2785 2166 2836 ad
2183 2785 2255 2850 quod
2268 2785 2340 2836 venit
2359 2785 2448 2838 Domi·

458 2872 587 2926 6666666
605 2885 634 2922 v.
653 2871 687 2924 66
705 2899 740 2912 --
758 2885 813 2924 666
833 2871 972 2924 revertitur
997 2871 1029 2924 ad
1049 2877 1096 2924 ter·
1134 2869 1202 2922 licita
1220 2869 1272 2922 565
1294 2869 1326 2920 69
1344 2897 1381 2908 -
1403 2881 1530 2920 conversa
1550 2869 1584 2920 ad
1610 2873 1710 2920 terrena
1730 2865 1773 2920 ob·
1811 2887 1862 2924 nus
1878 2871 1923 2922 vu
1941 2871 1993 2924 563
2012 2871 2048 2922 66

458 2973 516 3010 ram
532 2959 732 3010 suaenaturalls
753 2957 917 3010 habitationis
935 2961 961 3010 et
977 2959 1096 3022 corporis
1133 2961 1255 3010 scuratur
1271 2961 1297 3008 et
1315 2955 1454 3022 eclipsatur
1478 2969 1524 3022 per
1550 2953 1772 3020 interpositionem
1865 2987 1898 2998 -
1919 2971 2061 3012 conversae
2083 2959 2119 3012 ad
2145 2957 2277 3014 Christum
2303 2961 2449 3024 ligurantur

458 3061 507 3112 per
524 3051 658 3112 naturum,
678 3047 723 3100 sed
737 3047 879 3098 reveratur
895 3043 1040 3098 secundum
1061 3045 1096 3098 iu·
1133 3047 1217 3098 terrae
1237 3043 1305 3096 inter
1322 3057 1381 3096 eam
1398 3049 1426 3096 66
1438 3057 1530 3096 rerum
1551 3043 1633 3096 solem
1653 3043 1704 3094 660
1716 3043 1771 3094 669
1811 3057 1860 3112 per
1886 3047 1981 3100 decem
2007 3061 2097 3116 mnas,
2123 3051 2232 3114 propter
2253 3047 2447 3104 vertibilitatem
2461 3033 2469 3038 ¹*

458 3135 553 3188 stitiam
572 3133 750 3188 retributionis
767 3147 817 3198 per
834 3133 959 3186 virtutem
976 3133 1094 3186 diuinam
1134 3161 1167 3170 -
1187 3145 1270 3186 vacua
1289 3145 1306 3184 a
1324 3133 1406 3198 gratia
1427 3139 1452 3186 et
1475 3133 1573 3186 virtute
1595 3137 1772 3198 occupatura
1812 3139 1855 3194 vii
1874 3139 1926 3194 666
1944 3141 1980 3192 68

459 3225 511 3276 663
524 3239 550 3276 v.
565 3223 597 3274 66
1134 3221 1239 3276 diabolo
1258 3221 1303 3274 llll
1316 3221 1368 3274 695
1387 3221 1421 3274 56
1444 3249 1477 3260 —-
1496 3221 1653 3288 periclitatur
1673 3225 1773 3288 pertur—
1865 3259 1898 3268 .-
1918 3235 2006 3284 ennete
2024 3229 2104 3284 dehet
2121 3243 2180 3284 esee
2202 3229 2303 3284 etonem
2320 3245 2369 3296 pen
2387 3247 2450 3286 con-

514 3339 544 3352 ·-
566 3315 685 3376 separata
704 3315 743 3364 est
761 3309 818 3364 sine
839 3309 957 3376 organis,
975 3309 1023 3364 sed
1041 3325 1096 3364 noh
1133 3309 1239 3364 batione
1265 3309 1376 3364 intrante
1395 3309 1424 3362 66
1448 3311 1563 3364 animam
1584 3325 1617 3364 ex
1634 3311 1773 3364 6666666666
1811 3319 2018 3386 temptationem,
2038 3333 2132 3386 magne
2147 3319 2448 3384 perennitatam‚etneta

458 3403 515 3454 sine
530 3401 653 3466 potentiis
670 3413 832 3464 organorum
850 3399 886 3452 Vl
904 3397 951 3452 666
968 3413 996 3452 v.
1010 3399 1043 3450 66
1062 3427 1096 3440 -
1133 3397 1263 3454 diabolica
1281 3399 1328 3452 606
1355 3397 1673 3454 66-6666066666666666
1691 3401 1773 3466 impu·
1811 3407 1938 3460 nintntnm
1955 3407 2082 3460 nonietete
2095 3409 2138 3462 ilii
2158 3409 2208 3462 5i3
2225 3409 2256 3460 65
2276 3435 2311 3448 -
2329 3409 2448 3462 ventiteti

458 3493 610 3554 separatae
635 3501 747 3552 corpore
770 3493 810 3540 est
832 3485 939 3540 liberior
960 3491 988 3538 et
1012 3487 1096 3554 magis
1134 3492 1237 3554 guntur,
1250 3487 1575 3552 cruciaturetcaptivatur
1589 3490 1622 3542 Vl
1635 3487 1726 3542 5776.
1742 3487 1773 3542 66
1811 3497 1893 3550 Deum
1908 3497 2074 3550 ascendendo
2087 3511 2135 3562 pen
2147 3501 2223 3550 actus
2235 3495 2400 3550 animationis
2417 3495 2448 3550 de
2555 3547 2557 3554 ,

458 3577 553 3630 idonea
573 3575 715 3642 cognitioni
731 3575 768 3630 75
785 3591 814 3644 q.
832 3577 842 3628 6
1187 3603 1221 3616 -
1240 3577 1371 3642 peccatrix
1383 3583 1423 3628 est
1436 3577 1521 3630 minus
1541 3577 1636 3630 idonea
1653 3577 1688 3630 ad
1700 3577 1770 3632 dona
1811 3599 1935 3652 corpore,
1946 3599 2041 3638 sensus
2053 3597 2101 3652 per
2113 3599 2224 3652 corpus,
2237 3583 2300 3638 antis
2311 3583 2379 3638 einen
2393 3597 2447 3638 em.

511 3693 545 3706 -
566 3665 678 3718 maxime
704 3663 786 3730 diligit
812 3679 907 3730 corpus
933 3665 966 3718 Vl
992 3663 1041 3718 650
1064 3665 1095 3718 69
1133 3663 1181 3718 066
1198 3665 1242 3718 Vll
1260 3665 1314 3718 686
1331 3663 1366 3718 66
1383 3691 1419 3706 ·-
1439 3665 1575 3742 immunda
1592 3681 1644 3724 non
1664 3667 1773 3732 suscipit
1811 3687 1875 3740 pne,
1892 3673 1997 3726 vintntis
2009 3673 2045 3726 eti
2062 3687 2090 3728 se
2104 3661 2201 3740 ipsam,
2220 3673 2410 3742 tranquillitatis
2422 3673 2448 3724 in

458 3783 493 3796 -
516 3753 673 3820 compatitur
698 3753 801 3820 corpori
828 3755 935 3820 patienti
962 3755 988 3806 et
1012 3753 1095 3826 impe·
1135 3753 1261 3818 Spiritum
1279 3757 1398 3806 sanctum
1419 3753 1469 3808 695
1490 3753 1523 3808 56
1811 3777 1839 3816 se
1858 3763 2111 3828 ipsa,ingrassionis
2127 3761 2272 3826 adbeam,
2293 3763 2449 3826 contempla·

459 3845 541 3910 ditur,
561 3855 670 3910 corpore
690 3841 831 3908 impedito,
849 3843 898 3896 sed
920 3855 954 3896 eo
972 3847 1096 3908 corrupto
1186 3869 1221 3882 —
1241 3841 1323 3908 Culpa
1340 3843 1565 3898 occiditanimam
1576 3843 1613 3896 Vl
1628 3845 1680 3898 666
1698 3859 1725 3896 v.
1741 3843 1772 3896 66
1812 3851 1888 3904 tionis
1907 3853 1982 3918 epod
1998 3853 2081 3904 poem
2096 3852 2141 3904 eet
2168 3853 2341 3916 ,te-mmm
2360 3865 2388 3904 se
2402 3851 2448 3904 ete.

458 3947 511 3988 666
536 3931 729 4000 corrumpitur,
762 3931 810 3986 sed
833 3931 946 3986 discedit
972 3931 1008 3984 37
1024 3947 1053 4000 6.
1080 3933 1095 3986 6
1132 3959 1169 3972 -
1187 3931 1331 3998 peccatoris
1349 3935 1452 3984 mortua
1470 3937 1510 3986 est
1526 3931 1553 3982 in
1572 3945 1685 4000 corpore
1701 3937 1731 3986 ut
1747 3933 1772 3986 in
1811 3945 1870 3994 veta
1887 3939 1961 3994 audit
1978 3919 2005 3994 ¹et
2022 3941 2097 3994 66666
2119 3953 2213 3994 arcana
2234 3939 2285 3994 366
2309 3939 2344 3994 66
2362 3967 2397 3980 ·-·
2417 3943 2449 3992 le·

459 4021 488 4076 6*
511 4051 547 4062 -
569 4037 599 4076 66
625 4021 756 4076 occisione
778 4023 897 4086 corporis
922 4021 1002 4076 sentit
1022 4021 1098 4074 dolo-
1134 4021 1255 4090 sepulcro
1273 4021 1317 4074 Vll
1330 4021 1382 4072 396
1400 4023 1436 4072 88
1453 4049 1491 4062 -
1508 4021 1620 4076 moritur
1632 4035 1680 4088 per
1697 4035 1772 4088 sepa·
1811 4029 1939 4084 condetur
1955 4029 2144 4094 recogitatione
2157 4033 2324 4096 peeoetomm
2345 4027 2394 4080 366
2417 4027 2448 4080 63

459 4125 530 4176 rem,
549 4111 597 4164 sed
623 4125 673 4164 non
693 4111 789 4178 patitur
808 4111 936 4164 damnum
956 4109 984 4162 in
1006 4115 1097 4164 natura
1133 4109 1262 4162 rationem
1280 4123 1295 4160 a
1315 4111 1369 4162 Deo
1388 4111 1422 4162 Vl
1442 4111 1491 4162 616
1508 4125 1535 4162 u.
1553 4111 1593 4162 66.
1615 4111 1663 4162 689
1684 4125 1710 4162 v.
1730 4111 1773 4162 60.
1810 4147 1845 4158 ...
1864 4119 1889 4170 in
1907 4117 2065 4172 novensitnte
2083 4117 2223 4182 temporali
2236 4121 2394 4170 sustentator
2407 4131 2448 4170 on-

459 4201 504 4254 666
519 4201 597 4252 3668
885 4247 887 4250 .
1134 4197 1250 4252 661669
1269 4195 1304 4250 47
1810 4207 1971 4272 spectatione
1989 4207 2120 4260 bonorum
2142 4213 2323 4270 aeternorum,
2343 4205 2370 4258 in
2387 4219 2449 4270 pro·

513 4287 975 4360 -gravaturinfirmitate-corporis
989 4289 1031 4342 llll
1046 4289 1097 4342 635
1187 4315 1222 4326 -
1241 4285 1323 4340 servit
1338 4291 1441 4354 septem
1463 4287 1533 4342 vitiis
1557 4285 1710 4352 capitalibus
1730 4285 1773 4338 Vll
1811 4295 1935 4360 speritate
1950 4293 2079 4360 opprimit
2098 4295 2215 4348 memmi
2228 4293 2386 4360 experientia
2399 4291 2449 4360 spi.

459 4379 494 4434 57
514 4405 547 4420 -
567 4383 726 4444 aggravatur
746 4389 857 4444 corpore
879 4381 903 4430 et
928 4375 1098 4444 perturbatur
1135 4373 1188 4428 566
1205 4375 1241 4428 38
1258 4403 1295 4414 --
1313 4373 1429 4428 abutitur
1446 4375 1563 4444 quinque
1580 4373 1714 4438 sensibus,
1729 4373 1772 4444 qui
1811 4383 1943 4438 nitentium
1961 4385 2093 4438 vigete

459 4467 585 4522 molestiis
601 4469 658 4522 cius
678 4469 711 4522 Vl
731 4467 780 4522 679
800 4483 828 4522 v.
847 4467 881 4522 65
899 4495 937 4508 -
953 4469 1098 4522 intellectus
1134 4465 1257 4518 dicuntur
1268 4465 1386 4532 quinque
1398 4465 1450 4518 riri
1462 4465 1497 4518 Vl
1509 4465 1563 4518 557
1574 4479 1602 4518 v.
1617 4465 1647 4516 68
1663 4493 1696 4502 -
1712 4477 1773 4530 pcc·
1864 4499 1899 4514 ..
1913 4475 1939 4526 m
1950 4473 2055 4526 mimae
2066 4471 2257 4528 henefieetione
2275 4477 2448 4538 eognoeeeten

460 4555 630 4632 obnubilatur
656 4555 851 4622 interpositione
879 4555 997 4622 corporis
1020 4555 1097 4622 opaci
1136 4555 1215 4606 natrix
1234 4555 1363 4618 liguratur
1380 4555 1407 4606 in
1427 4559 1586 4620 praegnante
1605 4553 1648 4606 Vll
1669 4551 1719 4606 536
1741 4551 1772 4606 36
1811 4561 1920 4626 oet-item
1937 4561 1962 4612 in
1977 4561 2078 4614 eoimee
2097 4567 2123 4614 et
2134 4561 2253 4628 conponis
2272 4561 2340 4614 tetiei
2353 4561 2448 4612 mione

460 4647 526 4702 inter
543 4645 631 4712 ipsam
649 4651 675 4698 et
694 4645 900 4698 solemiustitiae
918 4633 981 4698 thid
1000 4675 1032 4684 -
1053 4645 1099 4698 Po·
1134 4669 1172 4682 -
1195 4645 1282 4696 aDeo
1303 4647 1422 4708 separata
1445 4647 1487 4696 est
1506 4643 1587 4696 vidua
1610 4647 1711 4696 naortua
1731 4641 1773 4694 ru
1811 4649 1914 4704 mitetur
1939 4651 2025 4702 omnis
2054 4651 2186 4714 corruptio
2215 4651 2249 4702 vt
2279 4651 2328 4702 353
2360 4647 2391 4700 47
2416 4675 2448 4686 ...

462 4735 559 4788 tentiae
581 4735 684 4786 animae
712 4735 827 4800 ligantur
852 4747 900 4798 per
919 4747 1017 4798 corpus
1035 4731 1099 4788 ibid.
1136 4729 1243 4784 66967
1811 4739 1839 4790 66
1858 4739 1933 4792 beata
1951 4737 2119 4792 adhaerendo
2142 4737 2246 4792 veritati
2267 4735 2394 4802 spirituali
2414 4735 2448 4788 di·

458 4851 495 4864 -
513 4823 626 4876 dilectus
644 4825 747 4876 animae
764 4821 1098 4878 retrahituracaelestibus
1188 4847 1225 4860 -
1243 4825 1281 4874 est
1300 4819 1369 4874 bona
1387 4819 1559 4886 pergratiam
1577 4819 1613 4870 Vl
1632 4819 1683 4871 666
1696 4833 1725 4870 6.
1742 4819 1771 4870 69
1810 4825 1977 4880 teetionevit
1991 4825 2043 4878 697
2056 4827 2089 4878 52
2108 4853 2143 4866 -
2163 4825 2323 4880 neminemne
2336 4825 2449 4888 figurem.

383 4933 386 4938 “
460 4927 573 4982 corpore
589 4911 754 4978 corruptibili
769 4909 831 4968 ibid.
1136 4939 1171 4950 -
1190 4909 1331 4964 mundatur
1350 4921 1397 4974 per
1417 4909 1527 4974 gratiam
1547 4909 1590 4964 Vll
1616 4907 1666 4960 306
1686 4909 1719 4960 82
1739 4933 1773 4946 -··
1811 4919 1853 4966 tur
1871 4915 2023 4978 perdecem
2037 4913 2167 4980 civitates,
2180 4911 2448 4978 propterimmutabi·

514 5031 548 5044 -
567 5003 714 5066 veriusest,
734 5001 777 5056 ubi
791 5005 964 5068 amatricem
984 4999 1028 5054 ubi
1047 5001 1098 5056 ani·
1136 4999 1248 5052 lavanda
1266 5003 1307 5052 est
1323 4997 1348 5050 66
1369 4999 1444 5062 aquis
1455 4995 1618 5050 contritionis
1632 4995 1773 5062 6066666-
1812 5003 1908 5056 litatem
1928 5003 2023 5066 gloriae
2045 5001 2094 5054 686
2114 5003 2146 5054 68

460 5099 515 5146 urat
530 5091 576 5146 Vll
593 5091 645 5146 363
665 5089 700 5144 67
716 5117 754 5130 ·-
770 5089 888 5154 habitat,
905 5089 954 5144 ubi
971 5095 1011 5144 est
1028 5091 1099 5154 prin·
1136 5089 1269 5140 dationem
1281 5085 1381 5152 sordis,
1394 5085 1421 5136 in
1439 5085 1514 5152 aquis
1526 5083 1675 5138 devotionis
1692 5083 1726 5134 ad
1740 5083 1773 5134 in·
1864 5117 1896 5126 -
1918 5087 2023 5152 Spiritui
2043 5101 2094 5140 non
2113 5095 2173 5142 sunt
2184 5089 2300 5142 timenda
2318 5089 2447 5154 supplicia

460 5181 543 5248 clpale
563 5185 678 5232 amatum
698 5175 761 5232 t'bt'd.
1135 5175 1281 5228 tensionem
1301 5171 1434 5234 candoris,
1451 5173 1479 5224 in
1497 5169 1773 5236 sangninepassionis
1811 5177 1897 5230 carnis
1916 5175 1959 5228 Vll
1985 5177 2036 5228 366
2061 5177 2075 5226 8
2096 5203 2129 5214 -
2148 5177 2272 5242 aiiligitur
2297 5191 2362 5230 uero
2385 5163 2448 5242 igne

513 5297 548 5308 -
566 5281 620 5320 non
637 5269 762 5332 impletur
776 5265 965 5330 temporalibus
984 5265 1027 5318 Vll
1046 5265 1098 5318 368
1135 5257 1773 5324 imitationeGhristiadperlectionemdecorislll
1812 5263 1859 5316 666
1882 5265 1917 5316 50
1935 5292 1970 5302 -
1989 5263 2112 5332 affligitur
2133 5265 2163 5318 in
2185 5265 2359 5332 imaginibus,
2380 5281 2448 5334 quas

459 5359 493 5410 68
514 5383 548 5394 *-
566 5357 630 5424 quia
652 5353 783 5408 Trinitatis
809 5367 903 5418 capax,
930 5352 1098 5406 66666066
1136 5349 1189 5402 599
1206 5363 1222 5402 6
1237 5377 1268 5386 -
1288 5347 1434 5414 peccatoris
1445 5353 1485 5400 est
1501 5347 1629 5414 templum
1647 5347 1773 5400 mundan·
1811 5353 1886 5406 tnenit
1903 5367 1919 5406 a
1937 5365 2049 5420 conpone
2066 5351 2127 5408 initi,

459 5444 582 5512 impletur
599 5441 660 5500 ibid.
680 5469 715 5484 -
729 5455 783 5494 non
809 5443 932 5506 impletur
953 5441 1098 5508 quantitate
1135 5437 1200 5490 dum
1228 5449 1276 5504 per
1301 5436 1420 5490 dolorem
1442 5437 1631 5502 poeniteutiae,
1654 5435 1773 5488 reaedifi-
1863 5471 1898 5484 —
1917 5443 1987 5496 bruti
2012 5459 2066 5498 non
2095 5443 2174 5500 habet
2190 5447 2370 5512 operationem
2390 5459 2448 5512 666-

460 5533 599 5596 materiali,
612 5531 658 5584 sed
671 5529 789 5592 virtuali,
810 5529 928 5584 sicutest
941 5527 1097 5600 gratialibid.
1136 5519 1251 5580 candum
1268 5539 1318 5590 per
1334 5527 1482 5590 protectum
1500 5525 1614 5578 iustitiae
1637 5531 1664 5578 et
1682 5539 1773 5578 ornan·
1810 5531 1895 5598 priam
1914 5533 1947 5586 Vl
1966 5533 2067 5602 37666
2087 5533 2163 5586 6*-
2176 5533 2319 5590 hostiarum
2333 5549 2449 5590 connum.

459 5649 496 5663 -
513 5621 622 5674 Animae
640 5619 771 5686 capacitas
788 5617 912 5682 impletur
925 5617 981 5670 solo
1001 5617 1098 5682 Spiritu
1136 5613 1201 5668 dum
1230 5627 1278 5680 per
1307 5613 1431 5668 decorem
1454 5613 1578 5666 scientiae
1603 5613 1653 5668 560
1682 5613 1712 5666 60
1739 5641 1772 5652 -
1810 5626 1908 5690 penten
1927 5619 1959 5676 lt.
1979 5625 2041 5692 qe

460 5713 549 5764 sancto
570 5707 600 5760 67
620 5707 654 5760 65
1136 5707 1273 5770 tertiatur
1302 5715 1349 5768 per
1374 5701 1473 5756 dunum
1501 5701 1695 5758 miselifflidifli
1712 5703 1772 5768 Dii,
1863 5713 1987 5770 Auxuxma
2003 5745 2040 5756 -·
2057 5716 2330 5782 productasuntcum
2344 5717 2448 5772 homme

404 5839 406 5848 .
513 5823 548 5836 -
562 5781 1097 5850 066666666666166666666666663668
1135 5793 1184 5860 qui
1195 5791 1305 5860 suscipit
1316 5791 1351 5844 nd
1362 5791 1549 5872 benignitatem
1566 5793 1678 5860 gratiae,
1695 5795 1773 5848 vestit
1810 5805 1934 5858 sententie
1944 5805 1987 5858 vii
1997 5803 2031 5858 55
2042 5803 2218 5860 itt-..omnia
2228 5803 2323 5860 nabent
2333 5807 2448 5874 aliquam

461 5915 495 5926 -
514 5887 583 5938 lleus
600 5887 665 5938 zelat
685 5883 783 5938 animas
797 5889 922 5950 tanquam
936 5897 1047 5950 sponsas
1065 5885 1098 5938 Vl
1137 5881 1293 5936 vestimento
1313 5881 1772 5938 6665666666666666666666666166
1810 5893 1944 5948 utilitatem
1958 5895 1992 5946 vi
2005 5895 2056 5946 teil
2069 5909 2097 5948 v,
2109 5893 2142 5948 66
2162 5923 2197 5932 -
2215 5895 2240 5948 in
2252 5883 2449 5960 comparatione

462 5975 513 6028 665
530 5989 558 6028 r.
578 5973 609 6024 60
630 6001 664 6012 -
683 5977 744 6028 sunt
760 5973 787 6026 in
800 5973 962 6040 protectione
981 5973 1027 6028 Dei
1049 5975 1099 6028 665
1137 5971 1206 6026 666666
1224 5971 1340 6026 internae
1360 5973 1404 6026 Vll
1424 5973 1476 6028 396
1498 5975 1541 6028 33.
1562 5971 1615 6028 397
1637 5975 1671 6028 60
1810 5983 1925 6036 nominis
1940 5995 1995 6034 non
2012 5983 2129 6036 conanda
2148 5983 2191 6036 Vll
2211 5981 2262 6036 666
2283 5983 2325 6036 56.
2345 5983 2448 6036 66569

461 6079 486 6118 r.
509 6067 518 6118 t
540 6091 578 6104 ·-
593 6063 664 6118 Deus
691 6063 804 6118 maxime
828 6067 899 6116 amat
920 6063 1022 6118 animas
1049 6063 1098 6118 686
1184 6091 1219 6102 -
1238 6061 1375 6130 poenitens
1391 6061 1515 6118 liberatur
1534 6079 1550 6116 a
1567 6065 1707 6138 tentatione
1720 6065 1772 6118 dia·
1862 6101 1897 6110 -
1916 6071 1980 6124 nihil
1998 6073 2074 6138 plene
2095 6075 2256 6136 cognoscunt
2275 6073 2307 6124 Vl
2328 6073 2361 6124 66
2383 6071 2442 6138 (pi

460 6169 486 6208 r.
506 6151 549 6208 ni.
568 6153 612 6206 Vll
626 6151 677 6206 664
696 6153 739 6206 68.
754 6151 805 6206 tui
823 6153 848 6206 6.
863 6151 912 6206 689
935 6151 1014 6206 67-
1028 6151 1099 6206 Deus
1136 6151 1190 6206 boli
1216 6167 1264 6220 per
1292 6153 1401 6220 gratiam
1431 6153 1524 6208 Christi
1553 6155 1595 6208 llll
1616 6153 1773 6208 touta-
1810 6175 1910 6214 mnon
1923 6163 2085 6226 cognoscunt
2098 6159 2168 6212 bona
2180 6161 2289 6212 honesta
2303 6157 2355 6210 609
2367 6173 2394 6212 v.
2416 6159 2446 6210 69

461 6257 586 6310 magnam
603 6241 660 6296 vim
680 6241 741 6298 iacit
759 6243 784 6296 66
810 6245 933 6298 66666666
950 6243 1098 6298 animarum
1135 6241 1245 6298 Animae
1262 6247 1374 6314 tentatae
1391 6243 1533 6298 consolatio
1552 6243 1669 6310 signatur
1691 6245 1719 6296 ln
1737 6259 1773 6298 se·
1863 6279 1899 6288 -
1918 6251 2018 6304 Genera
2039 6231 2190 6304 animalium
2217 6247 2314 6302 salvata
2333 6253 2393 6302 sunt
2421 6247 2448 6302 66

461 6333 495 6388 Vl
515 6333 566 6388 663
583 6333 615 6384 66
637 6331 795 6388 6*-Β666
813 6333 927 6386 maxime
943 6337 1017 6388 curat
1034 6333 1099 6386 6666-
1136 6331 1243 6386 666666
1259 6325 1422 6398 tempestatis
1439 6331 1501 6388 ibid.
1517 6359 1554 6372 -·-
1571 6333 1599 6386 66
1622 6331 1773 6388 liberatione
1811 6351 1872 6392 arca
1889 6339 1925 6392 Vl
1943 6337 1996 6392 697
2013 6353 2041 6390 v.
2060 6337 2075 6390 6
2095 6367 2130 6376 -
2149 6337 2211 6390 bina
2230 6337 2328 6390 inarca
2344 6339 2448 6392 luerunt

460 6427 514 6476 tem
531 6423 682 6476 animarum
700 6423 744 6476 illl
757 6421 810 6476 606
822 6421 865 6474 55.
878 6421 930 6474 605
943 6421 987 6474 59.
1000 6421 1052 6474 303
1065 6421 1092 6472 86
1136 6421 1266 6474 animaea
1286 6421 1427 6474 tentatione
1438 6421 1577 6476 attenditur
1594 6421 1774 6488 oratio,meu·
1811 6427 1837 6478 in
1856 6427 1969 6494 liguram
1988 6425 2101 6480 caritatis
2119 6431 2227 6480 mutuae
2245 6427 2289 6480 Vll
2306 6427 2358 6480 653
2378 6427 2417 6480 3

459 6511 626 6566 -suntad
648 6509 781 6564 Christum
805 6511 948 6566 trahendae
971 6515 1099 6578 tanquam
1137 6509 1170 6564 tis
1189 6509 1295 6564 devotio
1313 6517 1338 6562 et
1357 6509 1402 6564 Dei
1422 6509 1600 6564 honorificatio
1617 6511 1664 6564 606
1688 6509 1722 6564 65
1739 6539 1773 6550 -
1864 6545 1899 6554 -
1918 6517 2063 6580 significant
2080 6521 2170 6570 motus
2196 6515 2322 6568 animales
2351 6517 2448 6570 severi-

461 6601 496 6652 ad
514 6613 608 6654 verum
627 6599 834 6652 0666666689
854 6597 889 6652 67
905 6627 943 6642 -
960 6601 1036 6652 86666
1049 6599 1101 6652 ani·
1137 6597 1217 6666 ligata
1229 6605 1305 6654 reatu
1321 6601 1536 6666 culpaesolxitur
1554 6613 1569 6652 a
1586 6597 1689 6652 Christo
1701 6599 1775 6652 mini·
1812 6607 1865 6658 tate
1888 6603 2002 6658 iustitiae
2029 6603 2213 6670 reprimendos
2236 6605 2280 6656 Vll
2307 6603 2343 6656 65
2361 6605 2394 6658 69
2414 6631 2448 6642 —-

461 6703 567 6744 marum
584 6703 637 6742 non
654 6695 762 6743 curatur
778 6687 814 6742 ab
831 6673 975 6754 hypocritis
995 6685 1047 6742 366
1067 6687 1099 6742 30
1137 6689 1216 6742 sterio
1235 6689 1400 6744 sacerdotum
1418 6687 1469 6742 366
1490 6691 1521 6742 36
1812 6691 1897 6744 Homo
1916 6691 2036 6746 animalis
2059 6707 2113 6746 non
2135 6691 2231 6758 accipit
2248 6691 2373 6758 Spiritum
2392 6705 2448 6744 san·

514 6779 666 6844 -propria
680 6775 1101 6844 primocustodiandavtllnir
1192 6791 1309 6846 -quae
1319 6775 1420 6832 recedit
1432 6775 1464 6830 ab
1475 6791 1566 6832 arnone
1577 6775 1775 6844 temporalium,
1811 6781 1936 6832 ’66666666
1955 6781 2001 6832 661
2026 6781 2059 6834 66
2072 6781 2244 6834 -Homines
2255 6781 2382 6832 animales
2394 6793 2448 6832 nun

461 6891 498 6904 -
516 6863 625 6918 Animae
638 6865 765 6920 damnum
777 6865 923 6924 maximum
943 6867 975 6920 Vl
995 6865 1028 6918 66
1048 6867 1107 6922 69
1138 6867 1235 6922 dicitur
1252 6867 1332 6922 vidua
1350 6855 1556 6934 et'paapcrcula
1574 6867 1617 6920 vu
1635 6867 1687 6920 566
1705 6865 1724 6920 7
1743 6893 1777 6906 -
1813 6873 1883 6922 recte
1901 6869 2015 6922 sentiunt
2035 6869 2067 6922 de
2086 6867 2188 6922 Christo
2207 6869 2251 6922 llll
2270 6865 2322 6920 665
2343 6867 2370 6918 36
