5908 8266
815 623 879 674 Pllx
1201 537 1238 602 IN
1261 531 1552 602 conunnrxnlos
1577 539 1606 602 S.
1631 533 1856 606 sententiata
1992 545 1994 548 ’
2175 623 2227 674 nlll
2461 529 2526 596 845

534 705 705 758 exterioribus
736 719 816 774 quam
845 709 990 764 secundum
1020 711 1110 762 merita
1139 713 1172 764 111
1211 713 1297 766 culum
1316 709 1475 764 attribuatur
1492 711 1527 764 Vl
1544 709 1596 764 373
1616 713 1651 764 30
1668 739 1707 752 -
1724 713 1775 766 4414
1792 725 1849 778 444
1940 737 1975 748 -
1994 709 2149 774 hypocritae
2175 709 2272 762 1414414
2298 709 2389 762 animo
2412 711 2525 762 mortem

534 793 586 848 345
606 795 638 848 32
659 827 693 836 -
713 797 841 852 iudicium
859 805 1045 864 perverterunt
1063 799 1172 864 timore,
1210 801 1248 852 cie
1274 789 1409 866 religionis
1432 797 1593 854 inducebant
1619 799 1655 852 ad
1681 799 1849 864 negationem
1888 795 1980 848 Christi
1998 793 2120 848 sitiebant
2138 797 2170 848 111
2192 795 2241 848 353
2261 797 2343 848 74-
2361 811 2409 862 444
2426 799 2526 862 Legem

534 883 612 948 odio,
630 884 785 952 dilectione,
802 887 912 938 avaritia
929 885 981 938 353
1000 885 1037 938 74
1078 937 1080 940 ,
1210 887 1303 942 Christi
1322 887 1384 942 ibid.
1405 917 1440 926 -
1458 903 1511 940 nun
1531 885 1672 940 credebant
1701 887 1778 952 signo
1795 887 1851 940 evi·
1887 881 2019 936 Christum
2039 883 2296 938 condemnarenoa
2325 889 2445 950 poterant
2471 887 2523 938 353

585 1001 621 1014 -
638 981 714 1028 erant
731 971 915 1030 observatores
941 975 975 1028 Vl
1003 975 1054 1026 343
1085 963 1172 1034 47-τ
1210 977 1362 1028 deotissime
1382 973 1759 1044 444414434411144437337
1888 971 1929 1034 33,
1949 971 1991 1036 33,
2015 971 2056 1022 70.
2085 971 2137 1022 353
2163 971 2396 1026 74--441414441
2421 975 2524 1028 occulte

533 1068 607 1115 erant
623 1063 744 1116 malitiosi
763 1075 791 1118 et
807 1061 992 1116 observatores
1012 1063 1062 1114 233
1085 1063 1116 1116 53
1137 1091 1172 1104 -
1262 1091 1298 1102 -
1316 1065 1509 1119 calumniantur
1522 1065 1657 1118 credentes
1672 1065 1700 1114 in
1718 1061 1853 1116 Christum
1887 1057 2007 1110 occidere
2024 1057 2157 1112 Christum
2176 1061 2284 1124 propter
2305 1061 2396 1112 odium
2408 1061 2525 1114 veritatis

534 1149 1173 1204 observabantsermonemChristiadcalumnian·
1211 1153 1242 1204 Vl
1264 1153 1314 1204 353
1338 1153 1368 1204 70
1389 1181 1423 1192 -
1442 1153 1580 1208 credentes
1597 1153 1622 1204 in
1643 1151 1773 1206 Christum
1785 1151 1849 1204 nite-
1886 1145 2006 1208 auditne,
2024 1159 2078 1198 nen
2095 1151 2187 1210 3113113
2201 1151 2310 1212 11103111
2329 1145 2448 1200 1111101113
2469 1153 2525 1202 tur-

535 1237 600 1292 dum
619 1237 671 1292 453
689 1239 725 1290 33
742 1265 780 1280 -
797 1237 975 1292 observabant
992 1237 1134 1302 malitiose,
1151 1241 1173 1292 41
1211 1237 1305 1292 bantur
1325 1253 1340 1292 a
1358 1241 1413 1294 1134
1430 1247 1549 1294 44441444
1569 1241 1601 1296 ib.
1619 1239 1654 1294 37
1671 1265 1708 1280 -
1726 1239 1848 1292 obstinati
1886 1233 2041 1286 baruntii!
2071 1233 2122 1286 3119
2153 1235 2202 1286 103
2228 1261 2265 1274 -
2290 1235 2523 1300 reprehensionem

534 1325 652 1380 Christus
679 1325 705 1378 iu
733 1325 850 1380 Sabbata
875 1331 992 1390 curaret,
1022 1331 1050 1380 ut
1067 1333 1174 1392 possent
1210 1341 1262 1380 non
1281 1329 1365 1380 solum
1385 1343 1440 1382 nou
1460 1329 1626 1384 44431344441
1653 1331 1751 1382 Lazaro
1771 1329 1848 1382 susci·
1885 1321 2020 1376 Nicodemi
2048 1319 2148 1376 evitare
2181 1327 2208 1374 et
2235 1329 2393 1388 conceptum
2423 1325 2523 1376 malurn

535 1425 596 1466 4444
623 1427 737 1480 arguere
755 1415 798 1468 Vll
819 1415 870 1466 137
891 1415 923 1466 13
943 1445 979 1454 -
995 1415 1173 1468 observabant
1211 1421 1263 1468 tato
1291 1421 1316 1468 et
1340 1415 1458 1484 Christo,
1476 1419 1525 1472 sed
1541 1423 1567 1470 41
1586 1419 1665 1472 tidem
1684 1417 1847 1472 credentium
1886 1423 2069 1466 consummare
2091 1423 2145 1462 nou
2168 1413 2287 1474 poteraut
2313 1411 2345 1464 vt
2363 1411 2414 1466 332
2435 1409 2464 1464 71
2488 1439 2525 1452 -

533 1501 624 1556 Christi
647 1499 729 1556 verba
746 1507 774 1556 et
786 1503 911 1556 miracula
929 1505 966 1556 ad
982 1505 1173 1570 reprehendeu·
1210 1505 1375 1570 exstinguere
1395 1505 1518 1558 volebant
1535 1507 1582 1560 Vll
1599 1505 1653 1560 425
1670 1507 1701 1558 61
1885 1505 2073 1568 persequentes
2090 1497 2220 1552 Christum
2240 1499 2357 1564 dissipati
2378 1505 2437 1552 sunt
2457 1497 2520 1552 ibid.

497 1661 499 1666 Α
534 1589 599 1642 dum
626 1591 1171 1654 4144444434443533-0044444114
1262 1623 1298 1634 -
1316 1601 1424 1660 4444144
1442 1595 1612 1660 pertinaciam
1627 1595 1846 1648 romanseruntin
1937 1587 2521 1654 -3144144434444344414411142043

533 1691 624 1730 44444
639 1677 799 1742 procedebat
810 1695 843 1734 ex
855 1681 951 1734 malitia
962 1679 1170 1736 insidianteibt'd.
1211 1683 1327 1736 faecibus
1346 1683 1401 1736 suis
1412 1683 1457 1736 Vll
1471 1685 1521 1736 132
1540 1683 1569 1734 31
1593 1689 1795 1748 -reputentur
1809 1683 1846 1736 in·
1884 1705 1918 1718 -·
1937 1677 2079 1732 credebaut
2096 1679 2211 1731 laturam
2236 1677 2454 1730 resurrectionem
2477 1675 2522 1728 Vll

586 1795 621 1804 —
641 1765 767 1820 miracula
787 1767 879 1822 Christi
900 1769 1015 1824 nituntur
1034 1773 1172 1836 reprehen·
1210 1773 1269 1824 iusti
1288 1777 1313 1826 41
1332 1769 1439 1836 reprobi
1459 1769 1491 1824 ab
1505 1771 1599 1824 eadem
1611 1771 1752 1838 Sapientia,
1766 1787 1844 1840 quam
1885 1767 1989 1820 51645

435 1929 437 1932 Ι
536 1853 1172 1912 34443137332-3144114413144141444144-
1211 1861 1389 1912 condemnant
1411 1865 1522 1926 propter
1547 1859 1718 1924 pertinaciam
1737 1865 1765 1912 41
1782 1859 1846 1914 blas·
1937 1855 2303 1922 -44444441444441144144
2317 1855 2358 1910 1111
2375 1855 2423 1910 453
2440 1855 2536 1906 lb·-¹

534 1949 684 1998 vocatorem
704 1947 862 2000 daemonum
882 1949 926 2000 111
947 1949 996 2000 333
1019 1947 1051 2000 43
1070 1971 1105 1986 --
1124 1947 1172 1996 Per
1210 1949 1344 2012 phemiam
1361 1943 1422 2000 ibid.
1441 1973 1477 1988 -·
1496 1947 1564 2000 lusto
1585 1947 1679 2000 iudicio
1692 1949 1846 2000 iuadrentu
1883 1959 1930 2010 per
1949 1945 2126 2010 arrogantiam
2144 1957 2219 1996 suam
2238 1945 2363 2000 iustitiam
2382 1943 2538 1998 1414444414

534 2033 725 2102 blasphemiam
742 2035 920 2088 attribuebant
933 2033 1038 2098 spiritui
1055 2033 1171 2096 maligno
1210 2033 1302 2086 Christi
1322 2039 1397 2084 erant
1414 2033 1570 2086 excaecandi
1591 2035 1623 2088 Vl
1643 2033 1693 2088 375
1715 2033 1746 2088 17
1760 2037 1846 2088 -14-
1883 2029 1927 2084 bat
1946 2029 2053 2084 10411.-
2067 2033 2093 2084 iu
2111 2033 2211 2084 orando
2228 2033 2378 2086 44441144141
2394 2045 2521 2098 arrogan-

535 2123 607 2190 quod
625 2121 705 2174 nebat
724 2135 737 2174 a
757 2123 855 2186 Spiritu
874 2127 965 2174 sancto
982 2117 1044 2174 ibid.
1057 2145 1094 2158 -
1106 2121 1172 2172 Blas-
1210 2125 1247 2172 ste
1267 2125 1328 2172 sunt
1345 2121 1476 2172 excaecati
1495 2121 1541 2172 331
1568 2121 1609 2184 51,
1623 2123 1656 2174 52
1670 2123 1846 2174 -excaecati
1883 2117 1945 2168 tiam
1964 2133 2027 2170 4444
2045 2119 2148 2182 mentis,
2166 2123 2219 2170 lam
2238 2127 2358 2186 respecto
2374 2121 2419 2174 Dei
2439 2135 2520 2186 quam

534 2201 1170 2272 414444140444144444444441441314414441134
1211 2207 1315 2258 luerunt
1343 2211 1452 2270 propter
1474 2207 1598 2258 malitiam
1618 2207 1661 2258 Vll
1689 2207 1737 2258 133
1760 2209 1790 2258 13
1812 2237 1845 2246 --
1884 2203 1995 2270 proximi
2014 2219 2093 2270 quarn
2112 2207 2153 2258 sui
2171 2205 2301 2258 t'b.lC-
2316 2205 2427 2260 iactabat
2446 2223 2472 2260 se
2487 2209 2520 2260 de

534 2291 695 2360 procedebat
709 2291 882 2346 ibici-uon
896 2291 1056 2360 quaerebant
1066 2293 1170 2358 signum
1209 2295 1317 2360 Propter
1337 2293 1758 2346 144413144444444444114441501
1782 2295 1846 2346 2-
1884 2291 1960 2342 bonis
1976 2291 2031 2342 suis
2050 2291 2084 2344 Vl
2104 2291 2155 2344 596
2176 2293 2193 2344 5
2212 2321 2250 2332 -
2269 2295 2366 2358 gratias
2387 2295 2443 2358 agit
2462 2293 2520 2348 Deo

534 2383 567 2436 ad
588 2381 748 2434 credendum
770 2387 797 2434 41
821 2383 924 2446 fideles,
951 2381 998 2434 sed
1018 2387 1045 2434 nt
1062 2381 1172 2434 rebelles
1210 2381 1272 2450 quia
1299 2381 1437 2434 veritatem
1462 2381 1607 2444 denegant,
1627 2381 1701 2446 digni
1718 2387 1791 2444 4441,
1819 2387 1846 2434 41
1883 2377 2337 2444 4443444444144111145417-
2354 2381 2448 2434 orabat
2465 2397 2518 2434 non

535 2471 567 2524 ad
589 2469 799 2534 impugnandum
830 2471 927 2522 33041
953 2497 987 2506 -·
1006 2469 1172 2534 blasphema·
1210 2471 1278 2522 4144
1302 2469 1418 2522 Veritate
1446 2469 1551 2522 notitiae
1580 2471 1674 2522 veritas
1702 2471 1845 2534 denegetur
1884 2469 2019 2522 incurvato
2036 2479 2161 2534 corpore,
2182 2469 2226 2522 sed
2249 2475 2334 2522 erecta
2352 2471 2439 2522 144414
2455 2467 2519 2522 ibid.

535 2557 598 2612 hant
615 2565 706 2610 contra
725 2555 856 2612 Christum
876 2559 925 2612 123
948 2555 1172 2624 43-141444144-
1211 2557 1260 2610 503
1281 2559 1295 2610 3
1314 2585 1350 2596 -
1369 2561 1443 2610 44441
1462 2557 1651 2622 incorrigibiles
1670 2557 1828 2610 11135270
1883 2555 1974 2610 orabat
1999 2561 2124 2622 tanquam
2150 2553 2201 2606 sihi
2227 2557 2334 2620 placens
2357 2555 2419 2612 ibid.
2440 2557 2520 2610 -14

535 2655 649 2702 4444144
665 2647 899 2714 deprehenduntur
927 2653 955 2700 et
983 2655 1132 2714 arguuntur
1157 2663 1170 2700 a
1262 2675 1296 2684 -
1316 2645 1468 2714 quaerendo
1486 2647 1522 2698 414
1543 2653 1671 2710 potestate
1697 2645 1788 2700 Christi
1808 2653 1846 2698 to
1883 2645 1981 2698 orando
2002 2643 2097 2708 incepit
2115 2657 2131 2696 a
2149 2643 2361 2708 taragniltcatione
2380 2645 2519 2712 honorum,

443 2741 450 2756 ‘
535 2735 636 2790 Christo
656 2735 690 2790 io.
713 2737 744 2790 53
804 2771 806 2774 -
1211 2741 1263 2788 lam
1282 2735 1388 2800 plebem
1408 2735 1432 2786 14
1450 2733 1640 2788 dubitationem
1658 2735 1757 2788 ducere
1778 2735 1845 2786 role-
1883 2747 1952 2800 quae
1968 2733 2267 2796 acceperat,nonasui
2279 2735 2445 2786 accusatione
2457 2731 2518 2786 ibid.

588 2855 622 2864 -
642 2825 834 2890 impugnabant
846 2825 1051 2878 misericordiam
1070 2825 1116 2876 Dei
1129 2827 1172 2880 1111
1211 2823 1284 2888 haul,
1303 2825 1379 2892 quasi
1408 2825 1466 2876 eius
1486 2825 1611 2877 miracula
1641 2837 1695 2876 nun
1720 2829 1845 2876 4444414
1911 2849 1969 2902 ’-
1988 2837 2017 2874 44
2035 2819 2142 2874 dicebat
2159 2835 2212 2874 non
2231 2833 2288 2876 esse
2309 2827 2472 2888 peccatorem
2496 2825 2541 2874 el

536 2915 794 2968 abel-tacendo
812 2915 972 2966 simulabant
989 2915 1173 2980 ignorantiam,
1211 2915 1280 2978 Dea,
1298 2913 1346 2966 sed
1363 2903 1484 2978 potiusa
1511 2911 1614 2966 diabolo
1637 2913 1680 2966 Vll
1701 2915 1747 2966 531
1777 2913 1845 2964 3-
1884 2925 1910 2962 se
1939 2909 2022 2962 solum
2046 2909 2145 2962 iustum
2176 2909 2216 2962 Vll
2244 2909 2292 2962 454
2315 2909 2346 2960 13
2367 2937 2400 2948 -·
2419 2915 2520 2962 ceteros

535 3011 563 3054 41
582 3001 745 3066 cooperirent
765 3003 889 3056 malitiam
909 3003 960 3056 363
977 3003 1041 3054 6Μμ
1054 3001 1173 3056 tacebaut
1211 2999 1363 3056 dubitabant
1383 3003 1416 3054 de
1434 3001 1535 3066 origine
1551 3001 1686 3068 potestatis
1704 3001 1797 3056 Christi
1817 3017 1845 3056 cx
1883 2999 1974 3050 asserit
1992 3005 2156 3062 4444414444,
2175 3003 2268 3050 notans
2292 3011 2337 3050 eos
2356 2999 2390 3050 de
2408 2997 2520 3050 multitu·

535 3103 589 3142 non
607 3103 637 3140 ex
657 3089 868 3154 prudentia,sed
883 3091 1088 3154 exignuranlia,
1103 3105 1173 3158 quae
1211 3091 1377 3154 corruptione
1405 3089 1578 3144 conscientiae
1603 3091 1845 3144 41444411414532
1884 3089 1944 3140 3144
1967 3087 2091 3140 vitiorum
2121 3083 2182 3140 illd.
2201 3113 2233 3124 —
2254 3087 2365 3152 despicit
2387 3091 2411 3140 et
2430 3085 2520 3140 irridet

536 3177 615 3230 habet
643 3175 793 3230 adiunctam
822 3175 954 3230 malitiam
975 3177 1038 3232 ibid.
1065 3207 1101 3232 -,
1118 3191 1172 3230 444
1211 3179 1226 3230 7
1255 3205 1289 3216 -
1317 3179 1512 3230 convincuntur
1537 3185 1613 3232 444414
1644 3179 1845 3242 interrogatione
1884 3173 2051 3240 publicanum
2071 3173 2133 3228 idid.
2150 3203 2187 3214 -
2204 3189 2235 3226 ex
2249 3175 2456 3230 consideratione
2473 3187 2520 3240 pu·

536 3269 657 3330 poterant
674 3267 836 3328 respondere
854 3265 996 3330 sapientiae
1010 3265 1102 3320 Christi
1124 3281 1173 3318 nec
1211 3263 1304 3318 Christi
1322 3263 1356 3318 14.
1375 3267 1392 3318 5
1410 3293 1447 3304 -
1465 3267 1614 3320 dubitantes
1634 3269 1665 3320 de
1691 3269 1788 3320 lumine
1807 3281 1846 3318 re·
1885 3263 1976 3316 blicani
1997 3263 2156 3316 consurrexit
2182 3263 2206 3314 14
2231 3263 2403 3316 temeritatem
2419 3263 2520 3316 ¹iudicii

428 3371 432 3380 ·
491 3403 492 3406 ,
536 3353 657 3406 444141444
683 3353 738 3404 4144
768 3353 903 3420 discipulis
923 3351 962 3406 10.
979 3353 1013 3404 13
1032 3381 1066 3392 -
1085 3355 1173 3406 conlu-
1211 3353 1347 3404 mittuntur
1379 3353 1412 3406 ad
1443 3353 1676 3406 considerationem
1707 3357 1845 3416 lucernae,
1884 3357 1908 3404 et
1926 3351 1954 3402 in
1970 3351 2109 3404 elationem
2134 3351 2212 3404 animi
2237 3349 2299 3406 ibid.
2324 3353 2519 3416 -seipsum

536 3443 583 3494 1411
602 3445 661 3494 4441
678 3455 693 3492 4
713 3439 813 3494 Christo
834 3443 864 3494 de
886 3443 959 3494 malis
971 3437 1172 3506 cogitationibus
1210 3439 1358 3494 dubitantes
1388 3443 1420 3494 de
1440 3439 1528 3494 l'erho
1556 3443 1721 3496 remittuntur
1745 3443 1778 3496 ad
1803 3457 1846 3496 vo·
1884 3439 2050 3492 commendat
2074 3425 2400 3506 41444141441111444444
2424 3453 2519 3494 vanam

539 3529 589 3582 126
608 3529 637 3582 51
662 3557 696 3566 -
716 3535 777 3582 sunt
793 3531 897 3582 conlusl
914 3543 928 3580 a
948 3529 1059 3582 Domino
1074 3527 1124 3580 427
1139 3527 1170 3580 56
1211 3526 1348 3584 4444114111.
1885 3527 1995 3592 gloriatur
2014 3527 2100 3580 laedat
2122 3527 2172 3578 455
2193 3527 2223 3578 13
2246 3557 2278 3566 --
2299 3543 2347 3582 raon
2363 3537 2433 3582 recte
2450 3533 2521 3582 recu-T

591 3645 625 3658 -
645 3623 735 3670 44441444
765 3631 885 3672 sermone
909 3623 1120 3682 provocaverunt
1145 3629 1173 3668 44
1264 3643 1296 3656 -
1316 3629 1363 3682 per
1384 3617 1589 3672 incredulitatem
1604 3619 1660 3670 viro
1680 3619 1846 3672 4441443444-
1885 3615 1974 3680 gnovit
1994 3613 2073 3682 bona,
2096 3629 2166 3682 quae
2190 3617 2290 3682 accepit
2315 3615 2347 3670 ih.
2373 3617 2404 3668 23
2425 3647 2460 3656 -
2479 3617 2521 3670 de·

538 3707 609 3772 ipsos
623 3707 1068 3770 4344414444444441444144444144
1088 3707 1172 3758 lesum
1211 3707 1274 3758 dere
1298 3707 1458 3760 recusabant
1486 3707 1529 3758 Vll
1559 3707 1609 3760 533
1635 3711 1649 3758 3
1676 3735 1712 3746 -
1739 3713 1846 3772 propter
1884 3703 1983 3756 scandit
2002 3697 2153 3756 1443344144
2173 3705 2406 3758 secuudumsuam
2421 3705 2521 3772 opinio·

539 3797 582 3848 Vll
611 3795 662 3846 133
692 3795 724 3846 13
742 3821 779 3832 -
802 3793 927 3860 operibus
956 3795 1086 3860 persecuti
1113 3799 1173 3848 sunl
1211 3795 1299 3848 odium
1321 3795 1439 3848 veritatis
1458 3809 1486 3848 ex
1514 3809 1563 3848 uua
1584 3801 1656 3862 parte
1682 3803 1707 3850 et
1724 3797 1845 3848 timorem
1884 3805 1945 3844 nem
1963 3791 2013 3842 457
2039 3789 2269 3854 34--34414441
2296 3793 2451 3846 ludaeorum
2474 3809 2519 3858 po·

539 3881 669 3936 Christum
698 3879 813 3936 4613.-
834 3883 946 3936 insidiati
971 3889 1033 3936 sunt
1060 3883 1172 3936 Domino
1210 3883 1374 3948 lapidationis
1394 3897 1422 3936 ex
1442 3885 1521 3936 altera
1536 3885 1710 3948 praetendunt
1727 3883 1847 3950 ignorari·
1884 3877 2058 3948 4414441413.
2075 3881 2127 3932 523
2146 3881 2181 3930 3·

537 3977 647 4038 4444144
664 3971 790 4024 iuvidiam
809 3971 844 4024 Vl
862 3971 914 4024 343
935 3971 967 4024 47
1211 3973 1273 4024 tiam
1292 3971 1343 4024 503
1363 3973 1379 4024 8
1394 4001 1428 4010 -
1442 3971 1577 4026 Conlessio
1590 3973 1753 4036 ignorantiae
1770 3973 1796 4024 in
1811 3973 1847 4026 eis
1938 3995 1971 4006 ·-
1991 3967 2035 4034 qni
2054 3967 2195 4020 Donninurn
2212 3969 2249 4022 ad
2266 3969 2406 4034 prandium
2426 3969 2519 4022 invita·

591 4085 626 4100 ·-
646 4065 718 4112 erant
735 4061 836 4112 versuti
853 4061 888 4112 ad
910 4059 1174 4114 144144344411377
1212 4067 1267 4112 4441
1284 4059 1400 4126 superba
1417 4067 1444 4112 et
1462 4061 1552 4112 dolosa
1572 4059 1678 4114 15144.-
1697 4061 1847 4126 praetende·
1884 4061 1970 4118 verat,
1990 4069 2043 4106 non
2071 4061 2127 4108 erat
2153 4067 2169 4106 a
2197 4057 2310 4112 Doruino
2336 4057 2451 4124 divisus,
2475 4055 2523 4108 sed
2540 4079 2543 4094 2

539 4151 572 4202 23
592 4175 626 4188 -
645 4145 777 4202 Christum
804 4147 939 4202 tentabant
966 4149 1035 4202 41143
1063 4149 1174 4202 44144144
1212 4147 1275 4202 bant
1291 4147 1467 4214 ignorantiam
1488 4151 1551 4202 laiso
1571 4157 1595 4202 et
1607 4155 1699 4202 contra
1716 4149 1847 4202 conscien·
1886 4143 1968 4208 magis
1983 4143 2071 4196 uultus
2083 4143 2128 4198 Vll
2143 4145 2193 4196 132
2214 4145 2436 4210 33-444114411
2455 4145 2523 4198 siout

539 4231 748 4300 praetendendo,
779 4235 848 4290 aliud
878 4237 984 4290 interius
1016 4235 1174 4288 intendendo
1212 4237 1288 4298 tiam,
1308 4241 1336 4288 ut
1356 4237 1470 4290 vitarent
1487 4237 1703 4304 redargutionem
1730 4241 1846 4304 apertam
1886 4233 2034 4298 ltypoerita‚
2054 4231 2186 4284 Christum
2204 4245 2258 4284 nou
2282 4247 2339 4286 esse
2365 4235 2521 4298 Prophetam

539 4325 589 4376 111
609 4337 638 4376 v.
658 4325 672 4376 2
691 4349 727 4362 ··-··
745 4329 820 4378 eraut
838 4325 988 4390 hypocritae
1007 4323 1070 4378 idid.
1088 4353 1122 4362 —-
1142 4325 1175 4376 de
1214 4323 1277 4378 ibid.
1888 4321 1939 4372 134
1957 4321 1992 4370 33
2010 4347 2045 4358 -
2064 4333 2092 4372 ex
2114 4319 2522 4376 44444434441141414441613.

539 4411 667 4466 solutione
685 4409 777 4466 tributi
801 4413 954 4480 quaerendo
980 4409 1075 4466 Christi
1101 4411 1175 4464 iusti·
1218 4439 1219 4442 4
1266 4411 1413 4466 -Christo
1429 4413 1848 4478 insidianturperversutiamVll
1886 4439 1920 4450 -·-
1941 4407 2044 4460 errabat
2072 4409 2096 4460 iu
2127 4411 2190 4472 hoc,
2207 4409 2280 4474 quod
2300 4409 2434 4476 credebat,
2452 4409 2522 4464 Chri·
2577 4433 2582 4440 -

541 4501 603 4554 tiam
623 4499 757 4570 tentabant
774 4499 838 4556 ibid.
1213 4501 1264 4554 503
1283 4501 1392 4554 23513
1411 4505 1445 4554 23
1464 4531 1500 4540 -
1518 4501 1620 4556 Christo
1637 4501 1847 4568 blandiebantur,
1886 4505 1954 4550 stum
1981 4497 2117 4562 ignorare,
2141 4511 2170 4550 se
2197 4511 2211 4550 4
2241 4499 2349 4550 muliere
2377 4499 2520 4564 peccatrice

593 4617 627 4630 -
643 4587 1174 4642 14413454414441143114441411113544
1212 4595 1240 4644 41
1264 4603 1293 4642 ex
1313 4603 1358 4642 ure
1378 4591 1435 4642 eius
1459 4595 1642 4656 extorquerent
1662 4597 1850 4656 argumentum
1886 4587 2002 4652 contingi
2027 4583 2064 4638 lo.
2090 4587 2125 4638 63
2149 4613 2186 4626 -
2210 4585 2289 4640 etiam
2315 4587 2349 4640 de
2377 4589 2522 4652 peccatrice

537 4705 573 4718 -·
592 4675 744 4730 invidebant
771 4669 898 4740 Domino,
925 4679 998 4744 quod
1020 4675 1175 4730 laudabatur
1212 4685 1302 4732 contra
1322 4691 1383 4730 eum
1402 4679 1454 4730 510
1473 4679 1507 4730 33
1526 4705 1563 4718 --
1580 4693 1632 4730 444
1654 4679 1849 4744 interrogabant
1887 4675 1953 4726 male
1971 4673 2523 4742 1433341333.-44431414444414411444

538 4763 951 4818 3444444414314441144411114
973 4765 1050 4818 simul
1071 4763 1175 4818 35513
1212 4765 1299 4820 studio
1319 4765 1485 4832 addiscendi,
1514 4753 1704 4820 sedvincendl
1732 4775 1758 4820 41
1775 4781 1850 4832 supe·
1888 4763 2276 4832 414411441444144413511
2301 4791 2335 4804 —-
2360 4769 2436 4816 vocat
2453 4763 2525 4816 Chri·

537 4879 575 4892 -
593 4857 744 4918 proponunt
763 4853 957 4920 quaestionem,
983 4853 1010 4904 in
1034 4867 1088 4920 qua
1106 4853 1177 4906 Chri·
1212 4855 1359 4910 44431516
1381 4855 1412 4906 46
1432 4869 1578 4908 —eorum
1603 4855 1725 4908 dolositas
1748 4863 1800 4910 tam
1824 4857 1848 4908 iu
1887 4857 1956 4904 stum
1976 4849 2132 4914 magistrum
2150 4849 2213 4904 1413.

539 4947 596 4994 41444
613 4953 721 4994 4444444
739 4941 848 4994 baberet
865 4943 997 4994 declinare
1016 4943 1041 4994 ln
1060 4943 1175 5006 rigorem
1213 4943 1314 5012 origine
1328 4957 1411 5012 quarn
1431 4943 1458 4994 14
1476 4957 1620 5008 progressu
1643 4949 1668 4996 et
1688 4957 1851 4998 consumma·
1940 4966 1976 4978 -
1995 4939 2085 4990 laisum
2106 4939 2232 4992 iudicium
2252 4943 2346 4994 lecerat
2366 4955 2394 4992 ex
2419 4939 2523 5006 propria

542 5029 654 5082 iustitiae
680 5033 772 5082 contra
794 5031 1036 5094 mansuetudinem,
1056 5029 1098 5082 vel
1115 5043 1177 5084 con·
1213 5031 1282 5084 tione
1301 5035 1356 5082 erat
1375 5045 1389 5082 a
1407 5029 1502 5094 spiritu
1520 5029 1635 5094 maligno
1653 5029 1705 5082 334
1724 5029 1759 5082 52
1887 5027 2079 5090 aestimatione,
2091 5032 2194 5078 rectum
2212 5031 2312 5092 4441441
2329 5027 2416 5080 divina
2436 5041 2525 5080 mauu·

539 5117 974 5184 144314444144113441441410141.
1218 5147 1220 5150 ·
1268 5147 1303 5158 ·-
1322 5133 1352 5172 ex
1371 5117 1550 5184 indignatione
1571 5117 1731 5186 quaerebant
1751 5119 1851 5172 mittere
1891 5117 2013 5168 ductione
2032 5117 2075 5168 Vll
2095 5115 2145 5168 135
2165 5113 2199 5168 74
2216 5141 2254 5156 --
2270 5117 2339 5168 male
2366 5117 2526 5170 iudicaverat

581 5233 628 5252 ,-
648 5213 804 5272 quaerentes
823 5205 1002 5276 occasionem,
1015 5213 1041 5260 41
1055 5211 1179 5272 44444441
1215 5221 1311 5262 manus
1329 5207 1354 5260 iu
1376 5207 1521 5272 Christum,
1540 5207 1586 5260 sed
1606 5221 1637 5260 ex
1655 5207 1748 5282 populi
1768 5207 1851 5260 144441-
1889 5205 1957 5258 intra
1970 5219 2007 5270 se,
2019 5209 2089 5256 recte
2102 5201 2199 5256 iudicat
2211 5209 2301 5256 conba
2312 5201 2410 5258 seibid.
2424 5231 2457 5242 -
2469 5217 2524 5256 non

539 5291 671 5348 Christum
693 5295 718 5346 in
735 5283 872 5362 sermone,
886 5303 1082 5362 proposuerunt
1097 5309 1179 5362 quae·
1215 5297 1278 5350 diue
1295 5311 1347 5366 non
1367 5295 1500 5348 audebant
1526 5297 1570 5348 Vll
1589 5295 1641 5348 533
1661 5297 1695 5348 25
1712 5327 1749 5334 -
1767 5297 1852 5362 magis
1889 5291 2055 5360 approbabat
2064 5295 2129 5346 lacta
2140 5293 2301 5356 peccatricis,
2310 5293 2357 5346 sed
2367 5291 2526 5356 reprobabat

542 5381 654 5434 silonem
682 5383 716 5434 de
743 5385 874 5448 adultera,
896 5385 943 5436 443
961 5385 1013 5448 1441
1030 5385 1099 5450 capti
1118 5387 1179 5438 sunl
1215 5385 1341 5440 timebant
1369 5387 1499 5450 populum
1526 5387 1709 5450 4444114444
1739 5383 1800 5438 ibid.
1819 5413 1853 5426 -
1890 5383 1947 5436 elus
1964 5381 2058 5434 merita
2075 5379 2112 5434 ib.
2132 5379 2166 5432 75
2186 5409 2220 5422 -
2240 5381 2347 5434 ridebat
2365 5383 2526 5446 lletumpec·

539 5475 567 5524 et
586 5469 687 5523 contusi
716 5471 748 5522 Vl
775 5473 856 5524 3531
880 5501 915 5512 -
935 5473 1066 5526 adulando
1093 5473 1179 5526 114441-
1215 5475 1280 5528 dum
1304 5473 1428 5528 volebant
1454 5471 1585 5526 Christum
1614 5475 1748 5538 occidere,
1769 5473 1854 5540 impu·
1890 5471 2007 5536 catricis,
2033 5483 2087 5524 nou
2116 5477 2202 5524 tamen
2231 5469 2379 5524 attendebat
2404 5471 2526 5524 allectum

540 5571 603 5610 44444
624 5557 746 5626 decipere
765 5565 789 5612 et
801 5561 972 5612 seoccultare
991 5559 1114 5612 volebant
1127 5559 1179 5612 354
1215 5563 1321 5628 gnando
1334 5563 1470 5616 veritatem
1484 5561 1599 5616 auditam
1613 5561 1758 5628 implebant
1769 5561 1851 5630 ipsam
1890 5559 1952 5614 ibid.
1970 5589 2006 5600 -
2023 5573 2039 5610 4
2058 5559 2169 5612 Domino
2183 5565 2364 5612 commonetur
2377 5563 2402 5612 et
2416 5575 2445 5612 ex
2459 5573 2529 5612 com·

542 5645 614 5696 5-
633 5651 797 5710 tentaverunt
818 5647 958 5700 Dominum
970 5647 1179 5714 quaerendo,ut
1214 5651 1351 5704 veritatem
1372 5649 1434 5704 ibid.
1889 5649 2023 5714 paratione
2043 5647 2194 5714 peccatricis
2211 5649 2331 5714 arguitur
2349 5645 2411 5702 ibid.

541 5739 651 5798 possent
676 5747 737 5786 eum
764 5747 889 5788 accusare
914 5733 950 5788 lb.
967 5735 984 5786 7
1005 5761 1038 5772 -
1057 5739 1180 5786 accusant
1267 5765 1304 5778 -
1322 5739 1398 5792 linita
1416 5741 1464 5792 luit
1482 5741 1561 5792 simul
1577 5739 1686 5792 ambitio
1703 5739 1852 5804 principum
1943 5737 2070 5788 Petarenos
2089 5765 2124 5774 -
2141 5749 2173 5788 os
2191 5735 2320 5800 lampadis
2344 5735 2529 5802 interpretatur

541 5823 606 5876 alios
625 5827 654 5876 ul
671 5823 826 5888 hypocritae
842 5819 877 5876 10.
897 5825 966 5874 3.-
984 5821 1113 5876 conlusia
1129 5825 1175 5876 llo·
1193 5847 1194 5850 ¹
1215 5839 1277 5878 4444
1295 5825 1393 5878 malitia
1410 5825 1626 5890 Pharisaeorum,
1645 5831 1674 5878 ut
1687 5841 1734 5894 per
1753 5825 1808 5880 vim
1821 5829 1854 5880 la·
1891 5829 1917 5876 et
1935 5825 2064 5888 slguilioat
2081 5823 2237 5888 sapientiam
2256 5825 2420 5892 eloquentiae
2438 5831 2462 5876 et
2482 5827 2529 5878 ho·

541 5913 612 5966 mino
634 5911 745 5976 dispersi
764 5909 920 5966 recedebant
940 5909 971 5966 lt.
992 5911 1045 5964 10
1216 5919 1306 5966 444441
1325 5915 1461 5966 consilium
1490 5915 1609 5980 iniquum
1630 5915 1661 5966 Vl
1692 5915 1743 5966 437
1767 5915 1854 5966 55-
1890 5915 2016 5964 44414144
2036 5911 2242 5966 conversationis
2258 5913 2293 5966 111
2312 5915 2364 5966 236
2382 5913 2528 5966 31111134

595 6029 632 6042 -
650 6013 704 6054 444
722 6003 838 6054 44144144
854 5999 1049 6068 reprehendere
1073 5999 1194 6054 4444114»
1216 6001 1373 6056 mandatum
1400 6001 1530 6056 dederunt
1559 6001 1689 6056 Christum
1712 6005 1856 6068 apprehen·
1892 5999 1935 6050 33.
1953 5999 2004 6050 144
2024 5999 2058 6050 37
2074 6023 2112 6036 -
2129 6005 2217 6050 44414
2246 5999 2382 6054 Bethsaida
2402 6001 2530 6054 Galilaeae

540 6105 601 6144 nem
623 6089 708 6158 caeci,
726 6089 917 6144 calumniantur
947 6089 1057 6142 rhodum
1076 6089 1109 6140 Vl
1129 6087 1181 6142 377
1217 6089 1298 6144 34431
1319 6089 1370 6144 133
1383 6089 1606 6142 74-4441444441
1620 6091 1753 6144 ministros
1765 6091 1799 6142 ad
1813 6105 1856 6154 ap·
1892 6087 1926 6138 Vl
1946 6085 1998 6138 tro
2015 6087 2050 6138 30
2068 6113 2104 6122 -
2123 6087 2241 6152 Quatuor
2258 6089 2316 6140 eius
2333 6089 2531 6152 liliaevirgines

542 6179 586 6242 20,
605 6181 635 6230 21
659 6177 845 6232 -tentabant
866 6191 990 6244 caecum,
1018 6183 1046 6230 ut
1073 6183 1182 6242 negaret
1218 6179 1438 6246 prehendendum
1456 6181 1540 6234 lesum
1562 6179 1613 6230 313
1633 6177 1675 6230 47.
1694 6179 1742 6230 351
1765 6179 1857 6230 33-
1892 6173 2030 6240 designant
2049 6179 2160 6242 quatuor
2180 6173 2290 6230 virtutes
2316 6177 2461 6230 cardinales
2487 6177 2530 6230 1111

541 6263 639 6320 Christi
656 6267 814 6320 miraculum
833 6265 867 6320 lb.
884 6267 916 6320 23
929 6293 965 6308 -
977 6265 1122 6332 sperabant
1134 6281 1182 6332 per
1217 6283 1232 6322 4
1245 6269 1372 6322 ’4414141414
1384 6281 1491 6322 4444444
1510 6267 1658 6336 requirunt,
1672 6271 1699 6320 ut
1711 6281 1758 6320 eos
1769 6267 1857 6320 redar·
1894 6261 1929 6314 64
1948 6263 1982 6314 33

542 6361 666 6418 parentes
690 6355 845 6410 miraculum
875 6355 1007 6410 infirmare
1033 6353 1068 6410 15.
1092 6355 1182 6408 24-
1219 6363 1315 6424 guent,
1336 6370 1419 6425 quare
1439 6371 1490 6412 non
1508 6355 1745 6422 apprehendissent
1770 6355 1855 6408 lesum
1945 6381 1981 6392 -
2000 6351 2110 6418 simplex
2136 6353 2223 6420 primo
2250 6359 2361 6410 vocatus
2387 6369 2402 6408 4
2430 6353 2554 6410 61441414

467 6513 468 6518 ¹
542 6443 570 6494 14
587 6443 807 6508 reprehendendo
820 6447 931 6498 Domino
944 6443 1131 6498 dissentiebant
1147 6443 1184 6498 ib.
1218 6447 1266 6500 351
1290 6449 1325 6500 63
1343 6473 1380 6486 --
1397 6447 1506 6512 Propter
1523 6447 1715 6498 contentionem
1735 6445 1761 6496 in
1780 6443 1857 6498 turba
1893 6441 2061 6494 11126533.
2088 6443 2139 6494 263
2172 6443 2215 6494 101
2236 6459 2274 6484 ’-·
2294 6449 2380 6498 444144
2398 6443 2532 6510 44144441

543 6531 844 6586 22-44441441114111
873 6533 906 6586 ad
934 6533 1183 6598 reprehendendum
1219 6537 1339 6588 14440414
1358 6539 1398 6588 441
1424 6533 1583 6588 machinatio
1601 6533 1801 6588 Pharisaeorum
1823 6533 1857 6588 ib.
1892 6529 2025 6584 Christum
2054 6533 2174 6596 exemplo
2200 6533 2321 6586 Andreae
2348 6539 2373 6586 et
2390 6533 2457 6584 Petri
2479 6533 2529 6584 266

512 6645 514 6648 -
543 6617 650 6670 37613
872 6663 873 6666 ,
1113 6677 1119 6686 ‚
1220 6623 1263 6686 61,
1281 6623 1317 6674 62
1334 6647 1371 6662 -
1388 6621 1484 6686 triplici
1512 6607 1859 6676 3444444444114444441
1895 6619 2535 6686 31.263102-4444144414114444441411
2574 6679 2576 6682 ,

597 6731 636 6746 -
653 6713 780 6760 conantur
798 6721 906 6762 caecum
926 6723 941 6760 4
960 6709 1123 6762 consessione
1140 6721 1185 6760 no·
1219 6707 1331 6776 Christo,
1349 6709 1422 6776 quod
1442 6709 1581 6764 Heracliani
1599 6711 1725 6766 volebant
1743 6725 1805 6766 eum
1818 6725 1859 6764 uc·
1894 6709 2034 6764 Nathanael
2053 6713 2158 6762 tratrem
2177 6709 2410 6762 26632263101
2428 6711 2536 6762 -1444-

544 6793 624 6848 mluis
644 6793 736 6848 Christi
765 6797 909 6866 retrahere,
938 6785 969 6850 ne
989 6797 1089 6852 Christo
1109 6797 1185 6848 mira·
1222 6797 1499 6852 33444111135165
1897 6803 1966 6852 14144
1985 6799 2133 6862 Nathanael,
2150 6803 2181 6852 ut
2197 6797 2284 6852 veniat
2304 6797 2337 6852 ib.
2358 6799 2389 6852 33
