<?xml version="1.0" encoding="UTF-8"?>
<!DOCTYPE html PUBLIC "-//W3C//DTD XHTML 1.0 Transitional//EN"
    "http://www.w3.org/TR/xhtml1/DTD/xhtml1-transitional.dtd">
<html xmlns="http://www.w3.org/1999/xhtml" xml:lang="en" lang="en">
 <head>
  <title>
</title>
<meta http-equiv="Content-Type" content="text/html;charset=utf-8" />
  <meta name='ocr-system' content='tesseract 3.04.00' />
  <meta name='ocr-capabilities' content='ocr_page ocr_carea ocr_par ocr_line ocrx_word'/>
</head>
<body>
  <div class='ocr_page' id='page_1' title='image "./doctorisseraphi01italgoog_0842.png"; bbox 0 0 5908 8266; ppageno 0'>
   <div class='ocr_carea' id='block_1_1' title="bbox 494 503 2496 1462">
    <p class='ocr_par' dir='ltr' id='par_1_1' title="bbox 782 503 2496 658">
     <span class='ocr_line' id='line_1_1' title="bbox 1169 503 2496 578; baseline -0.002 -2"><span class='ocrx_word' id='word_1_1' title='bbox 1169 509 1208 578; x_wconf 88' lang='lat' dir='ltr'>IN</span> <span class='ocrx_word' id='word_1_2' title='bbox 1230 503 1576 576; x_wconf 80' lang='grc'>6666661461666.</span> <span class='ocrx_word' id='word_1_3' title='bbox 1600 509 1827 578; x_wconf 82' lang='lat' dir='ltr'>SCRIPTUlhiE</span> <span class='ocrx_word' id='word_1_4' title='bbox 2420 509 2496 576; x_wconf 73' lang='grc'>831.</span> 
     </span>
     <span class='ocr_line' id='line_1_2' title="bbox 782 603 2206 658; baseline -0.001 -1"><span class='ocrx_word' id='word_1_5' title='bbox 782 605 846 658; x_wconf 78' lang='grc'>1446</span> <span class='ocrx_word' id='word_1_6' title='bbox 2142 603 2206 656; x_wconf 79' lang='grc'>3114</span> 
     </span>
    </p>

    <p class='ocr_par' dir='ltr' id='par_1_2' title="bbox 494 683 2488 1110">
     <span class='ocr_line' id='line_1_3' title="bbox 550 683 2488 754; baseline 0.001 -14"><span class='ocrx_word' id='word_1_7' title='bbox 550 689 699 742; x_wconf 86' lang='lat' dir='ltr'>—·Verho</span> <span class='ocrx_word' id='word_1_8' title='bbox 728 691 915 754; x_wconf 88' lang='lat' dir='ltr'>praedicatoris</span> <span class='ocrx_word' id='word_1_9' title='bbox 941 691 1012 742; x_wconf 91' lang='lat' dir='ltr'>Deus</span> <span class='ocrx_word' id='word_1_10' title='bbox 1037 691 1137 740; x_wconf 82' lang='lat' dir='ltr'>conteri</span> <span class='ocrx_word' id='word_1_11' title='bbox 1174 687 1218 740; x_wconf 90' lang='lat' dir='ltr'>Vll</span> <span class='ocrx_word' id='word_1_12' title='bbox 1237 687 1289 738; x_wconf 92' lang='grc'>318</span> <span class='ocrx_word' id='word_1_13' title='bbox 1307 683 1416 738; x_wconf 80' lang='grc'>6-66</span> <span class='ocrx_word' id='word_1_14' title='bbox 1434 685 1617 750; x_wconf 86' lang='lat' dir='ltr'>magnitudine</span> <span class='ocrx_word' id='word_1_15' title='bbox 1630 687 1685 752; x_wconf 90' lang='lat' dir='ltr'>spei</span> <span class='ocrx_word' id='word_1_16' title='bbox 1700 687 1746 740; x_wconf 92' lang='lat' dir='ltr'>soli</span> <span class='ocrx_word' id='word_1_17' title='bbox 1761 689 1814 740; x_wconf 88' lang='grc'>1466</span> <span class='ocrx_word' id='word_1_18' title='bbox 1851 685 1969 740; x_wconf 80' lang='lat' dir='ltr'><strong>minister</strong></span> <span class='ocrx_word' id='word_1_19' title='bbox 1997 689 2047 742; x_wconf 85' lang='grc'>556</span> <span class='ocrx_word' id='word_1_20' title='bbox 2069 689 2100 740; x_wconf 99' lang='grc'>37</span> <span class='ocrx_word' id='word_1_21' title='bbox 2119 717 2155 728; x_wconf 92' lang='grc'>-</span> <span class='ocrx_word' id='word_1_22' title='bbox 2172 689 2295 744; x_wconf 87' lang='lat' dir='ltr'>dicuntur</span> <span class='ocrx_word' id='word_1_23' title='bbox 2314 689 2384 744; x_wconf 89' lang='grc'>66664</span> <span class='ocrx_word' id='word_1_24' title='bbox 2402 701 2415 740; x_wconf 87' lang='grc'>6</span> <span class='ocrx_word' id='word_1_25' title='bbox 2436 701 2488 740; x_wconf 86' lang='grc'>666·</span> 
     </span>
     <span class='ocr_line' id='line_1_4' title="bbox 495 773 2485 844; baseline 0.001 -16"><span class='ocrx_word' id='word_1_26' title='bbox 495 777 619 828; x_wconf 87' lang='lat' dir='ltr'>uirtutem</span> <span class='ocrx_word' id='word_1_27' title='bbox 639 777 694 830; x_wconf 88' lang='lat' dir='ltr'>sire</span> <span class='ocrx_word' id='word_1_28' title='bbox 715 781 825 844; x_wconf 87' lang='lat' dir='ltr'>gratiam</span> <span class='ocrx_word' id='word_1_29' title='bbox 846 779 1047 844; x_wconf 88' lang='lat' dir='ltr'>praedicationis</span> <span class='ocrx_word' id='word_1_30' title='bbox 1058 783 1086 830; x_wconf 88' lang='lat' dir='ltr'>et</span> <span class='ocrx_word' id='word_1_31' title='bbox 1097 791 1137 830; x_wconf 91' lang='lat' dir='ltr'>ae·</span> <span class='ocrx_word' id='word_1_32' title='bbox 1173 773 1253 828; x_wconf 91' lang='lat' dir='ltr'>debet</span> <span class='ocrx_word' id='word_1_33' title='bbox 1266 773 1340 828; x_wconf 91' lang='lat' dir='ltr'>inniti</span> <span class='ocrx_word' id='word_1_34' title='bbox 1358 773 1615 838; x_wconf 79' lang='lat' dir='ltr'>thid-suscipere</span> <span class='ocrx_word' id='word_1_35' title='bbox 1633 779 1742 840; x_wconf 79' lang='lat' dir='ltr'><strong>possunt</strong></span> <span class='ocrx_word' id='word_1_36' title='bbox 1761 789 1815 828; x_wconf 87' lang='lat' dir='ltr'>eor·</span> <span class='ocrx_word' id='word_1_37' title='bbox 1850 773 1948 828; x_wconf 88' lang='lat' dir='ltr'>viendo</span> <span class='ocrx_word' id='word_1_38' title='bbox 1973 789 2022 840; x_wconf 88' lang='grc'>666</span> <span class='ocrx_word' id='word_1_39' title='bbox 2046 775 2220 830; x_wconf 84' lang='lat' dir='ltr'>reverentiam</span> <span class='ocrx_word' id='word_1_40' title='bbox 2249 779 2400 832; x_wconf 89' lang='lat' dir='ltr'>humilitatis</span> <span class='ocrx_word' id='word_1_41' title='bbox 2426 781 2485 830; x_wconf 90' lang='lat' dir='ltr'>eta</span> 
     </span>
     <span class='ocr_line' id='line_1_5' title="bbox 497 861 2485 932; baseline 0.002 -16"><span class='ocrx_word' id='word_1_42' title='bbox 497 863 655 918; x_wconf 88' lang='lat' dir='ltr'>disseatiouis</span> <span class='ocrx_word' id='word_1_43' title='bbox 680 867 726 919; x_wconf 85' lang='lat' dir='ltr'>Vll</span> <span class='ocrx_word' id='word_1_44' title='bbox 753 867 804 920; x_wconf 94' lang='grc'>444</span> <span class='ocrx_word' id='word_1_45' title='bbox 830 869 862 920; x_wconf 88' lang='grc'>38</span> <span class='ocrx_word' id='word_1_46' title='bbox 881 895 918 904; x_wconf 78' lang='lat'>..</span> <span class='ocrx_word' id='word_1_47' title='bbox 935 879 988 918; x_wconf 92' lang='lat' dir='ltr'>non</span> <span class='ocrx_word' id='word_1_48' title='bbox 1007 863 1070 926; x_wconf 89' lang='grc'>6464,</span> <span class='ocrx_word' id='word_1_49' title='bbox 1091 867 1136 920; x_wconf 90' lang='grc'>664</span> <span class='ocrx_word' id='word_1_50' title='bbox 1173 863 1274 930; x_wconf 89' lang='lat' dir='ltr'>poralia</span> <span class='ocrx_word' id='word_1_51' title='bbox 1291 861 1814 930; x_wconf 81' lang='grc'>61466616646666164664466666461466116</span> <span class='ocrx_word' id='word_1_52' title='bbox 1850 865 1980 918; x_wconf 88' lang='grc'>66666646</span> <span class='ocrx_word' id='word_1_53' title='bbox 2009 879 2056 930; x_wconf 88' lang='lat' dir='ltr'>per</span> <span class='ocrx_word' id='word_1_54' title='bbox 2084 863 2229 918; x_wconf 75' lang='lat' dir='ltr'>custodiam</span> <span class='ocrx_word' id='word_1_55' title='bbox 2249 881 2361 932; x_wconf 78' lang='lat' dir='ltr'>gregum</span> <span class='ocrx_word' id='word_1_56' title='bbox 2382 865 2432 918; x_wconf 92' lang='grc'>478</span> <span class='ocrx_word' id='word_1_57' title='bbox 2453 865 2485 918; x_wconf 89' lang='grc'>49</span> 
     </span>
     <span class='ocr_line' id='line_1_6' title="bbox 495 953 2488 1022; baseline 0.001 -18"><span class='ocrx_word' id='word_1_58' title='bbox 495 953 551 1004; x_wconf 87' lang='grc'>1466</span> <span class='ocrx_word' id='word_1_59' title='bbox 579 953 694 1006; x_wconf 89' lang='grc'>46166666</span> <span class='ocrx_word' id='word_1_60' title='bbox 718 953 815 1008; x_wconf 87' lang='grc'>466664</span> <span class='ocrx_word' id='word_1_61' title='bbox 835 969 903 1022; x_wconf 88' lang='grc'>6666</span> <span class='ocrx_word' id='word_1_62' title='bbox 921 959 1003 1016; x_wconf 90' lang='lat' dir='ltr'>agunt</span> <span class='ocrx_word' id='word_1_63' title='bbox 1031 953 1083 1004; x_wconf 89' lang='grc'>374</span> <span class='ocrx_word' id='word_1_64' title='bbox 1103 953 1136 1006; x_wconf 84' lang='lat' dir='ltr'>te</span> <span class='ocrx_word' id='word_1_65' title='bbox 1173 953 1333 1006; x_wconf 87' lang='lat' dir='ltr'>documenta</span> <span class='ocrx_word' id='word_1_66' title='bbox 1357 953 1410 1006; x_wconf 89' lang='grc'>357</span> <span class='ocrx_word' id='word_1_67' title='bbox 1435 955 1470 1006; x_wconf 90' lang='grc'>16</span> <span class='ocrx_word' id='word_1_68' title='bbox 1494 981 1530 992; x_wconf 95' lang='grc'>·-·</span> <span class='ocrx_word' id='word_1_69' title='bbox 1553 953 1619 1006; x_wconf 88' lang='grc'>16466</span> <span class='ocrx_word' id='word_1_70' title='bbox 1647 953 1767 1006; x_wconf 82' lang='lat' dir='ltr'>infideles</span> <span class='ocrx_word' id='word_1_71' title='bbox 1788 959 1815 1004; x_wconf 92' lang='lat' dir='ltr'>et</span> <span class='ocrx_word' id='word_1_72' title='bbox 1849 979 1886 992; x_wconf 93' lang='grc'>·-·</span> <span class='ocrx_word' id='word_1_73' title='bbox 1903 959 1943 1004; x_wconf 88' lang='grc'>664</span> <span class='ocrx_word' id='word_1_74' title='bbox 1961 953 2043 1004; x_wconf 89' lang='grc'>661466</span> <span class='ocrx_word' id='word_1_75' title='bbox 2061 953 2154 1006; x_wconf 88' lang='grc'>646666</span> <span class='ocrx_word' id='word_1_76' title='bbox 2171 953 2301 1006; x_wconf 81' lang='lat' dir='ltr'>Ecclesiae</span> <span class='ocrx_word' id='word_1_77' title='bbox 2324 957 2375 1008; x_wconf 90' lang='grc'>339</span> <span class='ocrx_word' id='word_1_78' title='bbox 2399 955 2433 1008; x_wconf 88' lang='grc'>43</span> <span class='ocrx_word' id='word_1_79' title='bbox 2451 981 2488 994; x_wconf 93' lang='grc'>·-·</span> 
     </span>
     <span class='ocr_line' id='line_1_7' title="bbox 494 1041 2487 1110; baseline 0.002 -18"><span class='ocrx_word' id='word_1_80' title='bbox 494 1067 532 1080; x_wconf 96' lang='grc'><strong>-</strong></span> <span class='ocrx_word' id='word_1_81' title='bbox 555 1047 724 1094; x_wconf 83' lang='lat' dir='ltr'>revertuntur</span> <span class='ocrx_word' id='word_1_82' title='bbox 748 1043 782 1094; x_wconf 89' lang='lat' dir='ltr'>nd</span> <span class='ocrx_word' id='word_1_83' title='bbox 808 1043 892 1094; x_wconf 87' lang='lat' dir='ltr'>Deum</span> <span class='ocrx_word' id='word_1_84' title='bbox 917 1055 966 1106; x_wconf 90' lang='lat' dir='ltr'>per</span> <span class='ocrx_word' id='word_1_85' title='bbox 991 1041 1136 1106; x_wconf 88' lang='lat' dir='ltr'>gratiarum</span> <span class='ocrx_word' id='word_1_86' title='bbox 1173 1049 1308 1094; x_wconf 85' lang='lat' dir='ltr'>extraneos</span> <span class='ocrx_word' id='word_1_87' title='bbox 1328 1049 1353 1094; x_wconf 92' lang='lat' dir='ltr'>et</span> <span class='ocrx_word' id='word_1_88' title='bbox 1374 1049 1562 1110; x_wconf 78' lang='lat' dir='ltr'>persequentes</span> <span class='ocrx_word' id='word_1_89' title='bbox 1585 1041 1728 1096; x_wconf 80' lang='lat' dir='ltr'>doctrinam</span> <span class='ocrx_word' id='word_1_90' title='bbox 1748 1041 1815 1094; x_wconf 89' lang='grc'>6661·</span> <span class='ocrx_word' id='word_1_91' title='bbox 1849 1045 1910 1094; x_wconf 90' lang='grc'>6661</span> <span class='ocrx_word' id='word_1_92' title='bbox 1927 1041 2053 1104; x_wconf 91' lang='lat' dir='ltr'>ministri,</span> <span class='ocrx_word' id='word_1_93' title='bbox 2079 1055 2135 1094; x_wconf 90' lang='lat' dir='ltr'>non</span> <span class='ocrx_word' id='word_1_94' title='bbox 2156 1041 2258 1094; x_wconf 90' lang='lat' dir='ltr'>domini</span> <span class='ocrx_word' id='word_1_95' title='bbox 2274 1043 2403 1096; x_wconf 79' lang='lat' dir='ltr'>Ecclesiae</span> <span class='ocrx_word' id='word_1_96' title='bbox 2421 1043 2487 1094; x_wconf 90' lang='lat' dir='ltr'>mili·</span> 
     </span>
    </p>

    <p class='ocr_par' dir='ltr' id='par_1_3' title="bbox 494 1127 2488 1462">
     <span class='ocr_line' id='line_1_8' title="bbox 495 1127 2132 1196; baseline 0.001 -18"><span class='ocrx_word' id='word_1_97' title='bbox 495 1127 626 1180; x_wconf 90' lang='lat' dir='ltr'>actionem</span> <span class='ocrx_word' id='word_1_98' title='bbox 656 1127 718 1182; x_wconf 81' lang='lat' dir='ltr'>thid.</span> <span class='ocrx_word' id='word_1_99' title='bbox 744 1157 783 1170; x_wconf 88' lang='lat'>-</span> <span class='ocrx_word' id='word_1_100' title='bbox 799 1141 908 1194; x_wconf 87' lang='lat' dir='ltr'>gemere</span> <span class='ocrx_word' id='word_1_101' title='bbox 925 1127 1023 1182; x_wconf 89' lang='lat' dir='ltr'>dehent</span> <span class='ocrx_word' id='word_1_102' title='bbox 1041 1129 1074 1182; x_wconf 90' lang='lat' dir='ltr'>de</span> <span class='ocrx_word' id='word_1_103' title='bbox 1094 1143 1137 1182; x_wconf 91' lang='lat' dir='ltr'>au·</span> <span class='ocrx_word' id='word_1_104' title='bbox 1173 1129 1232 1180; x_wconf 90' lang='lat' dir='ltr'>tatis</span> <span class='ocrx_word' id='word_1_105' title='bbox 1247 1143 1300 1180; x_wconf 91' lang='grc'>666</span> <span class='ocrx_word' id='word_1_106' title='bbox 1321 1129 1417 1184; x_wconf 88' lang='grc'>466664</span> <span class='ocrx_word' id='word_1_107' title='bbox 1433 1131 1569 1196; x_wconf 84' lang='lat' dir='ltr'>negligere</span> <span class='ocrx_word' id='word_1_108' title='bbox 1583 1129 1761 1196; x_wconf 86' lang='lat' dir='ltr'>provisionem</span> <span class='ocrx_word' id='word_1_109' title='bbox 1774 1145 1814 1182; x_wconf 94' lang='lat' dir='ltr'>su·</span> <span class='ocrx_word' id='word_1_110' title='bbox 1849 1127 2132 1182; x_wconf 78' lang='grc'>4661161144565</span> 
     </span>
     <span class='ocr_line' id='line_1_9' title="bbox 494 1215 2488 1286; baseline 0.001 -18"><span class='ocrx_word' id='word_1_111' title='bbox 494 1217 624 1268; x_wconf 87' lang='grc'>41661166</span> <span class='ocrx_word' id='word_1_112' title='bbox 643 1215 786 1268; x_wconf 79' lang='lat' dir='ltr'>rebellione</span> <span class='ocrx_word' id='word_1_113' title='bbox 805 1231 838 1268; x_wconf 88' lang='lat' dir='ltr'>ex</span> <span class='ocrx_word' id='word_1_114' title='bbox 855 1217 1026 1270; x_wconf 89' lang='lat' dir='ltr'>detestatione</span> <span class='ocrx_word' id='word_1_115' title='bbox 1043 1219 1137 1284; x_wconf 90' lang='lat' dir='ltr'>culpae</span> <span class='ocrx_word' id='word_1_116' title='bbox 1172 1217 1336 1272; x_wconf 91' lang='lat' dir='ltr'>stentationis</span> <span class='ocrx_word' id='word_1_117' title='bbox 1361 1219 1414 1272; x_wconf 84' lang='grc'>554</span> <span class='ocrx_word' id='word_1_118' title='bbox 1440 1219 1473 1272; x_wconf 92' lang='grc'>48</span> <span class='ocrx_word' id='word_1_119' title='bbox 1490 1247 1528 1260; x_wconf 95' lang='grc'>-</span> <span class='ocrx_word' id='word_1_120' title='bbox 1545 1219 1616 1274; x_wconf 87' lang='lat' dir='ltr'>Licet</span> <span class='ocrx_word' id='word_1_121' title='bbox 1640 1217 1813 1286; x_wconf 86' lang='lat' dir='ltr'>praedicatori</span> <span class='ocrx_word' id='word_1_122' title='bbox 1901 1247 1938 1256; x_wconf 89' lang='grc'>-</span> <span class='ocrx_word' id='word_1_123' title='bbox 1956 1217 2053 1268; x_wconf 90' lang='grc'>466664</span> <span class='ocrx_word' id='word_1_124' title='bbox 2078 1217 2166 1270; x_wconf 87' lang='lat' dir='ltr'>vocari</span> <span class='ocrx_word' id='word_1_125' title='bbox 2186 1217 2228 1270; x_wconf 87' lang='lat' dir='ltr'>Vll</span> <span class='ocrx_word' id='word_1_126' title='bbox 2250 1219 2299 1272; x_wconf 92' lang='grc'>478</span> <span class='ocrx_word' id='word_1_127' title='bbox 2323 1219 2352 1272; x_wconf 87' lang='grc'>43</span> <span class='ocrx_word' id='word_1_128' title='bbox 2372 1245 2407 1258; x_wconf 91' lang='grc'>-</span> <span class='ocrx_word' id='word_1_129' title='bbox 2424 1233 2488 1272; x_wconf 89' lang='lat' dir='ltr'>con·</span> 
     </span>
     <span class='ocr_line' id='line_1_10' title="bbox 494 1301 2484 1372; baseline 0.002 -16"><span class='ocrx_word' id='word_1_130' title='bbox 494 1301 557 1358; x_wconf 83' lang='grc'>4644.</span> <span class='ocrx_word' id='word_1_131' title='bbox 1172 1305 1293 1370; x_wconf 88' lang='grc'>66616666</span> <span class='ocrx_word' id='word_1_132' title='bbox 1315 1307 1475 1370; x_wconf 83' lang='lat' dir='ltr'>stipendium</span> <span class='ocrx_word' id='word_1_133' title='bbox 1494 1321 1542 1372; x_wconf 91' lang='lat' dir='ltr'>pro</span> <span class='ocrx_word' id='word_1_134' title='bbox 1564 1307 1653 1360; x_wconf 88' lang='lat' dir='ltr'>labore</span> <span class='ocrx_word' id='word_1_135' title='bbox 1671 1307 1722 1358; x_wconf 88' lang='grc'>436</span> <span class='ocrx_word' id='word_1_136' title='bbox 1742 1307 1761 1362; x_wconf 85' lang='grc'>5</span> <span class='ocrx_word' id='word_1_137' title='bbox 1777 1333 1813 1346; x_wconf 86' lang='lat'>-</span> <span class='ocrx_word' id='word_1_138' title='bbox 1847 1307 1989 1362; x_wconf 85' lang='grc'>6144666466</span> <span class='ocrx_word' id='word_1_139' title='bbox 2009 1321 2023 1358; x_wconf 90' lang='grc'>6</span> <span class='ocrx_word' id='word_1_140' title='bbox 2041 1307 2095 1358; x_wconf 85' lang='lat' dir='ltr'>Deo</span> <span class='ocrx_word' id='word_1_141' title='bbox 2113 1319 2161 1370; x_wconf 92' lang='lat' dir='ltr'>per</span> <span class='ocrx_word' id='word_1_142' title='bbox 2180 1307 2360 1362; x_wconf 91' lang='lat' dir='ltr'>auctoritatem</span> <span class='ocrx_word' id='word_1_143' title='bbox 2381 1305 2432 1360; x_wconf 89' lang='grc'>337</span> <span class='ocrx_word' id='word_1_144' title='bbox 2452 1307 2484 1360; x_wconf 97' lang='grc'>63</span> 
     </span>
     <span class='ocr_line' id='line_1_11' title="bbox 549 1393 2487 1462; baseline 0.002 -16"><span class='ocrx_word' id='word_1_145' title='bbox 549 1421 586 1436; x_wconf 90' lang='grc'>·-</span> <span class='ocrx_word' id='word_1_146' title='bbox 610 1393 753 1446; x_wconf 85' lang='lat' dir='ltr'>Piscatores</span> <span class='ocrx_word' id='word_1_147' title='bbox 785 1395 932 1460; x_wconf 83' lang='lat' dir='ltr'>spirituales</span> <span class='ocrx_word' id='word_1_148' title='bbox 962 1403 1016 1448; x_wconf 90' lang='lat' dir='ltr'>rete</span> <span class='ocrx_word' id='word_1_149' title='bbox 1041 1409 1136 1462; x_wconf 82' lang='lat' dir='ltr'>expan·</span> <span class='ocrx_word' id='word_1_150' title='bbox 1172 1395 1271 1460; x_wconf 88' lang='lat' dir='ltr'>dignus</span> <span class='ocrx_word' id='word_1_151' title='bbox 1296 1403 1337 1448; x_wconf 90' lang='lat' dir='ltr'>est</span> <span class='ocrx_word' id='word_1_152' title='bbox 1362 1397 1485 1448; x_wconf 91' lang='lat' dir='ltr'>mercede</span> <span class='ocrx_word' id='word_1_153' title='bbox 1514 1409 1575 1460; x_wconf 87' lang='lat' dir='ltr'>sna,</span> <span class='ocrx_word' id='word_1_154' title='bbox 1595 1413 1649 1450; x_wconf 91' lang='lat' dir='ltr'>non</span> <span class='ocrx_word' id='word_1_155' title='bbox 1671 1399 1758 1450; x_wconf 91' lang='lat' dir='ltr'>solum</span> <span class='ocrx_word' id='word_1_156' title='bbox 1784 1397 1812 1448; x_wconf 94' lang='grc'>16</span> <span class='ocrx_word' id='word_1_157' title='bbox 1847 1403 1963 1450; x_wconf 88' lang='lat' dir='ltr'>-sunt</span> <span class='ocrx_word' id='word_1_158' title='bbox 1989 1395 2071 1448; x_wconf 90' lang='lat' dir='ltr'>medii</span> <span class='ocrx_word' id='word_1_159' title='bbox 2094 1393 2159 1448; x_wconf 89' lang='lat' dir='ltr'>inter</span> <span class='ocrx_word' id='word_1_160' title='bbox 2187 1395 2319 1460; x_wconf 91' lang='lat' dir='ltr'>simplices</span> <span class='ocrx_word' id='word_1_161' title='bbox 2343 1401 2370 1450; x_wconf 92' lang='lat' dir='ltr'>et</span> <span class='ocrx_word' id='word_1_162' title='bbox 2397 1397 2487 1448; x_wconf 88' lang='lat' dir='ltr'>Domi·</span> 
     </span>
    </p>
   </div>
   <div class='ocr_carea' id='block_1_2' title="bbox 422 1481 2485 2084">
    <p class='ocr_par' dir='ltr' id='par_1_4' title="bbox 484 1481 2485 1818">
     <span class='ocr_line' id='line_1_12' title="bbox 494 1481 2485 1560; baseline 0.002 -26"><span class='ocrx_word' id='word_1_163' title='bbox 494 1481 755 1546; x_wconf 91' lang='lat' dir='ltr'>duntpraedicando</span> <span class='ocrx_word' id='word_1_164' title='bbox 776 1483 879 1536; x_wconf 83' lang='grc'>17635</span> <span class='ocrx_word' id='word_1_165' title='bbox 900 1487 1136 1538; x_wconf 87' lang='grc' dir='ltr'>6.6-Ρ66641-</span> <span class='ocrx_word' id='word_1_166' title='bbox 1171 1485 1257 1550; x_wconf 90' lang='lat' dir='ltr'>patria</span> <span class='ocrx_word' id='word_1_167' title='bbox 1280 1485 1314 1538; x_wconf 91' lang='lat' dir='ltr'>ad</span> <span class='ocrx_word' id='word_1_168' title='bbox 1343 1485 1597 1550; x_wconf 74' lang='lat' dir='ltr'>renumerationem,</span> <span class='ocrx_word' id='word_1_169' title='bbox 1622 1487 1668 1538; x_wconf 92' lang='lat' dir='ltr'>sed</span> <span class='ocrx_word' id='word_1_170' title='bbox 1688 1485 1812 1538; x_wconf 85' lang='lat' dir='ltr'>etiamid</span> <span class='ocrx_word' id='word_1_171' title='bbox 1847 1501 1925 1560; x_wconf 85' lang='grc'>666,</span> <span class='ocrx_word' id='word_1_172' title='bbox 1946 1485 1989 1552; x_wconf 89' lang='grc'>661</span> <span class='ocrx_word' id='word_1_173' title='bbox 2010 1483 2140 1538; x_wconf 90' lang='lat' dir='ltr'>desideria</span> <span class='ocrx_word' id='word_1_174' title='bbox 2156 1497 2306 1548; x_wconf 89' lang='lat' dir='ltr'>pauperum</span> <span class='ocrx_word' id='word_1_175' title='bbox 2324 1485 2436 1536; x_wconf 90' lang='lat' dir='ltr'>Domino</span> <span class='ocrx_word' id='word_1_176' title='bbox 2448 1487 2485 1538; x_wconf 87' lang='lat' dir='ltr'>ol·</span> 
     </span>
     <span class='ocr_line' id='line_1_13' title="bbox 494 1571 2484 1642; baseline 0.001 -20"><span class='ocrx_word' id='word_1_177' title='bbox 494 1571 629 1622; x_wconf 87' lang='grc'>664664666</span> <span class='ocrx_word' id='word_1_178' title='bbox 660 1577 804 1634; x_wconf 86' lang='lat' dir='ltr'>congregat</span> <span class='ocrx_word' id='word_1_179' title='bbox 836 1571 965 1626; x_wconf 86' lang='lat' dir='ltr'>Dominus</span> <span class='ocrx_word' id='word_1_180' title='bbox 989 1575 1079 1638; x_wconf 86' lang='lat' dir='ltr'>pisces</span> <span class='ocrx_word' id='word_1_181' title='bbox 1108 1575 1134 1628; x_wconf 93' lang='lat' dir='ltr'>in</span> <span class='ocrx_word' id='word_1_182' title='bbox 1172 1573 1262 1626; x_wconf 89' lang='grc'>64664</span> <span class='ocrx_word' id='word_1_183' title='bbox 1281 1573 1495 1626; x_wconf 87' lang='lat' dir='ltr'>sustentationem</span> <span class='ocrx_word' id='word_1_184' title='bbox 1518 1575 1569 1626; x_wconf 85' lang='grc'>356</span> <span class='ocrx_word' id='word_1_185' title='bbox 1590 1575 1620 1626; x_wconf 90' lang='grc'>13</span> <span class='ocrx_word' id='word_1_186' title='bbox 1642 1603 1674 1614; x_wconf 84' lang='lat'><em>-</em></span> <span class='ocrx_word' id='word_1_187' title='bbox 1695 1575 1740 1642; x_wconf 91' lang='lat' dir='ltr'>qui</span> <span class='ocrx_word' id='word_1_188' title='bbox 1760 1589 1811 1628; x_wconf 92' lang='grc'>666</span> <span class='ocrx_word' id='word_1_189' title='bbox 1848 1579 1934 1630; x_wconf 88' lang='lat' dir='ltr'>lerunt</span> <span class='ocrx_word' id='word_1_190' title='bbox 1961 1577 1992 1626; x_wconf 80' lang='lat' dir='ltr'>vl</span> <span class='ocrx_word' id='word_1_191' title='bbox 2020 1573 2072 1626; x_wconf 89' lang='grc'>416</span> <span class='ocrx_word' id='word_1_192' title='bbox 2096 1573 2126 1626; x_wconf 89' lang='grc'>31</span> <span class='ocrx_word' id='word_1_193' title='bbox 2149 1571 2280 1625; x_wconf 85' lang='lat' dir='ltr'>-debet</span> <span class='ocrx_word' id='word_1_194' title='bbox 2300 1573 2424 1626; x_wconf 85' lang='lat' dir='ltr'>accedere</span> <span class='ocrx_word' id='word_1_195' title='bbox 2450 1573 2484 1626; x_wconf 91' lang='lat' dir='ltr'>ad</span> 
     </span>
     <span class='ocr_line' id='line_1_14' title="bbox 484 1649 2483 1726; baseline 0.002 -16"><span class='ocrx_word' id='word_1_196' title='bbox 484 1649 560 1710; x_wconf 72' lang='lat' dir='ltr'>&#39;marl</span> <span class='ocrx_word' id='word_1_197' title='bbox 581 1655 709 1712; x_wconf 87' lang='lat' dir='ltr'>Ecclesiae</span> <span class='ocrx_word' id='word_1_198' title='bbox 728 1659 780 1712; x_wconf 89' lang='grc'>567</span> <span class='ocrx_word' id='word_1_199' title='bbox 799 1661 813 1710; x_wconf 94' lang='grc'>6</span> <span class='ocrx_word' id='word_1_200' title='bbox 835 1687 869 1700; x_wconf 88' lang='lat'>--</span> <span class='ocrx_word' id='word_1_201' title='bbox 889 1661 1022 1714; x_wconf 82' lang='lat' dir='ltr'>Praelatus</span> <span class='ocrx_word' id='word_1_202' title='bbox 1038 1665 1134 1716; x_wconf 85' lang='lat' dir='ltr'>reverti</span> <span class='ocrx_word' id='word_1_203' title='bbox 1171 1661 1319 1716; x_wconf 88' lang='lat' dir='ltr'>ministrant</span> <span class='ocrx_word' id='word_1_204' title='bbox 1337 1661 1463 1714; x_wconf 91' lang='grc'>66666616</span> <span class='ocrx_word' id='word_1_205' title='bbox 1481 1661 1637 1726; x_wconf 86' lang='lat' dir='ltr'>spiritualia,</span> <span class='ocrx_word' id='word_1_206' title='bbox 1651 1665 1739 1716; x_wconf 90' lang='lat' dir='ltr'>minus</span> <span class='ocrx_word' id='word_1_207' title='bbox 1753 1677 1811 1716; x_wconf 92' lang='lat' dir='ltr'>con·</span> <span class='ocrx_word' id='word_1_208' title='bbox 1847 1667 1932 1718; x_wconf 84' lang='lat' dir='ltr'>Deum</span> <span class='ocrx_word' id='word_1_209' title='bbox 1959 1665 1993 1718; x_wconf 90' lang='grc'>64</span> <span class='ocrx_word' id='word_1_210' title='bbox 2016 1661 2205 1716; x_wconf 89' lang='grc'>66666166466</span> <span class='ocrx_word' id='word_1_211' title='bbox 2222 1667 2250 1712; x_wconf 91' lang='grc'>64</span> <span class='ocrx_word' id='word_1_212' title='bbox 2267 1661 2301 1714; x_wconf 91' lang='grc'>64</span> <span class='ocrx_word' id='word_1_213' title='bbox 2320 1661 2483 1714; x_wconf 83' lang='lat' dir='ltr'>alienandum</span> 
     </span>
     <span class='ocr_line' id='line_1_15' title="bbox 494 1745 2484 1818; baseline 0.001 -18"><span class='ocrx_word' id='word_1_214' title='bbox 494 1745 616 1800; x_wconf 88' lang='lat' dir='ltr'>debetad</span> <span class='ocrx_word' id='word_1_215' title='bbox 629 1747 757 1812; x_wconf 90' lang='lat' dir='ltr'>populum</span> <span class='ocrx_word' id='word_1_216' title='bbox 770 1749 948 1816; x_wconf 89' lang='lat' dir='ltr'>praedicando</span> <span class='ocrx_word' id='word_1_217' title='bbox 962 1749 1043 1804; x_wconf 92' lang='grc'>66666</span> <span class='ocrx_word' id='word_1_218' title='bbox 1054 1751 1134 1806; x_wconf 90' lang='grc'>6346</span> <span class='ocrx_word' id='word_1_219' title='bbox 1171 1751 1251 1818; x_wconf 87' lang='lat' dir='ltr'>digne</span> <span class='ocrx_word' id='word_1_220' title='bbox 1265 1751 1411 1816; x_wconf 87' lang='grc'>6666161664</span> <span class='ocrx_word' id='word_1_221' title='bbox 1419 1751 1547 1816; x_wconf 85' lang='lat' dir='ltr'>stipendia</span> <span class='ocrx_word' id='word_1_222' title='bbox 1559 1753 1706 1814; x_wconf 90' lang='lat' dir='ltr'>corporalia</span> <span class='ocrx_word' id='word_1_223' title='bbox 1717 1751 1809 1802; x_wconf 89' lang='grc'>35817</span> <span class='ocrx_word' id='word_1_224' title='bbox 1847 1755 1899 1808; x_wconf 91' lang='grc'>633</span> <span class='ocrx_word' id='word_1_225' title='bbox 1917 1755 1935 1806; x_wconf 98' lang='grc'>5</span> <span class='ocrx_word' id='word_1_226' title='bbox 1953 1781 1988 1792; x_wconf 88' lang='grc'>-</span> <span class='ocrx_word' id='word_1_227' title='bbox 2007 1755 2123 1818; x_wconf 85' lang='lat' dir='ltr'>Apparet</span> <span class='ocrx_word' id='word_1_228' title='bbox 2142 1751 2268 1804; x_wconf 87' lang='lat' dir='ltr'>Dominus</span> <span class='ocrx_word' id='word_1_229' title='bbox 2285 1751 2406 1816; x_wconf 89' lang='lat' dir='ltr'>praelatis</span> <span class='ocrx_word' id='word_1_230' title='bbox 2426 1763 2484 1802; x_wconf 92' lang='grc'>666·</span> 
     </span>
    </p>

    <p class='ocr_par' dir='ltr' id='par_1_5' title="bbox 422 1837 2484 2084">
     <span class='ocr_line' id='line_1_16' title="bbox 547 1837 2484 1908; baseline 0.001 -18"><span class='ocrx_word' id='word_1_231' title='bbox 547 1865 584 1876; x_wconf 89' lang='grc'>-</span> <span class='ocrx_word' id='word_1_232' title='bbox 602 1843 662 1890; x_wconf 91' lang='lat' dir='ltr'>sunt</span> <span class='ocrx_word' id='word_1_233' title='bbox 679 1849 759 1892; x_wconf 87' lang='lat' dir='ltr'>causa</span> <span class='ocrx_word' id='word_1_234' title='bbox 779 1839 896 1892; x_wconf 91' lang='lat' dir='ltr'>sanitatis</span> <span class='ocrx_word' id='word_1_235' title='bbox 914 1841 986 1892; x_wconf 92' lang='lat' dir='ltr'>orhis</span> <span class='ocrx_word' id='word_1_236' title='bbox 1005 1845 1134 1894; x_wconf 88' lang='lat' dir='ltr'>terrarum</span> <span class='ocrx_word' id='word_1_237' title='bbox 1170 1869 1206 1880; x_wconf 93' lang='grc'>-</span> <span class='ocrx_word' id='word_1_238' title='bbox 1223 1839 1374 1892; x_wconf 91' lang='grc'>66646664</span> <span class='ocrx_word' id='word_1_239' title='bbox 1394 1853 1441 1904; x_wconf 92' lang='grc'>666</span> <span class='ocrx_word' id='word_1_240' title='bbox 1460 1839 1554 1892; x_wconf 87' lang='grc'>46666</span> <span class='ocrx_word' id='word_1_241' title='bbox 1576 1841 1702 1892; x_wconf 88' lang='lat' dir='ltr'>cursitare</span> <span class='ocrx_word' id='word_1_242' title='bbox 1719 1845 1746 1892; x_wconf 92' lang='grc'>64</span> <span class='ocrx_word' id='word_1_243' title='bbox 1765 1843 1808 1892; x_wconf 90' lang='lat' dir='ltr'>ho·</span> <span class='ocrx_word' id='word_1_244' title='bbox 1846 1841 2004 1906; x_wconf 89' lang='grc'>6616641666,</span> <span class='ocrx_word' id='word_1_245' title='bbox 2039 1839 2223 1904; x_wconf 88' lang='grc'>66666644666,</span> <span class='ocrx_word' id='word_1_246' title='bbox 2261 1837 2484 1908; x_wconf 88' lang='lat' dir='ltr'>praedicantibus,</span> 
     </span>
     <span class='ocr_line' id='line_1_17' title="bbox 422 1919 2483 1998; baseline 0.001 -18"><span class='ocrx_word' id='word_1_247' title='bbox 422 1919 423 1922; x_wconf 45' lang='lat'>&#39;</span> <span class='ocrx_word' id='word_1_248' title='bbox 490 1925 1135 1998; x_wconf 59' lang='grc'>,61136636-1614664666646666161-</span> <span class='ocrx_word' id='word_1_249' title='bbox 1171 1929 1280 1994; x_wconf 89' lang='lat' dir='ltr'>spitium</span> <span class='ocrx_word' id='word_1_250' title='bbox 1298 1931 1403 1980; x_wconf 88' lang='lat' dir='ltr'>mutare</span> <span class='ocrx_word' id='word_1_251' title='bbox 1421 1929 1472 1980; x_wconf 85' lang='grc'>356</span> <span class='ocrx_word' id='word_1_252' title='bbox 1493 1929 1527 1978; x_wconf 92' lang='grc'>43</span> <span class='ocrx_word' id='word_1_253' title='bbox 1846 1929 2038 1982; x_wconf 87' lang='lat' dir='ltr'>deducentibus</span> <span class='ocrx_word' id='word_1_254' title='bbox 2058 1943 2166 1994; x_wconf 81' lang='lat' dir='ltr'>gregem</span> <span class='ocrx_word' id='word_1_255' title='bbox 2186 1929 2258 1982; x_wconf 89' lang='grc'>6666</span> <span class='ocrx_word' id='word_1_256' title='bbox 2270 1931 2389 1994; x_wconf 88' lang='lat' dir='ltr'>exemplo</span> <span class='ocrx_word' id='word_1_257' title='bbox 2401 1927 2483 1982; x_wconf 85' lang='grc'>6345</span> 
     </span>
     <span class='ocr_line' id='line_1_18' title="bbox 492 2001 2484 2084; baseline 0.002 -16"><span class='ocrx_word' id='word_1_258' title='bbox 492 2001 564 2070; x_wconf 89' lang='grc'>66166</span> <span class='ocrx_word' id='word_1_259' title='bbox 587 2015 630 2068; x_wconf 89' lang='grc'>174</span> <span class='ocrx_word' id='word_1_260' title='bbox 656 2029 681 2066; x_wconf 86' lang='grc'>6.</span> <span class='ocrx_word' id='word_1_261' title='bbox 704 2015 735 2066; x_wconf 95' lang='grc'>49</span> <span class='ocrx_word' id='word_1_262' title='bbox 755 2043 791 2054; x_wconf 91' lang='grc'>-</span> <span class='ocrx_word' id='word_1_263' title='bbox 809 2015 980 2080; x_wconf 87' lang='lat' dir='ltr'>Spiritualiter</span> <span class='ocrx_word' id='word_1_264' title='bbox 992 2005 1146 2070; x_wconf 85' lang='lat' dir='ltr'>suscitatus</span> <span class='ocrx_word' id='word_1_265' title='bbox 1224 2043 1260 2052; x_wconf 82' lang='lat'>·-</span> <span class='ocrx_word' id='word_1_266' title='bbox 1280 2019 1364 2078; x_wconf 91' lang='grc'>661664</span> <span class='ocrx_word' id='word_1_267' title='bbox 1383 2015 1505 2080; x_wconf 86' lang='grc'>66646666</span> <span class='ocrx_word' id='word_1_268' title='bbox 1517 2015 1685 2080; x_wconf 90' lang='lat' dir='ltr'>stipendium,</span> <span class='ocrx_word' id='word_1_269' title='bbox 1700 2015 1745 2066; x_wconf 93' lang='lat' dir='ltr'>sed</span> <span class='ocrx_word' id='word_1_270' title='bbox 1759 2029 1811 2066; x_wconf 90' lang='lat' dir='ltr'>non</span> <span class='ocrx_word' id='word_1_271' title='bbox 1898 2017 2052 2070; x_wconf 92' lang='lat' dir='ltr'>-habent</span> <span class='ocrx_word' id='word_1_272' title='bbox 2071 2017 2251 2070; x_wconf 86' lang='lat' dir='ltr'>auctoritatem</span> <span class='ocrx_word' id='word_1_273' title='bbox 2266 2019 2364 2084; x_wconf 84' lang='lat' dir='ltr'>ligandi</span> <span class='ocrx_word' id='word_1_274' title='bbox 2383 2019 2407 2070; x_wconf 94' lang='lat' dir='ltr'>in</span> <span class='ocrx_word' id='word_1_275' title='bbox 2428 2021 2484 2072; x_wconf 86' lang='lat' dir='ltr'>loro</span> 
     </span>
    </p>
   </div>
   <div class='ocr_carea' id='block_1_3' title="bbox 412 2099 2485 3944">
    <p class='ocr_par' dir='ltr' id='par_1_6' title="bbox 412 2099 2485 3944">
     <span class='ocr_line' id='line_1_19' title="bbox 493 2099 2484 2172; baseline 0.003 -16"><span class='ocrx_word' id='word_1_276' title='bbox 493 2105 645 2172; x_wconf 90' lang='lat' dir='ltr'>pascendus</span> <span class='ocrx_word' id='word_1_277' title='bbox 657 2103 829 2158; x_wconf 88' lang='lat' dir='ltr'>eornmittltur</span> <span class='ocrx_word' id='word_1_278' title='bbox 842 2103 1070 2168; x_wconf 89' lang='lat' dir='ltr'>praedicatoribus</span> <span class='ocrx_word' id='word_1_279' title='bbox 1083 2103 1128 2156; x_wconf 87' lang='grc'>591</span> <span class='ocrx_word' id='word_1_280' title='bbox 1170 2101 1251 2154; x_wconf 89' lang='lat' dir='ltr'>debet</span> <span class='ocrx_word' id='word_1_281' title='bbox 1269 2101 1419 2166; x_wconf 88' lang='lat' dir='ltr'>praedicare</span> <span class='ocrx_word' id='word_1_282' title='bbox 1446 2107 1552 2168; x_wconf 92' lang='lat' dir='ltr'>propter</span> <span class='ocrx_word' id='word_1_283' title='bbox 1577 2099 1653 2164; x_wconf 92' lang='lat' dir='ltr'>illud,</span> <span class='ocrx_word' id='word_1_284' title='bbox 1676 2103 1722 2156; x_wconf 91' lang='lat' dir='ltr'>sed</span> <span class='ocrx_word' id='word_1_285' title='bbox 1753 2117 1812 2168; x_wconf 93' lang='lat' dir='ltr'>pro·</span> <span class='ocrx_word' id='word_1_286' title='bbox 1847 2105 1960 2158; x_wconf 89' lang='lat' dir='ltr'>iudiciali</span> <span class='ocrx_word' id='word_1_287' title='bbox 1979 2105 2085 2158; x_wconf 85' lang='grc'>111615</span> <span class='ocrx_word' id='word_1_288' title='bbox 2104 2105 2296 2161; x_wconf 75' lang='grc'>543-1641664</span> <span class='ocrx_word' id='word_1_289' title='bbox 2316 2105 2484 2162; x_wconf 86' lang='lat' dir='ltr'>terramsub·</span> 
     </span>
     <span class='ocr_line' id='line_1_20' title="bbox 493 2189 2417 2258; baseline 0.001 -12"><span class='ocrx_word' id='word_1_290' title='bbox 493 2195 510 2246; x_wconf 92' lang='grc'>4</span> <span class='ocrx_word' id='word_1_291' title='bbox 530 2221 564 2234; x_wconf 91' lang='grc'>-</span> <span class='ocrx_word' id='word_1_292' title='bbox 583 2195 696 2256; x_wconf 81' lang='lat' dir='ltr'>solvunt,</span> <span class='ocrx_word' id='word_1_293' title='bbox 715 2195 741 2242; x_wconf 94' lang='lat' dir='ltr'>ut</span> <span class='ocrx_word' id='word_1_294' title='bbox 761 2193 793 2244; x_wconf 87' lang='lat' dir='ltr'>ad</span> <span class='ocrx_word' id='word_1_295' title='bbox 813 2191 945 2246; x_wconf 82' lang='lat' dir='ltr'>Christum</span> <span class='ocrx_word' id='word_1_296' title='bbox 966 2195 1069 2242; x_wconf 90' lang='lat' dir='ltr'>trahant</span> <span class='ocrx_word' id='word_1_297' title='bbox 1090 2191 1134 2242; x_wconf 87' lang='grc'>1411</span> <span class='ocrx_word' id='word_1_298' title='bbox 1172 2197 1229 2254; x_wconf 87' lang='grc'>6466</span> <span class='ocrx_word' id='word_1_299' title='bbox 1247 2189 1357 2242; x_wconf 90' lang='lat' dir='ltr'>salutem</span> <span class='ocrx_word' id='word_1_300' title='bbox 1378 2189 1469 2254; x_wconf 89' lang='lat' dir='ltr'>populi</span> <span class='ocrx_word' id='word_1_301' title='bbox 1484 2189 1593 2240; x_wconf 73' lang='grc'>711308</span> <span class='ocrx_word' id='word_1_302' title='bbox 1608 2189 1692 2242; x_wconf 87' lang='grc'>67-</span> <span class='ocrx_word' id='word_1_303' title='bbox 1705 2189 1812 2242; x_wconf 90' lang='lat' dir='ltr'>nonde·</span> <span class='ocrx_word' id='word_1_304' title='bbox 1846 2193 1931 2246; x_wconf 90' lang='lat' dir='ltr'>lectae</span> <span class='ocrx_word' id='word_1_305' title='bbox 1948 2191 2031 2258; x_wconf 92' lang='lat' dir='ltr'>plebis</span> <span class='ocrx_word' id='word_1_306' title='bbox 2050 2193 2146 2246; x_wconf 91' lang='lat' dir='ltr'>iudicio</span> <span class='ocrx_word' id='word_1_307' title='bbox 2165 2193 2271 2258; x_wconf 88' lang='lat' dir='ltr'>publico</span> <span class='ocrx_word' id='word_1_308' title='bbox 2291 2197 2341 2248; x_wconf 89' lang='grc'>416</span> <span class='ocrx_word' id='word_1_309' title='bbox 2363 2213 2387 2250; x_wconf 89' lang='grc'>6.</span> <span class='ocrx_word' id='word_1_310' title='bbox 2406 2197 2417 2246; x_wconf 96' lang='grc'>4</span> 
     </span>
     <span class='ocr_line' id='line_1_21' title="bbox 494 2275 2484 2344; baseline 0.002 -10"><span class='ocrx_word' id='word_1_311' title='bbox 494 2281 545 2334; x_wconf 92' lang='grc'>489</span> <span class='ocrx_word' id='word_1_312' title='bbox 566 2279 600 2332; x_wconf 88' lang='grc'>47</span> <span class='ocrx_word' id='word_1_313' title='bbox 617 2307 655 2318; x_wconf 90' lang='lat'><em>-</em></span> <span class='ocrx_word' id='word_1_314' title='bbox 677 2285 738 2330; x_wconf 91' lang='lat' dir='ltr'>sunt</span> <span class='ocrx_word' id='word_1_315' title='bbox 767 2279 907 2344; x_wconf 89' lang='lat' dir='ltr'>praepositi</span> <span class='ocrx_word' id='word_1_316' title='bbox 932 2279 1073 2330; x_wconf 89' lang='lat' dir='ltr'>animabus</span> <span class='ocrx_word' id='word_1_317' title='bbox 1099 2281 1134 2332; x_wconf 91' lang='lat' dir='ltr'>ad</span> <span class='ocrx_word' id='word_1_318' title='bbox 1170 2275 1216 2330; x_wconf 89' lang='lat' dir='ltr'>bet</span> <span class='ocrx_word' id='word_1_319' title='bbox 1238 2291 1367 2344; x_wconf 89' lang='lat' dir='ltr'>quaerere</span> <span class='ocrx_word' id='word_1_320' title='bbox 1393 2277 1530 2342; x_wconf 89' lang='lat' dir='ltr'>proprium</span> <span class='ocrx_word' id='word_1_321' title='bbox 1556 2279 1738 2342; x_wconf 91' lang='lat' dir='ltr'>commodum,</span> <span class='ocrx_word' id='word_1_322' title='bbox 1765 2279 1812 2330; x_wconf 90' lang='lat' dir='ltr'>sed</span> <span class='ocrx_word' id='word_1_323' title='bbox 1898 2309 1937 2322; x_wconf 93' lang='lat'>-</span> <span class='ocrx_word' id='word_1_324' title='bbox 1954 2281 2017 2332; x_wconf 88' lang='lat' dir='ltr'>Boni</span> <span class='ocrx_word' id='word_1_325' title='bbox 2035 2281 2143 2344; x_wconf 91' lang='lat' dir='ltr'>praelati</span> <span class='ocrx_word' id='word_1_326' title='bbox 2162 2287 2202 2334; x_wconf 92' lang='lat' dir='ltr'>est</span> <span class='ocrx_word' id='word_1_327' title='bbox 2213 2285 2344 2336; x_wconf 82' lang='grc'>6446464466</span> <span class='ocrx_word' id='word_1_328' title='bbox 2364 2285 2484 2336; x_wconf 88' lang='lat' dir='ltr'>subditos</span> 
     </span>
     <span class='ocr_line' id='line_1_22' title="bbox 492 2359 2483 2436; baseline -0.001 -12"><span class='ocrx_word' id='word_1_329' title='bbox 492 2369 624 2424; x_wconf 83' lang='lat' dir='ltr'>Christum</span> <span class='ocrx_word' id='word_1_330' title='bbox 647 2369 781 2420; x_wconf 84' lang='lat' dir='ltr'>conversis</span> <span class='ocrx_word' id='word_1_331' title='bbox 798 2381 851 2420; x_wconf 91' lang='lat' dir='ltr'>non</span> <span class='ocrx_word' id='word_1_332' title='bbox 869 2367 1136 2432; x_wconf 84' lang='lat' dir='ltr'>perimperlumpo·</span> <span class='ocrx_word' id='word_1_333' title='bbox 1170 2369 1298 2420; x_wconf 90' lang='lat' dir='ltr'>honorem</span> <span class='ocrx_word' id='word_1_334' title='bbox 1330 2367 1451 2420; x_wconf 88' lang='lat' dir='ltr'>divirmm</span> <span class='ocrx_word' id='word_1_335' title='bbox 1469 2365 1521 2418; x_wconf 89' lang='grc'>373</span> <span class='ocrx_word' id='word_1_336' title='bbox 1541 2363 1576 2418; x_wconf 92' lang='grc'>44</span> <span class='ocrx_word' id='word_1_337' title='bbox 1592 2393 1631 2404; x_wconf 89' lang='grc'>-</span> <span class='ocrx_word' id='word_1_338' title='bbox 1647 2367 1693 2432; x_wconf 90' lang='grc'>661</span> <span class='ocrx_word' id='word_1_339' title='bbox 1712 2365 1812 2430; x_wconf 88' lang='lat' dir='ltr'>praedi·</span> <span class='ocrx_word' id='word_1_340' title='bbox 1847 2359 2173 2422; x_wconf 85' lang='grc'>11147334-466664</span> <span class='ocrx_word' id='word_1_341' title='bbox 2193 2383 2301 2436; x_wconf 84' lang='lat' dir='ltr'>gregem</span> <span class='ocrx_word' id='word_1_342' title='bbox 2321 2373 2483 2424; x_wconf 90' lang='lat' dir='ltr'>dominicum</span> 
     </span>
     <span class='ocr_line' id='line_1_23' title="bbox 491 2453 2483 2524; baseline 0.001 -14"><span class='ocrx_word' id='word_1_343' title='bbox 491 2459 659 2522; x_wconf 90' lang='lat' dir='ltr'>testativum,</span> <span class='ocrx_word' id='word_1_344' title='bbox 676 2455 724 2508; x_wconf 89' lang='lat' dir='ltr'>sed</span> <span class='ocrx_word' id='word_1_345' title='bbox 742 2469 790 2518; x_wconf 93' lang='lat' dir='ltr'>per</span> <span class='ocrx_word' id='word_1_346' title='bbox 808 2457 942 2522; x_wconf 87' lang='lat' dir='ltr'>quandam</span> <span class='ocrx_word' id='word_1_347' title='bbox 957 2455 1134 2510; x_wconf 75' lang='lat' dir='ltr'>excellentiam</span> <span class='ocrx_word' id='word_1_348' title='bbox 1170 2461 1213 2508; x_wconf 89' lang='lat' dir='ltr'>cat</span> <span class='ocrx_word' id='word_1_349' title='bbox 1229 2459 1339 2520; x_wconf 90' lang='lat' dir='ltr'>propter</span> <span class='ocrx_word' id='word_1_350' title='bbox 1354 2455 1457 2510; x_wconf 88' lang='lat' dir='ltr'>lucrum</span> <span class='ocrx_word' id='word_1_351' title='bbox 1470 2453 1622 2520; x_wconf 90' lang='lat' dir='ltr'>temporale,</span> <span class='ocrx_word' id='word_1_352' title='bbox 1637 2455 1719 2508; x_wconf 90' lang='lat' dir='ltr'>malus</span> <span class='ocrx_word' id='word_1_353' title='bbox 1732 2467 1810 2518; x_wconf 86' lang='lat' dir='ltr'>nego·</span> <span class='ocrx_word' id='word_1_354' title='bbox 1846 2471 1954 2510; x_wconf 87' lang='lat' dir='ltr'>servare</span> <span class='ocrx_word' id='word_1_355' title='bbox 1970 2463 1998 2510; x_wconf 94' lang='grc'>64</span> <span class='ocrx_word' id='word_1_356' title='bbox 2015 2459 2146 2514; x_wconf 89' lang='grc'>666464466</span> <span class='ocrx_word' id='word_1_357' title='bbox 2166 2457 2271 2511; x_wconf 88' lang='grc'>1-’11479</span> <span class='ocrx_word' id='word_1_358' title='bbox 2296 2461 2327 2512; x_wconf 93' lang='grc'>19</span> <span class='ocrx_word' id='word_1_359' title='bbox 2341 2487 2375 2498; x_wconf 83' lang='lat'>-</span> <span class='ocrx_word' id='word_1_360' title='bbox 2388 2459 2483 2524; x_wconf 88' lang='lat' dir='ltr'>honus,</span> 
     </span>
     <span class='ocr_line' id='line_1_24' title="bbox 494 2543 2481 2614; baseline 0 -14"><span class='ocrx_word' id='word_1_361' title='bbox 494 2547 638 2612; x_wconf 87' lang='lat' dir='ltr'>gloriosam</span> <span class='ocrx_word' id='word_1_362' title='bbox 665 2543 717 2596; x_wconf 87' lang='grc'>483</span> <span class='ocrx_word' id='word_1_363' title='bbox 739 2545 774 2598; x_wconf 87' lang='grc'>38</span> <span class='ocrx_word' id='word_1_364' title='bbox 791 2573 829 2586; x_wconf 90' lang='grc'>-</span> <span class='ocrx_word' id='word_1_365' title='bbox 846 2543 944 2598; x_wconf 87' lang='grc'>466664</span> <span class='ocrx_word' id='word_1_366' title='bbox 962 2557 1071 2610; x_wconf 78' lang='lat' dir='ltr'>gregem</span> <span class='ocrx_word' id='word_1_367' title='bbox 1091 2543 1135 2600; x_wconf 90' lang='lat' dir='ltr'>do·</span> <span class='ocrx_word' id='word_1_368' title='bbox 1170 2545 1246 2598; x_wconf 90' lang='lat' dir='ltr'>tiator</span> <span class='ocrx_word' id='word_1_369' title='bbox 1266 2549 1312 2606; x_wconf 91' lang='lat' dir='ltr'>est,</span> <span class='ocrx_word' id='word_1_370' title='bbox 1332 2549 1356 2596; x_wconf 93' lang='lat' dir='ltr'>et</span> <span class='ocrx_word' id='word_1_371' title='bbox 1375 2543 1419 2612; x_wconf 92' lang='lat' dir='ltr'>qui</span> <span class='ocrx_word' id='word_1_372' title='bbox 1436 2543 1569 2610; x_wconf 85' lang='lat' dir='ltr'>praedicat</span> <span class='ocrx_word' id='word_1_373' title='bbox 1581 2547 1689 2608; x_wconf 90' lang='lat' dir='ltr'>propter</span> <span class='ocrx_word' id='word_1_374' title='bbox 1707 2543 1809 2594; x_wconf 90' lang='lat' dir='ltr'>lucrum</span> <span class='ocrx_word' id='word_1_375' title='bbox 1846 2547 1892 2614; x_wconf 93' lang='lat' dir='ltr'>qui</span> <span class='ocrx_word' id='word_1_376' title='bbox 1904 2547 2019 2600; x_wconf 88' lang='lat' dir='ltr'>custodit</span> <span class='ocrx_word' id='word_1_377' title='bbox 2030 2545 2161 2608; x_wconf 91' lang='lat' dir='ltr'>subditos,</span> <span class='ocrx_word' id='word_1_378' title='bbox 2175 2551 2213 2600; x_wconf 92' lang='lat' dir='ltr'>est</span> <span class='ocrx_word' id='word_1_379' title='bbox 2225 2561 2303 2614; x_wconf 90' lang='lat' dir='ltr'>sepes</span> <span class='ocrx_word' id='word_1_380' title='bbox 2315 2547 2481 2602; x_wconf 90' lang='lat' dir='ltr'>subditorum</span> 
     </span>
     <span class='ocr_line' id='line_1_25' title="bbox 494 2631 2482 2702; baseline 0.001 -14"><span class='ocrx_word' id='word_1_381' title='bbox 494 2635 621 2690; x_wconf 91' lang='lat' dir='ltr'>minicum</span> <span class='ocrx_word' id='word_1_382' title='bbox 644 2647 749 2686; x_wconf 84' lang='lat' dir='ltr'>serrare</span> <span class='ocrx_word' id='word_1_383' title='bbox 769 2641 794 2688; x_wconf 91' lang='lat' dir='ltr'>et</span> <span class='ocrx_word' id='word_1_384' title='bbox 812 2633 945 2688; x_wconf 88' lang='lat' dir='ltr'>custodire</span> <span class='ocrx_word' id='word_1_385' title='bbox 965 2633 1015 2686; x_wconf 86' lang='grc'>479</span> <span class='ocrx_word' id='word_1_386' title='bbox 1035 2635 1068 2686; x_wconf 91' lang='grc'>49</span> <span class='ocrx_word' id='word_1_387' title='bbox 1169 2635 1328 2702; x_wconf 91' lang='lat' dir='ltr'>animarum,</span> <span class='ocrx_word' id='word_1_388' title='bbox 1340 2633 1482 2700; x_wconf 89' lang='lat' dir='ltr'>spiritualis</span> <span class='ocrx_word' id='word_1_389' title='bbox 1502 2633 1647 2696; x_wconf 91' lang='lat' dir='ltr'>negotiator</span> <span class='ocrx_word' id='word_1_390' title='bbox 1659 2639 1700 2684; x_wconf 93' lang='lat' dir='ltr'>est</span> <span class='ocrx_word' id='word_1_391' title='bbox 1712 2631 1764 2684; x_wconf 90' lang='grc'>479</span> <span class='ocrx_word' id='word_1_392' title='bbox 1776 2633 1811 2684; x_wconf 88' lang='grc'>39</span> <span class='ocrx_word' id='word_1_393' title='bbox 1847 2639 1882 2688; x_wconf 84' lang='grc'>11</span> <span class='ocrx_word' id='word_1_394' title='bbox 1900 2639 1935 2690; x_wconf 89' lang='grc'>83</span> <span class='ocrx_word' id='word_1_395' title='bbox 1953 2651 1979 2686; x_wconf 89' lang='grc'>6.</span> <span class='ocrx_word' id='word_1_396' title='bbox 2000 2637 2014 2688; x_wconf 91' lang='grc'>8</span> <span class='ocrx_word' id='word_1_397' title='bbox 2032 2665 2070 2674; x_wconf 77' lang='lat'>—</span> <span class='ocrx_word' id='word_1_398' title='bbox 2086 2641 2225 2688; x_wconf 76' lang='lat' dir='ltr'>conseruat</span> <span class='ocrx_word' id='word_1_399' title='bbox 2243 2635 2362 2690; x_wconf 91' lang='lat' dir='ltr'>subditos</span> <span class='ocrx_word' id='word_1_400' title='bbox 2375 2637 2398 2690; x_wconf 93' lang='grc'>16</span> <span class='ocrx_word' id='word_1_401' title='bbox 2411 2637 2482 2690; x_wconf 90' lang='grc'>6666</span> 
     </span>
     <span class='ocr_line' id='line_1_26' title="bbox 545 2723 2483 2790; baseline -0.004 -16"><span class='ocrx_word' id='word_1_402' title='bbox 545 2723 722 2776; x_wconf 87' lang='grc'>-661666</span> <span class='ocrx_word' id='word_1_403' title='bbox 748 2737 856 2788; x_wconf 86' lang='grc'>6666666</span> <span class='ocrx_word' id='word_1_404' title='bbox 884 2723 1063 2790; x_wconf 87' lang='lat' dir='ltr'>praedicando</span> <span class='ocrx_word' id='word_1_405' title='bbox 1083 2737 1135 2776; x_wconf 90' lang='lat' dir='ltr'>me·</span> <span class='ocrx_word' id='word_1_406' title='bbox 1170 2723 1269 2790; x_wconf 92' lang='lat' dir='ltr'>-qui</span> <span class='ocrx_word' id='word_1_407' title='bbox 1293 2723 1531 2788; x_wconf 89' lang='lat' dir='ltr'>accipitcarnalia,</span> <span class='ocrx_word' id='word_1_408' title='bbox 1557 2723 1590 2774; x_wconf 91' lang='lat' dir='ltr'>ita</span> <span class='ocrx_word' id='word_1_409' title='bbox 1614 2729 1643 2774; x_wconf 92' lang='lat' dir='ltr'>ut</span> <span class='ocrx_word' id='word_1_410' title='bbox 1661 2735 1712 2774; x_wconf 91' lang='lat' dir='ltr'>uon</span> <span class='ocrx_word' id='word_1_411' title='bbox 1731 2727 1812 2786; x_wconf 88' lang='lat' dir='ltr'>ponat</span> <span class='ocrx_word' id='word_1_412' title='bbox 1847 2725 1916 2780; x_wconf 89' lang='lat' dir='ltr'>hona</span> <span class='ocrx_word' id='word_1_413' title='bbox 1937 2725 2103 2778; x_wconf 88' lang='lat' dir='ltr'>instructione</span> <span class='ocrx_word' id='word_1_414' title='bbox 2132 2731 2155 2776; x_wconf 92' lang='lat' dir='ltr'>et</span> <span class='ocrx_word' id='word_1_415' title='bbox 2180 2727 2300 2790; x_wconf 83' lang='lat' dir='ltr'>exemplo</span> <span class='ocrx_word' id='word_1_416' title='bbox 2324 2725 2376 2778; x_wconf 86' lang='grc'>474</span> <span class='ocrx_word' id='word_1_417' title='bbox 2393 2727 2428 2778; x_wconf 77' lang='grc'>36</span> <span class='ocrx_word' id='word_1_418' title='bbox 2447 2753 2483 2766; x_wconf 86' lang='grc'>-</span> 
     </span>
     <span class='ocr_line' id='line_1_27' title="bbox 491 2811 2482 2880; baseline -0.003 -15"><span class='ocrx_word' id='word_1_419' title='bbox 491 2813 543 2866; x_wconf 88' lang='grc'>4466</span> <span class='ocrx_word' id='word_1_420' title='bbox 561 2819 601 2866; x_wconf 88' lang='grc'>664</span> <span class='ocrx_word' id='word_1_421' title='bbox 618 2825 700 2880; x_wconf 92' lang='lat' dir='ltr'>quam</span> <span class='ocrx_word' id='word_1_422' title='bbox 719 2813 823 2876; x_wconf 88' lang='lat' dir='ltr'>corpori</span> <span class='ocrx_word' id='word_1_423' title='bbox 847 2813 968 2864; x_wconf 88' lang='lat' dir='ltr'>alimenta</span> <span class='ocrx_word' id='word_1_424' title='bbox 987 2813 1134 2866; x_wconf 87' lang='lat' dir='ltr'>ministrare</span> <span class='ocrx_word' id='word_1_425' title='bbox 1171 2811 1197 2864; x_wconf 90' lang='lat' dir='ltr'>in</span> <span class='ocrx_word' id='word_1_426' title='bbox 1216 2813 1367 2876; x_wconf 87' lang='grc'>6166666,</span> <span class='ocrx_word' id='word_1_427' title='bbox 1394 2825 1446 2864; x_wconf 91' lang='grc'>666</span> <span class='ocrx_word' id='word_1_428' title='bbox 1472 2811 1603 2864; x_wconf 89' lang='grc'>66664446</span> <span class='ocrx_word' id='word_1_429' title='bbox 1625 2811 1751 2876; x_wconf 90' lang='lat' dir='ltr'>spirituali</span> <span class='ocrx_word' id='word_1_430' title='bbox 1769 2823 1812 2860; x_wconf 92' lang='grc'>66·</span> <span class='ocrx_word' id='word_1_431' title='bbox 1846 2813 2007 2880; x_wconf 70' lang='lat' dir='ltr'>praecedere</span> <span class='ocrx_word' id='word_1_432' title='bbox 2022 2811 2123 2866; x_wconf 82' lang='lat' dir='ltr'>dehent</span> <span class='ocrx_word' id='word_1_433' title='bbox 2134 2825 2198 2864; x_wconf 79' lang='grc'>6666</span> <span class='ocrx_word' id='word_1_434' title='bbox 2215 2821 2306 2866; x_wconf 79' lang='lat' dir='ltr'>eontra</span> <span class='ocrx_word' id='word_1_435' title='bbox 2323 2813 2482 2866; x_wconf 79' lang='lat' dir='ltr'>ferocitatem</span> 
     </span>
     <span class='ocr_line' id='line_1_28' title="bbox 495 2899 2485 2970; baseline 0 -16"><span class='ocrx_word' id='word_1_436' title='bbox 495 2903 538 2956; x_wconf 83' lang='grc'>141</span> <span class='ocrx_word' id='word_1_437' title='bbox 557 2903 608 2954; x_wconf 89' lang='grc'>356</span> <span class='ocrx_word' id='word_1_438' title='bbox 630 2901 680 2952; x_wconf 89' lang='grc'>468</span> <span class='ocrx_word' id='word_1_439' title='bbox 700 2929 734 2938; x_wconf 84' lang='lat'><em>-</em></span> <span class='ocrx_word' id='word_1_440' title='bbox 753 2899 842 2954; x_wconf 89' lang='lat' dir='ltr'>Nubes</span> <span class='ocrx_word' id='word_1_441' title='bbox 858 2901 955 2954; x_wconf 85' lang='lat' dir='ltr'>reverti</span> <span class='ocrx_word' id='word_1_442' title='bbox 973 2907 1014 2954; x_wconf 87' lang='grc'>664</span> <span class='ocrx_word' id='word_1_443' title='bbox 1031 2915 1135 2954; x_wconf 91' lang='lat' dir='ltr'>cessare</span> <span class='ocrx_word' id='word_1_444' title='bbox 1170 2901 1313 2966; x_wconf 86' lang='lat' dir='ltr'>gotiatione</span> <span class='ocrx_word' id='word_1_445' title='bbox 1339 2915 1389 2954; x_wconf 89' lang='lat' dir='ltr'>nec</span> <span class='ocrx_word' id='word_1_446' title='bbox 1415 2899 1488 2966; x_wconf 89' lang='lat' dir='ltr'>ponit</span> <span class='ocrx_word' id='word_1_447' title='bbox 1515 2901 1687 2966; x_wconf 85' lang='lat' dir='ltr'>Evangellum</span> <span class='ocrx_word' id='word_1_448' title='bbox 1716 2899 1812 2952; x_wconf 83' lang='lat' dir='ltr'>renale</span> <span class='ocrx_word' id='word_1_449' title='bbox 1845 2903 1962 2970; x_wconf 89' lang='lat' dir='ltr'>lupinam</span> <span class='ocrx_word' id='word_1_450' title='bbox 1993 2903 2035 2954; x_wconf 90' lang='lat' dir='ltr'>Vll</span> <span class='ocrx_word' id='word_1_451' title='bbox 2058 2901 2108 2954; x_wconf 90' lang='grc'>486</span> <span class='ocrx_word' id='word_1_452' title='bbox 2129 2901 2160 2954; x_wconf 90' lang='grc'>43</span> <span class='ocrx_word' id='word_1_453' title='bbox 2181 2929 2214 2942; x_wconf 89' lang='lat'>--</span> <span class='ocrx_word' id='word_1_454' title='bbox 2234 2903 2355 2954; x_wconf 83' lang='lat' dir='ltr'>Praelatls</span> <span class='ocrx_word' id='word_1_455' title='bbox 2375 2915 2485 2966; x_wconf 85' lang='lat' dir='ltr'>congre·</span> 
     </span>
     <span class='ocr_line' id='line_1_29' title="bbox 493 2987 2483 3066; baseline 0.001 -24"><span class='ocrx_word' id='word_1_456' title='bbox 493 2989 642 3042; x_wconf 90' lang='lat' dir='ltr'>doctrinam</span> <span class='ocrx_word' id='word_1_457' title='bbox 661 2987 870 3050; x_wconf 90' lang='lat' dir='ltr'>praedicatorum</span> <span class='ocrx_word' id='word_1_458' title='bbox 892 2989 923 3042; x_wconf 90' lang='lat' dir='ltr'>Vl</span> <span class='ocrx_word' id='word_1_459' title='bbox 944 2991 977 3042; x_wconf 89' lang='grc'>93</span> <span class='ocrx_word' id='word_1_460' title='bbox 997 2993 1062 3042; x_wconf 91' lang='grc'>6.3</span> <span class='ocrx_word' id='word_1_461' title='bbox 1097 2995 1099 3000; x_wconf 83' lang='grc'>’</span> <span class='ocrx_word' id='word_1_462' title='bbox 1169 2987 1231 3044; x_wconf 80' lang='lat' dir='ltr'>thid.</span> <span class='ocrx_word' id='word_1_463' title='bbox 1251 3017 1285 3030; x_wconf 90' lang='lat'>-··</span> <span class='ocrx_word' id='word_1_464' title='bbox 1304 2989 1351 3056; x_wconf 89' lang='lat' dir='ltr'>qui</span> <span class='ocrx_word' id='word_1_465' title='bbox 1370 2991 1524 3042; x_wconf 88' lang='lat' dir='ltr'>annuntiant</span> <span class='ocrx_word' id='word_1_466' title='bbox 1541 2987 1654 3042; x_wconf 87' lang='grc'>666666</span> <span class='ocrx_word' id='word_1_467' title='bbox 1674 2987 1719 3042; x_wconf 88' lang='grc'>1464</span> <span class='ocrx_word' id='word_1_468' title='bbox 1739 2987 1811 3054; x_wconf 91' lang='lat' dir='ltr'>cupi·</span> <span class='ocrx_word' id='word_1_469' title='bbox 1847 2999 1892 3060; x_wconf 85' lang='lat' dir='ltr'>gat</span> <span class='ocrx_word' id='word_1_470' title='bbox 1910 2991 2036 3044; x_wconf 87' lang='lat' dir='ltr'>Dominus</span> <span class='ocrx_word' id='word_1_471' title='bbox 2060 2993 2144 3058; x_wconf 89' lang='lat' dir='ltr'>pisces</span> <span class='ocrx_word' id='word_1_472' title='bbox 2164 2993 2190 3044; x_wconf 90' lang='grc'>46</span> <span class='ocrx_word' id='word_1_473' title='bbox 2208 2993 2274 3044; x_wconf 88' lang='lat' dir='ltr'>marl</span> <span class='ocrx_word' id='word_1_474' title='bbox 2303 2991 2431 3066; x_wconf 76' lang='lat' dir='ltr'>Ecclesiae</span> <span class='ocrx_word' id='word_1_475' title='bbox 2448 2989 2483 3044; x_wconf 85' lang='grc'>141</span> 
     </span>
     <span class='ocr_line' id='line_1_30' title="bbox 546 3077 2481 3152; baseline 0.004 -26"><span class='ocrx_word' id='word_1_476' title='bbox 546 3107 583 3114; x_wconf 90' lang='lat'><em>-</em></span> <span class='ocrx_word' id='word_1_477' title='bbox 602 3089 681 3128; x_wconf 84' lang='lat' dir='ltr'>verus</span> <span class='ocrx_word' id='word_1_478' title='bbox 701 3077 760 3140; x_wconf 85' lang='lat' dir='ltr'>plus</span> <span class='ocrx_word' id='word_1_479' title='bbox 778 3077 936 3128; x_wconf 88' lang='grc'>6166146664</span> <span class='ocrx_word' id='word_1_480' title='bbox 950 3077 1134 3140; x_wconf 86' lang='lat' dir='ltr'>hliosgenera·</span> <span class='ocrx_word' id='word_1_481' title='bbox 1170 3079 1251 3132; x_wconf 89' lang='lat' dir='ltr'>ditate</span> <span class='ocrx_word' id='word_1_482' title='bbox 1270 3079 1341 3146; x_wconf 87' lang='lat' dir='ltr'>lucri,</span> <span class='ocrx_word' id='word_1_483' title='bbox 1361 3093 1413 3132; x_wconf 90' lang='lat' dir='ltr'>non</span> <span class='ocrx_word' id='word_1_484' title='bbox 1429 3085 1488 3132; x_wconf 91' lang='lat' dir='ltr'>sunt</span> <span class='ocrx_word' id='word_1_485' title='bbox 1504 3079 1625 3146; x_wconf 88' lang='lat' dir='ltr'>discipuli</span> <span class='ocrx_word' id='word_1_486' title='bbox 1637 3077 1745 3142; x_wconf 85' lang='lat' dir='ltr'>Christi,</span> <span class='ocrx_word' id='word_1_487' title='bbox 1763 3077 1810 3130; x_wconf 87' lang='lat' dir='ltr'>sed</span> <span class='ocrx_word' id='word_1_488' title='bbox 1846 3083 1898 3136; x_wconf 89' lang='grc'>567</span> <span class='ocrx_word' id='word_1_489' title='bbox 1918 3083 1935 3134; x_wconf 93' lang='grc'>6</span> <span class='ocrx_word' id='word_1_490' title='bbox 1953 3081 2091 3135; x_wconf 87' lang='grc'>-66666</span> <span class='ocrx_word' id='word_1_491' title='bbox 2120 3083 2206 3152; x_wconf 88' lang='grc'>666614</span> <span class='ocrx_word' id='word_1_492' title='bbox 2230 3095 2318 3146; x_wconf 63' lang='lat' dir='ltr'>agnos,</span> <span class='ocrx_word' id='word_1_493' title='bbox 2330 3083 2382 3134; x_wconf 90' lang='grc'>636</span> <span class='ocrx_word' id='word_1_494' title='bbox 2400 3095 2429 3134; x_wconf 96' lang='grc'>6.</span> <span class='ocrx_word' id='word_1_495' title='bbox 2448 3081 2481 3132; x_wconf 90' lang='grc'>46</span> 
     </span>
     <span class='ocr_line' id='line_1_31' title="bbox 491 3165 2484 3236; baseline 0.003 -18"><span class='ocrx_word' id='word_1_496' title='bbox 491 3169 534 3218; x_wconf 87' lang='grc'>466</span> <span class='ocrx_word' id='word_1_497' title='bbox 551 3179 599 3230; x_wconf 90' lang='lat' dir='ltr'>per</span> <span class='ocrx_word' id='word_1_498' title='bbox 617 3165 840 3230; x_wconf 88' lang='lat' dir='ltr'>praedicationem</span> <span class='ocrx_word' id='word_1_499' title='bbox 858 3169 939 3230; x_wconf 89' lang='grc'>66661</span> <span class='ocrx_word' id='word_1_500' title='bbox 959 3165 993 3216; x_wconf 88' lang='grc'>64</span> <span class='ocrx_word' id='word_1_501' title='bbox 1013 3171 1134 3230; x_wconf 90' lang='grc'>66666166</span> <span class='ocrx_word' id='word_1_502' title='bbox 1169 3169 1275 3218; x_wconf 88' lang='lat' dir='ltr'>Balaam</span> <span class='ocrx_word' id='word_1_503' title='bbox 1294 3167 1389 3218; x_wconf 90' lang='lat' dir='ltr'>harioli</span> <span class='ocrx_word' id='word_1_504' title='bbox 1406 3169 1458 3218; x_wconf 90' lang='grc'>348</span> <span class='ocrx_word' id='word_1_505' title='bbox 1478 3169 1495 3218; x_wconf 93' lang='grc'>6</span> <span class='ocrx_word' id='word_1_506' title='bbox 1845 3171 1978 3224; x_wconf 87' lang='lat' dir='ltr'>-debet</span> <span class='ocrx_word' id='word_1_507' title='bbox 1997 3171 2107 3236; x_wconf 82' lang='lat' dir='ltr'>vigilare</span> <span class='ocrx_word' id='word_1_508' title='bbox 2126 3171 2193 3224; x_wconf 90' lang='lat' dir='ltr'>circa</span> <span class='ocrx_word' id='word_1_509' title='bbox 2212 3185 2322 3236; x_wconf 79' lang='lat' dir='ltr'>gregem</span> <span class='ocrx_word' id='word_1_510' title='bbox 2341 3171 2391 3224; x_wconf 84' lang='lat' dir='ltr'>sthi</span> <span class='ocrx_word' id='word_1_511' title='bbox 2413 3183 2484 3224; x_wconf 88' lang='lat' dir='ltr'>com·</span> 
     </span>
     <span class='ocr_line' id='line_1_32' title="bbox 493 3251 2484 3326; baseline -0.001 -19"><span class='ocrx_word' id='word_1_512' title='bbox 493 3255 610 3306; x_wconf 88' lang='lat' dir='ltr'>carnales</span> <span class='ocrx_word' id='word_1_513' title='bbox 633 3253 672 3304; x_wconf 81' lang='lat' dir='ltr'>vll</span> <span class='ocrx_word' id='word_1_514' title='bbox 689 3251 743 3324; x_wconf 32' lang='grc'>,198</span> <span class='ocrx_word' id='word_1_515' title='bbox 764 3255 796 3306; x_wconf 90' lang='grc'>33</span> <span class='ocrx_word' id='word_1_516' title='bbox 818 3281 850 3290; x_wconf 92' lang='grc'>-</span> <span class='ocrx_word' id='word_1_517' title='bbox 869 3251 990 3304; x_wconf 88' lang='grc'>4666166</span> <span class='ocrx_word' id='word_1_518' title='bbox 1010 3251 1134 3308; x_wconf 88' lang='grc'>6661666</span> <span class='ocrx_word' id='word_1_519' title='bbox 1223 3281 1257 3292; x_wconf 89' lang='grc'>·-</span> <span class='ocrx_word' id='word_1_520' title='bbox 1276 3255 1491 3320; x_wconf 86' lang='grc'>66644641666666</span> <span class='ocrx_word' id='word_1_521' title='bbox 1514 3255 1599 3308; x_wconf 87' lang='grc'>664616</span> <span class='ocrx_word' id='word_1_522' title='bbox 1629 3255 1709 3308; x_wconf 88' lang='grc'>644666</span> <span class='ocrx_word' id='word_1_523' title='bbox 1731 3253 1810 3308; x_wconf 87' lang='grc'>46661</span> <span class='ocrx_word' id='word_1_524' title='bbox 1846 3263 1956 3314; x_wconf 81' lang='lat' dir='ltr'>missurn</span> <span class='ocrx_word' id='word_1_525' title='bbox 1975 3261 2019 3313; x_wconf 86' lang='grc'>1111</span> <span class='ocrx_word' id='word_1_526' title='bbox 2039 3259 2090 3314; x_wconf 76' lang='grc'>534</span> <span class='ocrx_word' id='word_1_527' title='bbox 2113 3261 2143 3312; x_wconf 77' lang='lat' dir='ltr'>fia</span> <span class='ocrx_word' id='word_1_528' title='bbox 2163 3257 2349 3314; x_wconf 83' lang='lat' dir='ltr'>-dehenrut</span> <span class='ocrx_word' id='word_1_529' title='bbox 2366 3267 2484 3326; x_wconf 78' lang='lat' dir='ltr'>pastores</span> 
     </span>
     <span class='ocr_line' id='line_1_33' title="bbox 412 3329 2062 3414; baseline 0 -22"><span class='ocrx_word' id='word_1_530' title='bbox 412 3359 416 3370; x_wconf 84' lang='lat'>·</span> <span class='ocrx_word' id='word_1_531' title='bbox 461 3329 617 3396; x_wconf 53' lang='lat' dir='ltr'>[exhibere</span> <span class='ocrx_word' id='word_1_532' title='bbox 630 3339 775 3406; x_wconf 85' lang='lat' dir='ltr'>benignum</span> <span class='ocrx_word' id='word_1_533' title='bbox 787 3341 815 3392; x_wconf 92' lang='lat' dir='ltr'>iu</span> <span class='ocrx_word' id='word_1_534' title='bbox 829 3341 912 3404; x_wconf 85' lang='lat' dir='ltr'>siguo,</span> <span class='ocrx_word' id='word_1_535' title='bbox 924 3339 1010 3392; x_wconf 90' lang='lat' dir='ltr'>verbo</span> <span class='ocrx_word' id='word_1_536' title='bbox 1022 3345 1045 3392; x_wconf 92' lang='grc'>64</span> <span class='ocrx_word' id='word_1_537' title='bbox 1065 3343 1133 3394; x_wconf 88' lang='lat' dir='ltr'>lacto</span> <span class='ocrx_word' id='word_1_538' title='bbox 1168 3341 1263 3394; x_wconf 81' lang='lat' dir='ltr'>uitium</span> <span class='ocrx_word' id='word_1_539' title='bbox 1290 3341 1809 3408; x_wconf 75' lang='grc'>666141464167113186-66661116</span> <span class='ocrx_word' id='word_1_540' title='bbox 1844 3349 1956 3414; x_wconf 71' lang='lat' dir='ltr'>vigilare</span> <span class='ocrx_word' id='word_1_541' title='bbox 1975 3347 2008 3400; x_wconf 78' lang='grc'>48</span> <span class='ocrx_word' id='word_1_542' title='bbox 2027 3349 2062 3400; x_wconf 83' lang='grc'>49</span> 
     </span>
     <span class='ocr_line' id='line_1_34' title="bbox 494 3417 2481 3502; baseline 0.003 -20"><span class='ocrx_word' id='word_1_543' title='bbox 494 3431 545 3484; x_wconf 88' lang='grc'>333</span> <span class='ocrx_word' id='word_1_544' title='bbox 569 3431 600 3482; x_wconf 88' lang='grc'>49</span> <span class='ocrx_word' id='word_1_545' title='bbox 961 3491 962 3494; x_wconf 10' lang='lat'>¹</span> <span class='ocrx_word' id='word_1_546' title='bbox 1167 3429 1196 3482; x_wconf 93' lang='lat' dir='ltr'>in</span> <span class='ocrx_word' id='word_1_547' title='bbox 1214 3431 1395 3494; x_wconf 86' lang='lat' dir='ltr'>praedicatore</span> <span class='ocrx_word' id='word_1_548' title='bbox 1413 3435 1539 3494; x_wconf 88' lang='grc'>66666661</span> <span class='ocrx_word' id='word_1_549' title='bbox 1553 3431 1617 3482; x_wconf 91' lang='lat' dir='ltr'>iram</span> <span class='ocrx_word' id='word_1_550' title='bbox 1637 3431 1685 3482; x_wconf 90' lang='grc'>4464</span> <span class='ocrx_word' id='word_1_551' title='bbox 1702 3427 1809 3482; x_wconf 83' lang='grc'>1644.-</span> <span class='ocrx_word' id='word_1_552' title='bbox 1898 3437 2080 3502; x_wconf 84' lang='lat' dir='ltr'>-liguratur</span> <span class='ocrx_word' id='word_1_553' title='bbox 2106 3437 2132 3488; x_wconf 94' lang='grc'>16</span> <span class='ocrx_word' id='word_1_554' title='bbox 2150 3437 2295 3490; x_wconf 89' lang='grc'>6166616616</span> <span class='ocrx_word' id='word_1_555' title='bbox 2315 3419 2427 3490; x_wconf 82' lang='grc'>111373</span> <span class='ocrx_word' id='word_1_556' title='bbox 2446 3417 2481 3490; x_wconf 90' lang='grc'>64</span> 
     </span>
     <span class='ocr_line' id='line_1_35' title="bbox 548 3505 2464 3590; baseline -0.001 -20"><span class='ocrx_word' id='word_1_557' title='bbox 548 3519 717 3584; x_wconf 83' lang='lat' dir='ltr'>-gloriam</span> <span class='ocrx_word' id='word_1_558' title='bbox 743 3517 879 3572; x_wconf 89' lang='lat' dir='ltr'>habebunt</span> <span class='ocrx_word' id='word_1_559' title='bbox 907 3519 942 3570; x_wconf 92' lang='lat' dir='ltr'>de</span> <span class='ocrx_word' id='word_1_560' title='bbox 966 3519 1134 3572; x_wconf 83' lang='lat' dir='ltr'>universitate</span> <span class='ocrx_word' id='word_1_561' title='bbox 1169 3517 1251 3572; x_wconf 90' lang='lat' dir='ltr'>dehet</span> <span class='ocrx_word' id='word_1_562' title='bbox 1269 3519 1382 3570; x_wconf 87' lang='lat' dir='ltr'>maxime</span> <span class='ocrx_word' id='word_1_563' title='bbox 1403 3521 1487 3572; x_wconf 80' lang='lat' dir='ltr'>vitare</span> <span class='ocrx_word' id='word_1_564' title='bbox 1515 3519 1808 3584; x_wconf 88' lang='grc'>464661166416643198</span> <span class='ocrx_word' id='word_1_565' title='bbox 1844 3553 1881 3566; x_wconf 87' lang='grc'>..</span> <span class='ocrx_word' id='word_1_566' title='bbox 1899 3505 2027 3590; x_wconf 68' lang='lat' dir='ltr'>figuratur</span> <span class='ocrx_word' id='word_1_567' title='bbox 2047 3527 2071 3578; x_wconf 77' lang='lat' dir='ltr'>iu</span> <span class='ocrx_word' id='word_1_568' title='bbox 2090 3527 2144 3578; x_wconf 74' lang='lat' dir='ltr'>Nou</span> <span class='ocrx_word' id='word_1_569' title='bbox 2164 3525 2214 3578; x_wconf 80' lang='grc'>446</span> <span class='ocrx_word' id='word_1_570' title='bbox 2235 3525 2266 3578; x_wconf 79' lang='lat'>58</span> <span class='ocrx_word' id='word_1_571' title='bbox 2463 3517 2464 3520; x_wconf 74' lang='grc'>’</span> 
     </span>
     <span class='ocr_line' id='line_1_36' title="bbox 493 3605 2483 3678; baseline 0.001 -22"><span class='ocrx_word' id='word_1_572' title='bbox 493 3607 609 3662; x_wconf 75' lang='grc'>4444644116]</span> <span class='ocrx_word' id='word_1_573' title='bbox 625 3607 868 3660; x_wconf 75' lang='lat' dir='ltr'>conversorumb&#39;ii</span> <span class='ocrx_word' id='word_1_574' title='bbox 885 3607 933 3658; x_wconf 84' lang='grc'>483</span> <span class='ocrx_word' id='word_1_575' title='bbox 950 3607 1068 3658; x_wconf 86' lang='grc'>30-411</span> <span class='ocrx_word' id='word_1_576' title='bbox 1081 3607 1134 3670; x_wconf 74' lang='lat' dir='ltr'>gio·</span> <span class='ocrx_word' id='word_1_577' title='bbox 1168 3605 1809 3672; x_wconf 71' lang='grc' dir='ltr'>-Ρ669144334074414184144441441611411466068116144</span> <span class='ocrx_word' id='word_1_578' title='bbox 1897 3617 1934 3652; x_wconf 88' lang='grc'>-’</span> <span class='ocrx_word' id='word_1_579' title='bbox 1952 3614 2079 3678; x_wconf 78' lang='lat' dir='ltr'>templum</span> <span class='ocrx_word' id='word_1_580' title='bbox 2092 3613 2220 3666; x_wconf 76' lang='lat' dir='ltr'>Ecclesiae</span> <span class='ocrx_word' id='word_1_581' title='bbox 2234 3611 2483 3668; x_wconf 73' lang='lat' dir='ltr'>debentagdifiggre</span> 
     </span>
     <span class='ocr_line' id='line_1_37' title="bbox 491 3693 2484 3768; baseline 0.003 -22"><span class='ocrx_word' id='word_1_582' title='bbox 491 3695 560 3746; x_wconf 90' lang='lat' dir='ltr'>riam</span> <span class='ocrx_word' id='word_1_583' title='bbox 580 3693 785 3760; x_wconf 86' lang='lat' dir='ltr'>praedicantium</span> <span class='ocrx_word' id='word_1_584' title='bbox 804 3701 883 3748; x_wconf 91' lang='grc'>66664</span> <span class='ocrx_word' id='word_1_585' title='bbox 900 3695 991 3760; x_wconf 90' lang='grc'>666611</span> <span class='ocrx_word' id='word_1_586' title='bbox 1012 3695 1134 3746; x_wconf 84' lang='lat' dir='ltr'>conversi</span> <span class='ocrx_word' id='word_1_587' title='bbox 1169 3695 1327 3748; x_wconf 84' lang='lat' dir='ltr'>adhaerere:</span> <span class='ocrx_word' id='word_1_588' title='bbox 1345 3695 1428 3746; x_wconf 89' lang='lat' dir='ltr'>inanis</span> <span class='ocrx_word' id='word_1_589' title='bbox 1448 3693 1559 3758; x_wconf 87' lang='lat' dir='ltr'>gloriae,</span> <span class='ocrx_word' id='word_1_590' title='bbox 1578 3695 1764 3758; x_wconf 79' lang='lat' dir='ltr'>indignationis</span> <span class='ocrx_word' id='word_1_591' title='bbox 1782 3701 1809 3746; x_wconf 91' lang='lat' dir='ltr'>et</span> <span class='ocrx_word' id='word_1_592' title='bbox 1844 3699 1929 3752; x_wconf 81' lang='grc'>66666</span> <span class='ocrx_word' id='word_1_593' title='bbox 1947 3701 2160 3766; x_wconf 90' lang='lat' dir='ltr'>praedicationis,</span> <span class='ocrx_word' id='word_1_594' title='bbox 2180 3715 2273 3754; x_wconf 90' lang='lat' dir='ltr'>ornare</span> <span class='ocrx_word' id='word_1_595' title='bbox 2292 3703 2410 3768; x_wconf 90' lang='lat' dir='ltr'>exemplo</span> <span class='ocrx_word' id='word_1_596' title='bbox 2425 3717 2484 3756; x_wconf 88' lang='lat' dir='ltr'>con·</span> 
     </span>
     <span class='ocr_line' id='line_1_38' title="bbox 495 3783 2484 3854; baseline 0.003 -18"><span class='ocrx_word' id='word_1_597' title='bbox 495 3783 545 3836; x_wconf 89' lang='grc'>483</span> <span class='ocrx_word' id='word_1_598' title='bbox 566 3785 600 3836; x_wconf 92' lang='grc'>38</span> <span class='ocrx_word' id='word_1_599' title='bbox 1169 3785 1354 3850; x_wconf 89' lang='lat' dir='ltr'>impatientiae,</span> <span class='ocrx_word' id='word_1_600' title='bbox 1368 3785 1518 3848; x_wconf 84' lang='lat' dir='ltr'>cupiditatis</span> <span class='ocrx_word' id='word_1_601' title='bbox 1529 3789 1557 3836; x_wconf 88' lang='grc'>64</span> <span class='ocrx_word' id='word_1_602' title='bbox 1570 3783 1694 3836; x_wconf 71' lang='lat' dir='ltr'>avaritiae</span> <span class='ocrx_word' id='word_1_603' title='bbox 1709 3783 1760 3836; x_wconf 75' lang='grc'>458</span> <span class='ocrx_word' id='word_1_604' title='bbox 1773 3785 1808 3836; x_wconf 78' lang='grc'>20</span> <span class='ocrx_word' id='word_1_605' title='bbox 1844 3791 2015 3854; x_wconf 74' lang='lat' dir='ltr'>versationis,</span> <span class='ocrx_word' id='word_1_606' title='bbox 2034 3791 2166 3844; x_wconf 89' lang='lat' dir='ltr'>custodire</span> <span class='ocrx_word' id='word_1_607' title='bbox 2180 3791 2313 3854; x_wconf 83' lang='lat' dir='ltr'>vigilantia</span> <span class='ocrx_word' id='word_1_608' title='bbox 2332 3791 2484 3844; x_wconf 86' lang='lat' dir='ltr'>sollicitudi-</span> 
     </span>
     <span class='ocr_line' id='line_1_39' title="bbox 546 3869 2484 3944; baseline 0.007 -24"><span class='ocrx_word' id='word_1_609' title='bbox 546 3899 585 3912; x_wconf 87' lang='lat'>-</span> <span class='ocrx_word' id='word_1_610' title='bbox 601 3869 659 3924; x_wconf 88' lang='grc'>6664</span> <span class='ocrx_word' id='word_1_611' title='bbox 677 3879 807 3938; x_wconf 87' lang='grc'>66666661</span> <span class='ocrx_word' id='word_1_612' title='bbox 831 3873 913 3926; x_wconf 91' lang='lat' dir='ltr'>solum</span> <span class='ocrx_word' id='word_1_613' title='bbox 939 3875 986 3926; x_wconf 91' lang='grc'>1461</span> <span class='ocrx_word' id='word_1_614' title='bbox 1006 3877 1134 3928; x_wconf 89' lang='lat' dir='ltr'>honorem</span> <span class='ocrx_word' id='word_1_615' title='bbox 1221 3875 1437 3926; x_wconf 70' lang='grc'>1466666666-</span> <span class='ocrx_word' id='word_1_616' title='bbox 1463 3873 1539 3938; x_wconf 84' lang='lat' dir='ltr'>Quod</span> <span class='ocrx_word' id='word_1_617' title='bbox 1569 3873 1728 3938; x_wconf 84' lang='lat' dir='ltr'>praedicitur</span> <span class='ocrx_word' id='word_1_618' title='bbox 1757 3887 1809 3926; x_wconf 88' lang='grc'>666</span> <span class='ocrx_word' id='word_1_619' title='bbox 1845 3879 2484 3944; x_wconf 77' lang='grc'>61666616661161115497-466616666146·</span> 
     </span>
    </p>
   </div>
   <div class='ocr_carea' id='block_1_4' title="bbox 412 3959 2485 4034">
    <p class='ocr_par' dir='ltr' id='par_1_7' title="bbox 412 3959 2485 4034">
     <span class='ocr_line' id='line_1_40' title="bbox 412 3959 2485 4034; baseline 0.004 -21"><span class='ocrx_word' id='word_1_620' title='bbox 412 3975 413 3980; x_wconf 50' lang='lat'>¹</span> <span class='ocrx_word' id='word_1_621' title='bbox 494 3971 520 4014; x_wconf 89' lang='lat' dir='ltr'>et</span> <span class='ocrx_word' id='word_1_622' title='bbox 538 3959 707 4014; x_wconf 88' lang='grc'>6664146666</span> <span class='ocrx_word' id='word_1_623' title='bbox 724 3961 1134 4014; x_wconf 78' lang='grc'>661616611134693-6166·</span> <span class='ocrx_word' id='word_1_624' title='bbox 1169 3963 1251 4014; x_wconf 88' lang='grc'>661166</span> <span class='ocrx_word' id='word_1_625' title='bbox 1263 3961 1473 4016; x_wconf 89' lang='lat' dir='ltr'>certitudinaliter</span> <span class='ocrx_word' id='word_1_626' title='bbox 1493 3961 1647 4016; x_wconf 85' lang='grc'>6466661646</span> <span class='ocrx_word' id='word_1_627' title='bbox 1662 3963 1695 4014; x_wconf 87' lang='lat' dir='ltr'>Vl</span> <span class='ocrx_word' id='word_1_628' title='bbox 1710 3959 1761 4014; x_wconf 89' lang='grc'>435</span> <span class='ocrx_word' id='word_1_629' title='bbox 1773 3963 1809 4014; x_wconf 86' lang='grc'>55</span> <span class='ocrx_word' id='word_1_630' title='bbox 1845 3983 1925 4034; x_wconf 80' lang='lat' dir='ltr'>neris,</span> <span class='ocrx_word' id='word_1_631' title='bbox 1945 3973 1971 4020; x_wconf 91' lang='grc'>64</span> <span class='ocrx_word' id='word_1_632' title='bbox 1991 3967 2121 4022; x_wconf 89' lang='lat' dir='ltr'>Christum</span> <span class='ocrx_word' id='word_1_633' title='bbox 2140 3967 2167 4018; x_wconf 92' lang='lat' dir='ltr'>in</span> <span class='ocrx_word' id='word_1_634' title='bbox 2187 3967 2313 4022; x_wconf 87' lang='grc'>64666646</span> <span class='ocrx_word' id='word_1_635' title='bbox 2329 3971 2384 4022; x_wconf 88' lang='grc'>6616</span> <span class='ocrx_word' id='word_1_636' title='bbox 2402 3969 2485 4022; x_wconf 88' lang='lat' dir='ltr'>eruci·</span> 
     </span>
    </p>
   </div>
   <div class='ocr_carea' id='block_1_5' title="bbox 494 4047 2485 4202">
    <p class='ocr_par' dir='ltr' id='par_1_8' title="bbox 494 4047 2485 4202">
     <span class='ocr_line' id='line_1_41' title="bbox 494 4047 2485 4124; baseline 0.005 -22"><span class='ocrx_word' id='word_1_637' title='bbox 494 4049 593 4102; x_wconf 86' lang='lat' dir='ltr'>cerarii</span> <span class='ocrx_word' id='word_1_638' title='bbox 610 4055 670 4102; x_wconf 86' lang='grc'>6664</span> <span class='ocrx_word' id='word_1_639' title='bbox 688 4047 734 4116; x_wconf 88' lang='grc'>664</span> <span class='ocrx_word' id='word_1_640' title='bbox 754 4049 904 4114; x_wconf 89' lang='lat' dir='ltr'>praedicant</span> <span class='ocrx_word' id='word_1_641' title='bbox 918 4065 968 4114; x_wconf 91' lang='lat' dir='ltr'>pro</span> <span class='ocrx_word' id='word_1_642' title='bbox 980 4049 1134 4114; x_wconf 90' lang='lat' dir='ltr'>commodo,</span> <span class='ocrx_word' id='word_1_643' title='bbox 1222 4053 1492 4104; x_wconf 76' lang='grc'>96666666-14666</span> <span class='ocrx_word' id='word_1_644' title='bbox 1515 4065 1637 4116; x_wconf 89' lang='lat' dir='ltr'>praeesse</span> <span class='ocrx_word' id='word_1_645' title='bbox 1660 4057 1701 4104; x_wconf 87' lang='lat' dir='ltr'>est</span> <span class='ocrx_word' id='word_1_646' title='bbox 1724 4051 1809 4104; x_wconf 91' lang='lat' dir='ltr'>domi·</span> <span class='ocrx_word' id='word_1_647' title='bbox 1845 4057 1927 4108; x_wconf 82' lang='lat' dir='ltr'>hxnm</span> <span class='ocrx_word' id='word_1_648' title='bbox 1946 4055 2070 4122; x_wconf 87' lang='lat' dir='ltr'>suscipiat</span> <span class='ocrx_word' id='word_1_649' title='bbox 2087 4059 2241 4110; x_wconf 90' lang='lat' dir='ltr'>etcollocet</span> <span class='ocrx_word' id='word_1_650' title='bbox 2259 4057 2284 4108; x_wconf 92' lang='lat' dir='ltr'>in</span> <span class='ocrx_word' id='word_1_651' title='bbox 2305 4059 2388 4110; x_wconf 92' lang='lat' dir='ltr'>locum</span> <span class='ocrx_word' id='word_1_652' title='bbox 2409 4057 2485 4124; x_wconf 91' lang='lat' dir='ltr'>quie·</span> 
     </span>
     <span class='ocr_line' id='line_1_42' title="bbox 494 4137 2483 4202; baseline 0.004 -12"><span class='ocrx_word' id='word_1_653' title='bbox 494 4143 584 4190; x_wconf 89' lang='lat' dir='ltr'>tamen</span> <span class='ocrx_word' id='word_1_654' title='bbox 596 4151 658 4190; x_wconf 85' lang='lat' dir='ltr'>vera</span> <span class='ocrx_word' id='word_1_655' title='bbox 671 4143 699 4190; x_wconf 88' lang='grc'>64</span> <span class='ocrx_word' id='word_1_656' title='bbox 710 4137 792 4202; x_wconf 91' lang='grc'>6666,</span> <span class='ocrx_word' id='word_1_657' title='bbox 813 4145 838 4192; x_wconf 89' lang='grc'>64</span> <span class='ocrx_word' id='word_1_658' title='bbox 856 4145 917 4192; x_wconf 90' lang='lat' dir='ltr'>sunt</span> <span class='ocrx_word' id='word_1_659' title='bbox 933 4139 1057 4192; x_wconf 85' lang='lat' dir='ltr'>tolerandi</span> <span class='ocrx_word' id='word_1_660' title='bbox 1073 4137 1133 4194; x_wconf 85' lang='lat' dir='ltr'>ibid.</span> <span class='ocrx_word' id='word_1_661' title='bbox 1169 4139 1227 4190; x_wconf 91' lang='grc'>6661</span> <span class='ocrx_word' id='word_1_662' title='bbox 1246 4141 1271 4192; x_wconf 92' lang='grc'>46</span> <span class='ocrx_word' id='word_1_663' title='bbox 1289 4139 1391 4192; x_wconf 89' lang='lat' dir='ltr'>honum</span> <span class='ocrx_word' id='word_1_664' title='bbox 1409 4153 1488 4193; x_wconf 91' lang='lat' dir='ltr'>suum</span> <span class='ocrx_word' id='word_1_665' title='bbox 1510 4139 1539 4190; x_wconf 73' lang='lat' dir='ltr'>lll</span> <span class='ocrx_word' id='word_1_666' title='bbox 1561 4139 1592 4192; x_wconf 87' lang='grc'>67</span> <span class='ocrx_word' id='word_1_667' title='bbox 1614 4155 1640 4192; x_wconf 87' lang='grc'>6.</span> <span class='ocrx_word' id='word_1_668' title='bbox 1658 4139 1722 4190; x_wconf 81' lang='lat' dir='ltr'>il·-</span> <span class='ocrx_word' id='word_1_669' title='bbox 1743 4141 1809 4190; x_wconf 86' lang='lat' dir='ltr'>lucr·</span> <span class='ocrx_word' id='word_1_670' title='bbox 1844 4145 2315 4198; x_wconf 82' lang='grc'>41661666166466416666666416116</span> <span class='ocrx_word' id='word_1_671' title='bbox 2333 4145 2385 4198; x_wconf 87' lang='grc'>584</span> <span class='ocrx_word' id='word_1_672' title='bbox 2399 4147 2433 4198; x_wconf 91' lang='grc'>63</span> <span class='ocrx_word' id='word_1_673' title='bbox 2447 4173 2483 4184; x_wconf 92' lang='grc'>-</span> 
     </span>
    </p>
   </div>
   <div class='ocr_carea' id='block_1_6' title="bbox 405 4221 2564 4390">
    <p class='ocr_par' dir='ltr' id='par_1_9' title="bbox 405 4221 2564 4390">
     <span class='ocr_line' id='line_1_43' title="bbox 494 4221 2564 4292; baseline 0.001 -12"><span class='ocrx_word' id='word_1_674' title='bbox 494 4255 528 4264; x_wconf 81' lang='lat'>—-</span> <span class='ocrx_word' id='word_1_675' title='bbox 551 4223 619 4290; x_wconf 92' lang='lat' dir='ltr'>Lupi</span> <span class='ocrx_word' id='word_1_676' title='bbox 639 4221 817 4292; x_wconf 88' lang='grc'>666466116</span> <span class='ocrx_word' id='word_1_677' title='bbox 843 4227 960 4280; x_wconf 92' lang='lat' dir='ltr'>doctrina</span> <span class='ocrx_word' id='word_1_678' title='bbox 983 4229 1134 4280; x_wconf 79' lang='lat' dir='ltr'>veritatisa</span> <span class='ocrx_word' id='word_1_679' title='bbox 1169 4229 1268 4280; x_wconf 89' lang='lat' dir='ltr'>dinatio</span> <span class='ocrx_word' id='word_1_680' title='bbox 1286 4235 1326 4280; x_wconf 89' lang='lat' dir='ltr'>est</span> <span class='ocrx_word' id='word_1_681' title='bbox 1343 4229 1488 4292; x_wconf 88' lang='lat' dir='ltr'>praelicere</span> <span class='ocrx_word' id='word_1_682' title='bbox 1511 4229 1609 4280; x_wconf 89' lang='lat' dir='ltr'>malum</span> <span class='ocrx_word' id='word_1_683' title='bbox 1629 4233 1674 4280; x_wconf 89' lang='lat' dir='ltr'>aut</span> <span class='ocrx_word' id='word_1_684' title='bbox 1700 4229 1808 4280; x_wconf 90' lang='lat' dir='ltr'>stultum</span> <span class='ocrx_word' id='word_1_685' title='bbox 1896 4263 1934 4270; x_wconf 82' lang='grc'>-</span> <span class='ocrx_word' id='word_1_686' title='bbox 1952 4233 2031 4286; x_wconf 81' lang='grc'>46664</span> <span class='ocrx_word' id='word_1_687' title='bbox 2051 4247 2108 4286; x_wconf 82' lang='lat' dir='ltr'>usse</span> <span class='ocrx_word' id='word_1_688' title='bbox 2127 4235 2168 4284; x_wconf 84' lang='grc'>616</span> <span class='ocrx_word' id='word_1_689' title='bbox 2189 4231 2274 4286; x_wconf 86' lang='lat' dir='ltr'>honus</span> <span class='ocrx_word' id='word_1_690' title='bbox 2294 4241 2319 4286; x_wconf 82' lang='lat' dir='ltr'>ut</span> <span class='ocrx_word' id='word_1_691' title='bbox 2337 4235 2421 4286; x_wconf 84' lang='lat' dir='ltr'>iustus</span> <span class='ocrx_word' id='word_1_692' title='bbox 2438 4235 2483 4286; x_wconf 87' lang='lat' dir='ltr'>Vll</span> <span class='ocrx_word' id='word_1_693' title='bbox 2562 4229 2564 4236; x_wconf 79' lang='grc'>’</span> 
     </span>
     <span class='ocr_line' id='line_1_44' title="bbox 405 4313 2484 4390; baseline 0.005 -28"><span class='ocrx_word' id='word_1_694' title='bbox 405 4357 406 4362; x_wconf 73' lang='grc'>,</span> <span class='ocrx_word' id='word_1_695' title='bbox 494 4313 595 4370; x_wconf 92' lang='lat' dir='ltr'>Christo</span> <span class='ocrx_word' id='word_1_696' title='bbox 614 4315 856 4380; x_wconf 87' lang='lat' dir='ltr'>discordant,sicut</span> <span class='ocrx_word' id='word_1_697' title='bbox 875 4317 1056 4390; x_wconf 63' lang='grc'>6666666664</span> <span class='ocrx_word' id='word_1_698' title='bbox 1074 4325 1135 4370; x_wconf 90' lang='grc'>6664</span> <span class='ocrx_word' id='word_1_699' title='bbox 1169 4321 1214 4370; x_wconf 92' lang='lat' dir='ltr'>aut</span> <span class='ocrx_word' id='word_1_700' title='bbox 1232 4317 1350 4370; x_wconf 90' lang='lat' dir='ltr'>inutilem</span> <span class='ocrx_word' id='word_1_701' title='bbox 1370 4323 1415 4370; x_wconf 91' lang='lat' dir='ltr'>aut</span> <span class='ocrx_word' id='word_1_702' title='bbox 1434 4317 1573 4370; x_wconf 84' lang='lat' dir='ltr'>remissum</span> <span class='ocrx_word' id='word_1_703' title='bbox 1586 4319 1621 4368; x_wconf 90' lang='grc'>83</span> <span class='ocrx_word' id='word_1_704' title='bbox 1635 4331 1660 4368; x_wconf 90' lang='grc'>6.</span> <span class='ocrx_word' id='word_1_705' title='bbox 1682 4317 1809 4382; x_wconf 74' lang='grc'>8-4461</span> <span class='ocrx_word' id='word_1_706' title='bbox 1844 4321 1896 4374; x_wconf 79' lang='grc'>364</span> <span class='ocrx_word' id='word_1_707' title='bbox 1918 4323 1950 4374; x_wconf 86' lang='grc'>63</span> <span class='ocrx_word' id='word_1_708' title='bbox 1969 4349 2005 4362; x_wconf 85' lang='grc'>--</span> <span class='ocrx_word' id='word_1_709' title='bbox 2023 4321 2103 4376; x_wconf 82' lang='lat' dir='ltr'>dehet</span> <span class='ocrx_word' id='word_1_710' title='bbox 2121 4337 2178 4374; x_wconf 86' lang='lat' dir='ltr'>esse</span> <span class='ocrx_word' id='word_1_711' title='bbox 2195 4321 2238 4374; x_wconf 91' lang='grc'>646</span> <span class='ocrx_word' id='word_1_712' title='bbox 2255 4337 2309 4376; x_wconf 82' lang='grc'>666</span> <span class='ocrx_word' id='word_1_713' title='bbox 2326 4329 2484 4376; x_wconf 83' lang='grc'>466464666-</span> 
     </span>
    </p>
   </div>
   <div class='ocr_carea' id='block_1_7' title="bbox 492 4403 2487 6426">
    <p class='ocr_par' dir='ltr' id='par_1_10' title="bbox 492 4403 2487 6426">
     <span class='ocr_line' id='line_1_45' title="bbox 494 4403 2484 4474; baseline 0.005 -18"><span class='ocrx_word' id='word_1_714' title='bbox 494 4403 600 4458; x_wconf 86' lang='grc'>6666641</span> <span class='ocrx_word' id='word_1_715' title='bbox 618 4403 680 4458; x_wconf 82' lang='lat' dir='ltr'>thia.</span> <span class='ocrx_word' id='word_1_716' title='bbox 693 4433 726 4444; x_wconf 84' lang='lat'>-</span> <span class='ocrx_word' id='word_1_717' title='bbox 739 4405 865 4460; x_wconf 89' lang='lat' dir='ltr'>remissus</span> <span class='ocrx_word' id='word_1_718' title='bbox 879 4409 1045 4474; x_wconf 78' lang='lat' dir='ltr'>persequitur</span> <span class='ocrx_word' id='word_1_719' title='bbox 1062 4407 1136 4460; x_wconf 89' lang='lat' dir='ltr'>Chri·</span> <span class='ocrx_word' id='word_1_720' title='bbox 1169 4405 1356 4470; x_wconf 86' lang='grc'>666666466466</span> <span class='ocrx_word' id='word_1_721' title='bbox 1376 4405 1473 4460; x_wconf 89' lang='lat' dir='ltr'>ratione</span> <span class='ocrx_word' id='word_1_722' title='bbox 1488 4406 1635 4472; x_wconf 85' lang='lat' dir='ltr'>parentelae</span> <span class='ocrx_word' id='word_1_723' title='bbox 1646 4421 1699 4458; x_wconf 93' lang='grc'>666</span> <span class='ocrx_word' id='word_1_724' title='bbox 1712 4405 1809 4460; x_wconf 89' lang='lat' dir='ltr'>intrant</span> <span class='ocrx_word' id='word_1_725' title='bbox 1845 4427 1893 4474; x_wconf 81' lang='lat' dir='ltr'>nn,</span> <span class='ocrx_word' id='word_1_726' title='bbox 1913 4411 1959 4466; x_wconf 86' lang='lat' dir='ltr'>sed</span> <span class='ocrx_word' id='word_1_727' title='bbox 1980 4417 2063 4464; x_wconf 87' lang='lat' dir='ltr'>aetate</span> <span class='ocrx_word' id='word_1_728' title='bbox 2080 4417 2108 4464; x_wconf 92' lang='lat' dir='ltr'>et</span> <span class='ocrx_word' id='word_1_729' title='bbox 2126 4411 2246 4464; x_wconf 78' lang='lat' dir='ltr'>virilitate</span> <span class='ocrx_word' id='word_1_730' title='bbox 2263 4411 2325 4466; x_wconf 81' lang='lat' dir='ltr'>ibid.</span> <span class='ocrx_word' id='word_1_731' title='bbox 2337 4439 2375 4452; x_wconf 92' lang='lat'><em>-</em></span> <span class='ocrx_word' id='word_1_732' title='bbox 2387 4415 2414 4466; x_wconf 94' lang='lat' dir='ltr'>ln</span> <span class='ocrx_word' id='word_1_733' title='bbox 2427 4427 2484 4466; x_wconf 89' lang='lat' dir='ltr'>sau·</span> 
     </span>
     <span class='ocr_line' id='line_1_46' title="bbox 493 4493 2484 4566; baseline 0.001 -20"><span class='ocrx_word' id='word_1_734' title='bbox 493 4493 723 4548; x_wconf 84' lang='lat' dir='ltr'>stumreritatem</span> <span class='ocrx_word' id='word_1_735' title='bbox 743 4509 773 4548; x_wconf 87' lang='lat' dir='ltr'>ex</span> <span class='ocrx_word' id='word_1_736' title='bbox 792 4495 911 4562; x_wconf 90' lang='lat' dir='ltr'>populari</span> <span class='ocrx_word' id='word_1_737' title='bbox 938 4497 1021 4560; x_wconf 88' lang='lat' dir='ltr'>gratia</span> <span class='ocrx_word' id='word_1_738' title='bbox 1039 4497 1081 4548; x_wconf 85' lang='lat' dir='ltr'>nel</span> <span class='ocrx_word' id='word_1_739' title='bbox 1100 4499 1134 4548; x_wconf 90' lang='lat' dir='ltr'>la·</span> <span class='ocrx_word' id='word_1_740' title='bbox 1169 4509 1216 4560; x_wconf 89' lang='lat' dir='ltr'>per</span> <span class='ocrx_word' id='word_1_741' title='bbox 1235 4493 1330 4546; x_wconf 91' lang='lat' dir='ltr'>ostium</span> <span class='ocrx_word' id='word_1_742' title='bbox 1349 4499 1377 4546; x_wconf 91' lang='lat' dir='ltr'>et</span> <span class='ocrx_word' id='word_1_743' title='bbox 1403 4495 1496 4548; x_wconf 90' lang='lat' dir='ltr'>volont</span> <span class='ocrx_word' id='word_1_744' title='bbox 1522 4493 1658 4558; x_wconf 86' lang='lat' dir='ltr'>possidere</span> <span class='ocrx_word' id='word_1_745' title='bbox 1685 4495 1807 4562; x_wconf 86' lang='lat' dir='ltr'>patrimo·</span> <span class='ocrx_word' id='word_1_746' title='bbox 1844 4499 1891 4552; x_wconf 80' lang='lat' dir='ltr'>eus</span> <span class='ocrx_word' id='word_1_747' title='bbox 1910 4501 2032 4564; x_wconf 80' lang='lat' dir='ltr'>praeturis</span> <span class='ocrx_word' id='word_1_748' title='bbox 2052 4505 2089 4552; x_wconf 82' lang='lat' dir='ltr'>est</span> <span class='ocrx_word' id='word_1_749' title='bbox 2109 4499 2217 4552; x_wconf 78' lang='grc'>6461666</span> <span class='ocrx_word' id='word_1_750' title='bbox 2231 4505 2254 4552; x_wconf 83' lang='lat' dir='ltr'>et</span> <span class='ocrx_word' id='word_1_751' title='bbox 2266 4501 2484 4566; x_wconf 53' lang='grc'>6664666666-</span> 
     </span>
     <span class='ocr_line' id='line_1_47' title="bbox 492 4581 2483 4654; baseline 0.005 -20"><span class='ocrx_word' id='word_1_752' title='bbox 492 4581 610 4634; x_wconf 73' lang='grc'>6666141</span> <span class='ocrx_word' id='word_1_753' title='bbox 632 4581 712 4634; x_wconf 85' lang='grc'>6151</span> <span class='ocrx_word' id='word_1_754' title='bbox 878 4623 879 4626; x_wconf 62' lang='lat'>,</span> <span class='ocrx_word' id='word_1_755' title='bbox 1009 4583 1010 4586; x_wconf 75' lang='grc'>’</span> <span class='ocrx_word' id='word_1_756' title='bbox 1169 4581 1243 4634; x_wconf 93' lang='lat' dir='ltr'>nium</span> <span class='ocrx_word' id='word_1_757' title='bbox 1262 4581 1354 4634; x_wconf 83' lang='lat' dir='ltr'>Christi</span> <span class='ocrx_word' id='word_1_758' title='bbox 1369 4583 1440 4634; x_wconf 90' lang='lat' dir='ltr'>titulo</span> <span class='ocrx_word' id='word_1_759' title='bbox 1452 4583 1625 4634; x_wconf 88' lang='lat' dir='ltr'>hereditariae</span> <span class='ocrx_word' id='word_1_760' title='bbox 1635 4581 1809 4634; x_wconf 89' lang='lat' dir='ltr'>successionis</span> <span class='ocrx_word' id='word_1_761' title='bbox 1844 4587 1949 4640; x_wconf 85' lang='lat' dir='ltr'>claritas</span> <span class='ocrx_word' id='word_1_762' title='bbox 1967 4595 1995 4640; x_wconf 90' lang='lat' dir='ltr'>et</span> <span class='ocrx_word' id='word_1_763' title='bbox 2010 4589 2143 4652; x_wconf 84' lang='lat' dir='ltr'>vigilantia</span> <span class='ocrx_word' id='word_1_764' title='bbox 2163 4589 2212 4640; x_wconf 92' lang='grc'>338</span> <span class='ocrx_word' id='word_1_765' title='bbox 2234 4589 2266 4642; x_wconf 92' lang='grc'>63</span> <span class='ocrx_word' id='word_1_766' title='bbox 2286 4617 2321 4628; x_wconf 90' lang='grc'>-</span> <span class='ocrx_word' id='word_1_767' title='bbox 2340 4589 2483 4654; x_wconf 87' lang='grc'>6616646·</span> 
     </span>
     <span class='ocr_line' id='line_1_48' title="bbox 545 4667 2483 4742; baseline -0.002 -20"><span class='ocrx_word' id='word_1_768' title='bbox 545 4669 1134 4738; x_wconf 77' lang='grc'>’-·66646664,66146614111144769-</span> <span class='ocrx_word' id='word_1_769' title='bbox 1171 4669 1216 4722; x_wconf 86' lang='grc'>581</span> <span class='ocrx_word' id='word_1_770' title='bbox 1238 4673 1288 4722; x_wconf 90' lang='grc'>6.1</span> <span class='ocrx_word' id='word_1_771' title='bbox 1308 4669 1404 4736; x_wconf 87' lang='lat' dir='ltr'>-Qui</span> <span class='ocrx_word' id='word_1_772' title='bbox 1420 4667 1808 4734; x_wconf 86' lang='lat' dir='ltr'>rrragistrosubiacente,cupit</span> <span class='ocrx_word' id='word_1_773' title='bbox 1844 4673 1906 4728; x_wconf 83' lang='lat' dir='ltr'>henr</span> <span class='ocrx_word' id='word_1_774' title='bbox 1932 4675 2483 4742; x_wconf 62' lang='grc'>6166666166166666,666666666066.</span> 
     </span>
     <span class='ocr_line' id='line_1_49' title="bbox 493 4755 2484 4830; baseline 0.003 -18"><span class='ocrx_word' id='word_1_775' title='bbox 493 4761 560 4824; x_wconf 89' lang='grc'>16166</span> <span class='ocrx_word' id='word_1_776' title='bbox 579 4757 773 4824; x_wconf 88' lang='lat' dir='ltr'>praedicatores</span> <span class='ocrx_word' id='word_1_777' title='bbox 797 4761 877 4826; x_wconf 87' lang='lat' dir='ltr'>aliqui</span> <span class='ocrx_word' id='word_1_778' title='bbox 902 4765 962 4814; x_wconf 92' lang='lat' dir='ltr'>sunt</span> <span class='ocrx_word' id='word_1_779' title='bbox 985 4759 1073 4824; x_wconf 89' lang='lat' dir='ltr'>electi,</span> <span class='ocrx_word' id='word_1_780' title='bbox 1091 4761 1134 4812; x_wconf 88' lang='lat' dir='ltr'>ali·</span> <span class='ocrx_word' id='word_1_781' title='bbox 1170 4773 1308 4824; x_wconf 88' lang='lat' dir='ltr'>praeesse,</span> <span class='ocrx_word' id='word_1_782' title='bbox 1330 4759 1487 4824; x_wconf 87' lang='lat' dir='ltr'>magistrum</span> <span class='ocrx_word' id='word_1_783' title='bbox 1513 4755 1683 4822; x_wconf 87' lang='grc'>6666466614</span> <span class='ocrx_word' id='word_1_784' title='bbox 1705 4771 1810 4822; x_wconf 89' lang='lat' dir='ltr'>pracce-</span> <span class='ocrx_word' id='word_1_785' title='bbox 1845 4765 1930 4830; x_wconf 86' lang='lat' dir='ltr'>ptloni</span> <span class='ocrx_word' id='word_1_786' title='bbox 1954 4765 2055 4818; x_wconf 82' lang='grc'>6116666</span> <span class='ocrx_word' id='word_1_787' title='bbox 2081 4765 2215 4830; x_wconf 85' lang='lat' dir='ltr'>negligant</span> <span class='ocrx_word' id='word_1_788' title='bbox 2243 4779 2318 4818; x_wconf 89' lang='lat' dir='ltr'>suam</span> <span class='ocrx_word' id='word_1_789' title='bbox 2342 4765 2391 4818; x_wconf 86' lang='grc'>437</span> <span class='ocrx_word' id='word_1_790' title='bbox 2412 4765 2428 4818; x_wconf 87' lang='grc'>7</span> <span class='ocrx_word' id='word_1_791' title='bbox 2446 4795 2484 4806; x_wconf 65' lang='grc'>-·</span> 
     </span>
     <span class='ocr_line' id='line_1_50' title="bbox 496 4845 2485 4922; baseline 0.003 -22"><span class='ocrx_word' id='word_1_792' title='bbox 496 4847 539 4916; x_wconf 89' lang='grc'>661</span> <span class='ocrx_word' id='word_1_793' title='bbox 560 4847 666 4912; x_wconf 89' lang='lat' dir='ltr'>reprobi</span> <span class='ocrx_word' id='word_1_794' title='bbox 686 4845 749 4900; x_wconf 82' lang='grc'>1614.</span> <span class='ocrx_word' id='word_1_795' title='bbox 770 4877 804 4886; x_wconf 94' lang='grc'><strong>-</strong></span> <span class='ocrx_word' id='word_1_796' title='bbox 827 4849 903 4914; x_wconf 88' lang='grc'>66664</span> <span class='ocrx_word' id='word_1_797' title='bbox 926 4857 987 4902; x_wconf 91' lang='lat' dir='ltr'>snut</span> <span class='ocrx_word' id='word_1_798' title='bbox 1009 4849 1133 4916; x_wconf 88' lang='lat' dir='ltr'>studiosi,</span> <span class='ocrx_word' id='word_1_799' title='bbox 1170 4847 1809 4900; x_wconf 82' lang='grc'>466611146494-41616661666666644616</span> <span class='ocrx_word' id='word_1_800' title='bbox 1846 4851 2019 4904; x_wconf 74' lang='grc'>6166616666</span> <span class='ocrx_word' id='word_1_801' title='bbox 2046 4857 2070 4904; x_wconf 86' lang='grc'>64</span> <span class='ocrx_word' id='word_1_802' title='bbox 2099 4853 2207 4904; x_wconf 89' lang='grc'>6116666</span> <span class='ocrx_word' id='word_1_803' title='bbox 2233 4855 2485 4922; x_wconf 82' lang='grc'>66616616666661·</span> 
     </span>
     <span class='ocr_line' id='line_1_51' title="bbox 494 4933 2484 5006; baseline 0 -16"><span class='ocrx_word' id='word_1_804' title='bbox 494 4939 583 5004; x_wconf 91' lang='lat' dir='ltr'>plures</span> <span class='ocrx_word' id='word_1_805' title='bbox 596 4943 690 4988; x_wconf 87' lang='lat' dir='ltr'>autem</span> <span class='ocrx_word' id='word_1_806' title='bbox 710 4937 830 4990; x_wconf 90' lang='lat' dir='ltr'>malitiosi</span> <span class='ocrx_word' id='word_1_807' title='bbox 849 4937 900 4990; x_wconf 89' lang='grc'>363</span> <span class='ocrx_word' id='word_1_808' title='bbox 921 4937 938 4988; x_wconf 93' lang='grc'>4</span> <span class='ocrx_word' id='word_1_809' title='bbox 1171 4937 1337 5002; x_wconf 92' lang='lat' dir='ltr'>praesidendi</span> <span class='ocrx_word' id='word_1_810' title='bbox 1352 4949 1399 5002; x_wconf 92' lang='lat' dir='ltr'>per</span> <span class='ocrx_word' id='word_1_811' title='bbox 1412 4937 1569 4988; x_wconf 88' lang='lat' dir='ltr'>documenta</span> <span class='ocrx_word' id='word_1_812' title='bbox 1588 4935 1742 5000; x_wconf 84' lang='lat' dir='ltr'>evangelica</span> <span class='ocrx_word' id='word_1_813' title='bbox 1758 4933 1809 4986; x_wconf 90' lang='grc'>469</span> <span class='ocrx_word' id='word_1_814' title='bbox 1845 4953 1905 4994; x_wconf 88' lang='grc'>6666</span> <span class='ocrx_word' id='word_1_815' title='bbox 1925 4941 1976 4992; x_wconf 88' lang='grc'>584</span> <span class='ocrx_word' id='word_1_816' title='bbox 1996 4941 2028 4990; x_wconf 88' lang='grc'>63</span> <span class='ocrx_word' id='word_1_817' title='bbox 2048 4967 2082 4978; x_wconf 89' lang='lat'>·-</span> <span class='ocrx_word' id='word_1_818' title='bbox 2102 4938 2181 4994; x_wconf 91' lang='lat' dir='ltr'>dehet</span> <span class='ocrx_word' id='word_1_819' title='bbox 2198 4953 2256 4994; x_wconf 89' lang='lat' dir='ltr'>esse</span> <span class='ocrx_word' id='word_1_820' title='bbox 2276 4947 2484 5006; x_wconf 70' lang='grc'>6666666666-</span> 
     </span>
     <span class='ocr_line' id='line_1_52' title="bbox 545 5021 2075 5096; baseline -0.001 -18"><span class='ocrx_word' id='word_1_821' title='bbox 545 5027 746 5080; x_wconf 86' lang='grc'>-6664664166</span> <span class='ocrx_word' id='word_1_822' title='bbox 773 5027 945 5092; x_wconf 90' lang='lat' dir='ltr'>praedicandi</span> <span class='ocrx_word' id='word_1_823' title='bbox 967 5029 1083 5080; x_wconf 90' lang='lat' dir='ltr'>aulertur</span> <span class='ocrx_word' id='word_1_824' title='bbox 1108 5027 1134 5078; x_wconf 92' lang='lat' dir='ltr'>ei</span> <span class='ocrx_word' id='word_1_825' title='bbox 1171 5027 1213 5092; x_wconf 86' lang='grc'>93,</span> <span class='ocrx_word' id='word_1_826' title='bbox 1232 5027 1274 5078; x_wconf 89' lang='grc'>93.</span> <span class='ocrx_word' id='word_1_827' title='bbox 1296 5027 1340 5078; x_wconf 90' lang='grc'>461</span> <span class='ocrx_word' id='word_1_828' title='bbox 1368 5025 1398 5078; x_wconf 91' lang='grc'>94</span> <span class='ocrx_word' id='word_1_829' title='bbox 1418 5055 1453 5062; x_wconf 81' lang='lat'>--</span> <span class='ocrx_word' id='word_1_830' title='bbox 1471 5025 1597 5076; x_wconf 88' lang='lat' dir='ltr'>Homines</span> <span class='ocrx_word' id='word_1_831' title='bbox 1610 5033 1735 5090; x_wconf 88' lang='lat' dir='ltr'>praesunt</span> <span class='ocrx_word' id='word_1_832' title='bbox 1747 5021 1809 5076; x_wconf 89' lang='lat' dir='ltr'>bru·</span> <span class='ocrx_word' id='word_1_833' title='bbox 1847 5045 1929 5096; x_wconf 76' lang='lat' dir='ltr'>guum</span> <span class='ocrx_word' id='word_1_834' title='bbox 1949 5027 2075 5082; x_wconf 80' lang='grc'>14641614.</span> 
     </span>
     <span class='ocr_line' id='line_1_53' title="bbox 493 5115 2477 5186; baseline -0.001 -14"><span class='ocrx_word' id='word_1_835' title='bbox 493 5117 538 5186; x_wconf 89' lang='lat' dir='ltr'>qui</span> <span class='ocrx_word' id='word_1_836' title='bbox 558 5131 609 5170; x_wconf 88' lang='lat' dir='ltr'>nnn</span> <span class='ocrx_word' id='word_1_837' title='bbox 638 5119 696 5168; x_wconf 86' lang='lat' dir='ltr'>vult</span> <span class='ocrx_word' id='word_1_838' title='bbox 721 5129 812 5170; x_wconf 85' lang='lat' dir='ltr'>semen</span> <span class='ocrx_word' id='word_1_839' title='bbox 830 5115 924 5170; x_wconf 90' lang='lat' dir='ltr'>Christi</span> <span class='ocrx_word' id='word_1_840' title='bbox 944 5117 1070 5170; x_wconf 89' lang='lat' dir='ltr'>suscitare</span> <span class='ocrx_word' id='word_1_841' title='bbox 1088 5115 1147 5170; x_wconf 81' lang='lat' dir='ltr'>Vll&#39;</span> <span class='ocrx_word' id='word_1_842' title='bbox 1170 5117 1203 5168; x_wconf 92' lang='lat' dir='ltr'>tis</span> <span class='ocrx_word' id='word_1_843' title='bbox 1220 5117 1254 5168; x_wconf 89' lang='lat' dir='ltr'>Vl</span> <span class='ocrx_word' id='word_1_844' title='bbox 1272 5115 1307 5166; x_wconf 87' lang='grc'>69</span> <span class='ocrx_word' id='word_1_845' title='bbox 1325 5129 1352 5180; x_wconf 93' lang='grc'>6.</span> <span class='ocrx_word' id='word_1_846' title='bbox 1374 5115 1383 5166; x_wconf 92' lang='grc'>4</span> <span class='ocrx_word' id='word_1_847' title='bbox 1899 5117 2051 5170; x_wconf 81' lang='lat' dir='ltr'>——dehent</span> <span class='ocrx_word' id='word_1_848' title='bbox 2075 5117 2135 5182; x_wconf 81' lang='lat' dir='ltr'>eligi</span> <span class='ocrx_word' id='word_1_849' title='bbox 2156 5117 2288 5182; x_wconf 89' lang='lat' dir='ltr'>sapientes</span> <span class='ocrx_word' id='word_1_850' title='bbox 2305 5119 2338 5172; x_wconf 78' lang='lat' dir='ltr'>l&#39;t</span> <span class='ocrx_word' id='word_1_851' title='bbox 2360 5119 2409 5170; x_wconf 90' lang='grc'>368</span> <span class='ocrx_word' id='word_1_852' title='bbox 2431 5121 2477 5170; x_wconf 90' lang='lat' dir='ltr'>tol</span> 
     </span>
     <span class='ocr_line' id='line_1_54' title="bbox 494 5197 2484 5274; baseline -0.003 -16"><span class='ocrx_word' id='word_1_853' title='bbox 494 5207 545 5258; x_wconf 89' lang='grc'>543</span> <span class='ocrx_word' id='word_1_854' title='bbox 566 5207 598 5258; x_wconf 90' lang='grc'>37</span> <span class='ocrx_word' id='word_1_855' title='bbox 618 5235 652 5244; x_wconf 88' lang='grc'>-</span> <span class='ocrx_word' id='word_1_856' title='bbox 671 5205 789 5260; x_wconf 90' lang='lat' dir='ltr'>Christus</span> <span class='ocrx_word' id='word_1_857' title='bbox 809 5197 891 5260; x_wconf 90' lang='grc'>661614</span> <span class='ocrx_word' id='word_1_858' title='bbox 904 5205 1040 5270; x_wconf 87' lang='grc'>666646664</span> <span class='ocrx_word' id='word_1_859' title='bbox 1060 5219 1134 5272; x_wconf 84' lang='lat' dir='ltr'>prae</span> <span class='ocrx_word' id='word_1_860' title='bbox 1222 5207 1375 5258; x_wconf 76' lang='lat' dir='ltr'>paterenus</span> <span class='ocrx_word' id='word_1_861' title='bbox 1394 5233 1427 5242; x_wconf 87' lang='lat'><em>-</em></span> <span class='ocrx_word' id='word_1_862' title='bbox 1446 5203 1551 5270; x_wconf 76' lang='lat' dir='ltr'>Aliquid</span> <span class='ocrx_word' id='word_1_863' title='bbox 1578 5203 1654 5256; x_wconf 87' lang='lat' dir='ltr'>alicui</span> <span class='ocrx_word' id='word_1_864' title='bbox 1683 5201 1808 5270; x_wconf 88' lang='lat' dir='ltr'>praelerri</span> <span class='ocrx_word' id='word_1_865' title='bbox 1844 5237 1881 5246; x_wconf 84' lang='lat'><em>-</em></span> <span class='ocrx_word' id='word_1_866' title='bbox 1898 5209 2076 5260; x_wconf 63' lang='lat' dir='ltr'>planetatorum</span> <span class='ocrx_word' id='word_1_867' title='bbox 2108 5205 2233 5270; x_wconf 78' lang='lat' dir='ltr'>perfectio</span> <span class='ocrx_word' id='word_1_868' title='bbox 2250 5207 2414 5274; x_wconf 76' lang='lat' dir='ltr'>quadruplex</span> <span class='ocrx_word' id='word_1_869' title='bbox 2438 5207 2484 5260; x_wconf 83' lang='lat' dir='ltr'>Vll</span> 
     </span>
     <span class='ocr_line' id='line_1_55' title="bbox 493 5293 2484 5364; baseline -0.001 -15"><span class='ocrx_word' id='word_1_870' title='bbox 493 5297 640 5360; x_wconf 89' lang='lat' dir='ltr'>dicantem,</span> <span class='ocrx_word' id='word_1_871' title='bbox 657 5297 707 5348; x_wconf 89' lang='lat' dir='ltr'>sed</span> <span class='ocrx_word' id='word_1_872' title='bbox 724 5309 777 5356; x_wconf 93' lang='grc'>666</span> <span class='ocrx_word' id='word_1_873' title='bbox 789 5301 945 5364; x_wconf 90' lang='lat' dir='ltr'>sequentem</span> <span class='ocrx_word' id='word_1_874' title='bbox 957 5309 1018 5348; x_wconf 91' lang='lat' dir='ltr'>eum</span> <span class='ocrx_word' id='word_1_875' title='bbox 1033 5297 1079 5348; x_wconf 90' lang='grc'>414</span> <span class='ocrx_word' id='word_1_876' title='bbox 1098 5297 1128 5348; x_wconf 90' lang='grc'>91</span> <span class='ocrx_word' id='word_1_877' title='bbox 1170 5300 1257 5360; x_wconf 84' lang='lat' dir='ltr'>potest</span> <span class='ocrx_word' id='word_1_878' title='bbox 1274 5295 1318 5348; x_wconf 90' lang='lat' dir='ltr'>vel</span> <span class='ocrx_word' id='word_1_879' title='bbox 1334 5293 1489 5360; x_wconf 85' lang='lat' dir='ltr'>simpliciter</span> <span class='ocrx_word' id='word_1_880' title='bbox 1515 5295 1559 5344; x_wconf 92' lang='lat' dir='ltr'>vol</span> <span class='ocrx_word' id='word_1_881' title='bbox 1584 5293 1675 5360; x_wconf 88' lang='lat' dir='ltr'>quoad</span> <span class='ocrx_word' id='word_1_882' title='bbox 1694 5293 1808 5360; x_wconf 91' lang='lat' dir='ltr'>aliquam</span> <span class='ocrx_word' id='word_1_883' title='bbox 1848 5297 1896 5350; x_wconf 93' lang='grc'>443</span> <span class='ocrx_word' id='word_1_884' title='bbox 1919 5297 1960 5364; x_wconf 85' lang='grc'>36,</span> <span class='ocrx_word' id='word_1_885' title='bbox 1980 5297 2012 5350; x_wconf 93' lang='grc'>36</span> <span class='ocrx_word' id='word_1_886' title='bbox 2032 5323 2067 5336; x_wconf 89' lang='grc'>-··</span> <span class='ocrx_word' id='word_1_887' title='bbox 2085 5297 2194 5360; x_wconf 88' lang='lat' dir='ltr'>diligere</span> <span class='ocrx_word' id='word_1_888' title='bbox 2213 5295 2311 5348; x_wconf 88' lang='lat' dir='ltr'>debent</span> <span class='ocrx_word' id='word_1_889' title='bbox 2328 5297 2484 5360; x_wconf 86' lang='lat' dir='ltr'>sapientiam</span> 
     </span>
     <span class='ocr_line' id='line_1_56' title="bbox 547 5381 2484 5450; baseline 0.002 -16"><span class='ocrx_word' id='word_1_890' title='bbox 547 5413 583 5424; x_wconf 89' lang='lat'><em>-</em></span> <span class='ocrx_word' id='word_1_891' title='bbox 602 5385 828 5439; x_wconf 85' lang='lat' dir='ltr'>Praedicatoribus</span> <span class='ocrx_word' id='word_1_892' title='bbox 851 5385 967 5438; x_wconf 81' lang='lat' dir='ltr'>ueritatis</span> <span class='ocrx_word' id='word_1_893' title='bbox 987 5399 1134 5438; x_wconf 89' lang='lat' dir='ltr'>accommo·</span> <span class='ocrx_word' id='word_1_894' title='bbox 1170 5381 1346 5434; x_wconf 86' lang='lat' dir='ltr'>conditionem</span> <span class='ocrx_word' id='word_1_895' title='bbox 1367 5383 1397 5436; x_wconf 87' lang='grc'>11</span> <span class='ocrx_word' id='word_1_896' title='bbox 1418 5383 1451 5434; x_wconf 91' lang='grc'>38</span> <span class='ocrx_word' id='word_1_897' title='bbox 1477 5395 1503 5448; x_wconf 93' lang='lat' dir='ltr'>q.</span> <span class='ocrx_word' id='word_1_898' title='bbox 1523 5381 1533 5432; x_wconf 91' lang='grc'>4</span> <span class='ocrx_word' id='word_1_899' title='bbox 1559 5381 1716 5448; x_wconf 84' lang='grc'>-6146614</span> <span class='ocrx_word' id='word_1_900' title='bbox 1738 5395 1809 5446; x_wconf 89' lang='lat' dir='ltr'>prae·</span> <span class='ocrx_word' id='word_1_901' title='bbox 1846 5385 1879 5438; x_wconf 86' lang='lat' dir='ltr'>Vl</span> <span class='ocrx_word' id='word_1_902' title='bbox 1910 5387 1959 5440; x_wconf 84' lang='lat' dir='ltr'>-l50</span> <span class='ocrx_word' id='word_1_903' title='bbox 1988 5399 2014 5438; x_wconf 87' lang='grc'>6.</span> <span class='ocrx_word' id='word_1_904' title='bbox 2045 5387 2076 5438; x_wconf 88' lang='grc'>33</span> <span class='ocrx_word' id='word_1_905' title='bbox 2097 5413 2130 5422; x_wconf 84' lang='grc'>-</span> <span class='ocrx_word' id='word_1_906' title='bbox 2150 5387 2178 5438; x_wconf 94' lang='grc'>16</span> <span class='ocrx_word' id='word_1_907' title='bbox 2195 5387 2317 5450; x_wconf 87' lang='grc'>666616416</span> <span class='ocrx_word' id='word_1_908' title='bbox 2340 5385 2421 5438; x_wconf 89' lang='grc'>46664</span> <span class='ocrx_word' id='word_1_909' title='bbox 2443 5401 2484 5438; x_wconf 87' lang='lat' dir='ltr'>re·</span> 
     </span>
     <span class='ocr_line' id='line_1_57' title="bbox 495 5471 2484 5542; baseline -0.002 -14"><span class='ocrx_word' id='word_1_910' title='bbox 495 5475 600 5528; x_wconf 89' lang='lat' dir='ltr'>dandus</span> <span class='ocrx_word' id='word_1_911' title='bbox 614 5471 771 5524; x_wconf 85' lang='grc'>6646641466</span> <span class='ocrx_word' id='word_1_912' title='bbox 785 5473 829 5526; x_wconf 90' lang='lat' dir='ltr'>Vll</span> <span class='ocrx_word' id='word_1_913' title='bbox 843 5473 894 5524; x_wconf 88' lang='grc'>358</span> <span class='ocrx_word' id='word_1_914' title='bbox 909 5473 1134 5525; x_wconf 84' lang='grc'>48-66616664</span> <span class='ocrx_word' id='word_1_915' title='bbox 1170 5473 1251 5524; x_wconf 89' lang='grc'>166466</span> <span class='ocrx_word' id='word_1_916' title='bbox 1268 5471 1313 5522; x_wconf 92' lang='grc'>6141</span> <span class='ocrx_word' id='word_1_917' title='bbox 1329 5472 1373 5523; x_wconf 86' lang='grc'>661</span> <span class='ocrx_word' id='word_1_918' title='bbox 1389 5471 1492 5524; x_wconf 88' lang='grc'>6611666</span> <span class='ocrx_word' id='word_1_919' title='bbox 1509 5471 1551 5522; x_wconf 90' lang='grc'>661</span> <span class='ocrx_word' id='word_1_920' title='bbox 1568 5471 1610 5522; x_wconf 89' lang='grc'>661</span> <span class='ocrx_word' id='word_1_921' title='bbox 1632 5471 1734 5522; x_wconf 89' lang='lat' dir='ltr'>ratione</span> <span class='ocrx_word' id='word_1_922' title='bbox 1751 5483 1809 5522; x_wconf 87' lang='lat' dir='ltr'>con·</span> <span class='ocrx_word' id='word_1_923' title='bbox 1847 5489 1929 5540; x_wconf 81' lang='lat' dir='ltr'>gnare</span> <span class='ocrx_word' id='word_1_924' title='bbox 1946 5473 2055 5542; x_wconf 86' lang='lat' dir='ltr'>spiritus</span> <span class='ocrx_word' id='word_1_925' title='bbox 2075 5471 2217 5540; x_wconf 90' lang='lat' dir='ltr'>sapientiae</span> <span class='ocrx_word' id='word_1_926' title='bbox 2237 5479 2260 5526; x_wconf 91' lang='lat' dir='ltr'>et</span> <span class='ocrx_word' id='word_1_927' title='bbox 2279 5475 2422 5528; x_wconf 87' lang='lat' dir='ltr'>intellectus</span> <span class='ocrx_word' id='word_1_928' title='bbox 2440 5475 2484 5528; x_wconf 89' lang='grc'>1111</span> 
     </span>
     <span class='ocr_line' id='line_1_58' title="bbox 494 5559 2484 5630; baseline 0.001 -14"><span class='ocrx_word' id='word_1_929' title='bbox 494 5561 642 5628; x_wconf 80' lang='lat' dir='ltr'>excipiendi</span> <span class='ocrx_word' id='word_1_930' title='bbox 659 5561 1134 5618; x_wconf 73' lang='grc'>64,666666446416146166666661-</span> <span class='ocrx_word' id='word_1_931' title='bbox 1170 5559 1304 5628; x_wconf 91' lang='lat' dir='ltr'>sequentis</span> <span class='ocrx_word' id='word_1_932' title='bbox 1321 5559 1356 5612; x_wconf 91' lang='lat' dir='ltr'>ad</span> <span class='ocrx_word' id='word_1_933' title='bbox 1375 5559 1461 5626; x_wconf 88' lang='lat' dir='ltr'>ipsum</span> <span class='ocrx_word' id='word_1_934' title='bbox 1482 5559 1513 5610; x_wconf 85' lang='grc'>66</span> <span class='ocrx_word' id='word_1_935' title='bbox 1534 5575 1562 5626; x_wconf 89' lang='lat' dir='ltr'>q.</span> <span class='ocrx_word' id='word_1_936' title='bbox 1580 5559 1590 5610; x_wconf 95' lang='grc'>4</span> <span class='ocrx_word' id='word_1_937' title='bbox 1610 5559 1722 5612; x_wconf 90' lang='grc'>-11164</span> <span class='ocrx_word' id='word_1_938' title='bbox 1737 5573 1809 5624; x_wconf 86' lang='lat' dir='ltr'>prae·</span> <span class='ocrx_word' id='word_1_939' title='bbox 1846 5567 1896 5618; x_wconf 80' lang='grc'>336</span> <span class='ocrx_word' id='word_1_940' title='bbox 1920 5563 1951 5616; x_wconf 84' lang='grc'>65</span> <span class='ocrx_word' id='word_1_941' title='bbox 1971 5595 2005 5604; x_wconf 79' lang='grc'>-</span> <span class='ocrx_word' id='word_1_942' title='bbox 2025 5563 2050 5616; x_wconf 89' lang='grc'>16</span> <span class='ocrx_word' id='word_1_943' title='bbox 2069 5565 2199 5628; x_wconf 88' lang='grc'>666616466</span> <span class='ocrx_word' id='word_1_944' title='bbox 2228 5565 2313 5630; x_wconf 88' lang='lat' dir='ltr'>primo</span> <span class='ocrx_word' id='word_1_945' title='bbox 2337 5567 2426 5618; x_wconf 89' lang='lat' dir='ltr'>lumen</span> <span class='ocrx_word' id='word_1_946' title='bbox 2442 5579 2484 5618; x_wconf 91' lang='lat' dir='ltr'>sa-</span> 
     </span>
     <span class='ocr_line' id='line_1_59' title="bbox 494 5647 2484 5720; baseline 0 -14"><span class='ocrx_word' id='word_1_947' title='bbox 494 5651 525 5706; x_wconf 92' lang='grc'>641</span> <span class='ocrx_word' id='word_1_948' title='bbox 545 5651 596 5704; x_wconf 90' lang='grc'>346</span> <span class='ocrx_word' id='word_1_949' title='bbox 617 5651 649 5702; x_wconf 88' lang='grc'>93</span> <span class='ocrx_word' id='word_1_950' title='bbox 668 5675 704 5688; x_wconf 93' lang='grc'>-</span> <span class='ocrx_word' id='word_1_951' title='bbox 722 5651 801 5700; x_wconf 77' lang='lat' dir='ltr'>eliani</span> <span class='ocrx_word' id='word_1_952' title='bbox 820 5651 991 5714; x_wconf 83' lang='lat' dir='ltr'>imperfectus</span> <span class='ocrx_word' id='word_1_953' title='bbox 1002 5649 1134 5702; x_wconf 91' lang='lat' dir='ltr'>humiliter</span> <span class='ocrx_word' id='word_1_954' title='bbox 1171 5649 1308 5702; x_wconf 88' lang='lat' dir='ltr'>terendum</span> <span class='ocrx_word' id='word_1_955' title='bbox 1325 5655 1366 5702; x_wconf 90' lang='lat' dir='ltr'>est</span> <span class='ocrx_word' id='word_1_956' title='bbox 1383 5649 1425 5700; x_wconf 93' lang='grc'>6114</span> <span class='ocrx_word' id='word_1_957' title='bbox 1445 5647 1544 5700; x_wconf 89' lang='grc'>6611666</span> <span class='ocrx_word' id='word_1_958' title='bbox 1562 5647 1618 5712; x_wconf 87' lang='grc'>661,</span> <span class='ocrx_word' id='word_1_959' title='bbox 1636 5647 1709 5714; x_wconf 88' lang='grc'>6664</span> <span class='ocrx_word' id='word_1_960' title='bbox 1729 5649 1761 5702; x_wconf 90' lang='grc'>46</span> <span class='ocrx_word' id='word_1_961' title='bbox 1781 5663 1809 5702; x_wconf 89' lang='grc'>66</span> <span class='ocrx_word' id='word_1_962' title='bbox 1847 5655 1960 5720; x_wconf 81' lang='lat' dir='ltr'>pientiae</span> <span class='ocrx_word' id='word_1_963' title='bbox 1979 5658 2017 5706; x_wconf 87' lang='lat' dir='ltr'>ost</span> <span class='ocrx_word' id='word_1_964' title='bbox 2037 5651 2238 5704; x_wconf 82' lang='lat' dir='ltr'>diffundendum</span> <span class='ocrx_word' id='word_1_965' title='bbox 2257 5655 2290 5706; x_wconf 80' lang='lat' dir='ltr'>Vl</span> <span class='ocrx_word' id='word_1_966' title='bbox 2310 5653 2360 5706; x_wconf 85' lang='lat' dir='ltr'>ros</span> <span class='ocrx_word' id='word_1_967' title='bbox 2378 5655 2484 5706; x_wconf 74' lang='grc'>69-</span> 
     </span>
     <span class='ocr_line' id='line_1_60' title="bbox 494 5735 2484 5806; baseline -0.001 -12"><span class='ocrx_word' id='word_1_968' title='bbox 494 5739 661 5794; x_wconf 85' lang='lat' dir='ltr'>sustinendus</span> <span class='ocrx_word' id='word_1_969' title='bbox 681 5741 727 5798; x_wconf 89' lang='lat' dir='ltr'>est,</span> <span class='ocrx_word' id='word_1_970' title='bbox 748 5737 769 5790; x_wconf 88' lang='lat' dir='ltr'>si</span> <span class='ocrx_word' id='word_1_971' title='bbox 787 5751 840 5790; x_wconf 91' lang='lat' dir='ltr'>nou</span> <span class='ocrx_word' id='word_1_972' title='bbox 858 5743 897 5790; x_wconf 87' lang='lat' dir='ltr'>est</span> <span class='ocrx_word' id='word_1_973' title='bbox 912 5737 1029 5800; x_wconf 85' lang='lat' dir='ltr'>ueritatis</span> <span class='ocrx_word' id='word_1_974' title='bbox 1042 5737 1134 5790; x_wconf 87' lang='grc'>64666·</span> <span class='ocrx_word' id='word_1_975' title='bbox 1170 5737 1234 5792; x_wconf 86' lang='grc'>61614</span> <span class='ocrx_word' id='word_1_976' title='bbox 1251 5739 1312 5802; x_wconf 90' lang='lat' dir='ltr'>plus</span> <span class='ocrx_word' id='word_1_977' title='bbox 1329 5737 1365 5790; x_wconf 92' lang='lat' dir='ltr'>de</span> <span class='ocrx_word' id='word_1_978' title='bbox 1382 5735 1452 5790; x_wconf 87' lang='lat' dir='ltr'>hoho</span> <span class='ocrx_word' id='word_1_979' title='bbox 1472 5735 1533 5790; x_wconf 82' lang='grc'>4644.</span> <span class='ocrx_word' id='word_1_980' title='bbox 1598 5773 1601 5780; x_wconf 68' lang='lat'>,</span> <span class='ocrx_word' id='word_1_981' title='bbox 1845 5741 1988 5796; x_wconf 90' lang='lat' dir='ltr'>invitantur</span> <span class='ocrx_word' id='word_1_982' title='bbox 1999 5741 2035 5792; x_wconf 93' lang='lat' dir='ltr'>ad</span> <span class='ocrx_word' id='word_1_983' title='bbox 2048 5741 2163 5792; x_wconf 90' lang='lat' dir='ltr'>studium</span> <span class='ocrx_word' id='word_1_984' title='bbox 2177 5745 2200 5792; x_wconf 92' lang='lat' dir='ltr'>et</span> <span class='ocrx_word' id='word_1_985' title='bbox 2213 5755 2329 5794; x_wconf 91' lang='lat' dir='ltr'>amorem</span> <span class='ocrx_word' id='word_1_986' title='bbox 2341 5741 2484 5806; x_wconf 89' lang='lat' dir='ltr'>sapientiae</span> 
     </span>
     <span class='ocr_line' id='line_1_61' title="bbox 499 5825 2485 5894; baseline 0 -12"><span class='ocrx_word' id='word_1_987' title='bbox 499 5829 583 5882; x_wconf 90' lang='lat' dir='ltr'>sarius</span> <span class='ocrx_word' id='word_1_988' title='bbox 602 5825 653 5880; x_wconf 90' lang='grc'>345</span> <span class='ocrx_word' id='word_1_989' title='bbox 673 5827 707 5876; x_wconf 89' lang='grc'>93</span> <span class='ocrx_word' id='word_1_990' title='bbox 847 5873 854 5894; x_wconf 72' lang='lat'>,</span> <span class='ocrx_word' id='word_1_991' title='bbox 1223 5829 1404 5880; x_wconf 75' lang='grc'>3666666466</span> <span class='ocrx_word' id='word_1_992' title='bbox 1423 5855 1457 5864; x_wconf 90' lang='grc'>-·</span> <span class='ocrx_word' id='word_1_993' title='bbox 1476 5825 1623 5890; x_wconf 86' lang='lat' dir='ltr'>signihcant</span> <span class='ocrx_word' id='word_1_994' title='bbox 1634 5827 1737 5880; x_wconf 88' lang='lat' dir='ltr'>animas</span> <span class='ocrx_word' id='word_1_995' title='bbox 1748 5839 1809 5892; x_wconf 90' lang='lat' dir='ltr'>pec·</span> <span class='ocrx_word' id='word_1_996' title='bbox 1846 5827 1909 5882; x_wconf 81' lang='grc'>1644.</span> <span class='ocrx_word' id='word_1_997' title='bbox 1934 5857 1968 5868; x_wconf 83' lang='grc'>-·</span> <span class='ocrx_word' id='word_1_998' title='bbox 1993 5829 2089 5882; x_wconf 90' lang='grc'>466664</span> <span class='ocrx_word' id='word_1_999' title='bbox 2114 5843 2172 5880; x_wconf 89' lang='grc'>6666</span> <span class='ocrx_word' id='word_1_1000' title='bbox 2197 5829 2296 5882; x_wconf 91' lang='lat' dir='ltr'>assidui</span> <span class='ocrx_word' id='word_1_1001' title='bbox 2323 5831 2351 5882; x_wconf 92' lang='lat' dir='ltr'>in</span> <span class='ocrx_word' id='word_1_1002' title='bbox 2376 5831 2485 5882; x_wconf 86' lang='grc'>4461666</span> 
     </span>
     <span class='ocr_line' id='line_1_62' title="bbox 497 5913 2486 5982; baseline 0.003 -16"><span class='ocrx_word' id='word_1_1003' title='bbox 497 5961 499 5966; x_wconf 88' lang='grc'>,</span> <span class='ocrx_word' id='word_1_1004' title='bbox 545 5945 582 5958; x_wconf 91' lang='lat'>-</span> <span class='ocrx_word' id='word_1_1005' title='bbox 599 5913 761 5980; x_wconf 88' lang='lat' dir='ltr'>suscipiendi</span> <span class='ocrx_word' id='word_1_1006' title='bbox 777 5919 838 5966; x_wconf 88' lang='grc'>6664</span> <span class='ocrx_word' id='word_1_1007' title='bbox 856 5927 903 5978; x_wconf 90' lang='lat' dir='ltr'>per</span> <span class='ocrx_word' id='word_1_1008' title='bbox 927 5915 1006 5966; x_wconf 86' lang='grc'>6466</span> <span class='ocrx_word' id='word_1_1009' title='bbox 1025 5919 1053 5966; x_wconf 86' lang='grc'>64</span> <span class='ocrx_word' id='word_1_1010' title='bbox 1070 5915 1134 5968; x_wconf 92' lang='grc'>4116·</span> <span class='ocrx_word' id='word_1_1011' title='bbox 1171 5915 1279 5968; x_wconf 88' lang='lat' dir='ltr'>catrices</span> <span class='ocrx_word' id='word_1_1012' title='bbox 1300 5915 1340 5966; x_wconf 89' lang='lat' dir='ltr'>Vll</span> <span class='ocrx_word' id='word_1_1013' title='bbox 1362 5915 1412 5966; x_wconf 85' lang='grc'>533</span> <span class='ocrx_word' id='word_1_1014' title='bbox 1433 5917 1464 5968; x_wconf 90' lang='grc'>36</span> <span class='ocrx_word' id='word_1_1015' title='bbox 1484 5915 1681 5982; x_wconf 88' lang='lat' dir='ltr'>—signiheant</span> <span class='ocrx_word' id='word_1_1016' title='bbox 1698 5915 1809 5980; x_wconf 88' lang='lat' dir='ltr'>animas,</span> <span class='ocrx_word' id='word_1_1017' title='bbox 1846 5915 1912 5982; x_wconf 87' lang='lat' dir='ltr'>legis</span> <span class='ocrx_word' id='word_1_1018' title='bbox 1931 5915 2101 5970; x_wconf 90' lang='lat' dir='ltr'>meditatione</span> <span class='ocrx_word' id='word_1_1019' title='bbox 2123 5915 2169 5966; x_wconf 89' lang='grc'>149</span> <span class='ocrx_word' id='word_1_1020' title='bbox 2188 5931 2217 5968; x_wconf 88' lang='lat' dir='ltr'>r.</span> <span class='ocrx_word' id='word_1_1021' title='bbox 2236 5919 2262 5970; x_wconf 91' lang='grc'>31</span> <span class='ocrx_word' id='word_1_1022' title='bbox 2287 5933 2384 5970; x_wconf 82' lang='lat' dir='ltr'>-non</span> <span class='ocrx_word' id='word_1_1023' title='bbox 2406 5917 2486 5972; x_wconf 89' lang='lat' dir='ltr'>debet</span> 
     </span>
     <span class='ocr_line' id='line_1_63' title="bbox 494 6001 2484 6074; baseline -0.003 -12"><span class='ocrx_word' id='word_1_1024' title='bbox 494 6008 606 6062; x_wconf 90' lang='lat' dir='ltr'>ctionem</span> <span class='ocrx_word' id='word_1_1025' title='bbox 627 6011 753 6072; x_wconf 90' lang='lat' dir='ltr'>tanquam</span> <span class='ocrx_word' id='word_1_1026' title='bbox 770 6001 852 6056; x_wconf 92' lang='grc'>666441</span> <span class='ocrx_word' id='word_1_1027' title='bbox 872 6003 964 6056; x_wconf 92' lang='lat' dir='ltr'>Christi</span> <span class='ocrx_word' id='word_1_1028' title='bbox 977 6003 1021 6056; x_wconf 90' lang='lat' dir='ltr'>Vll</span> <span class='ocrx_word' id='word_1_1029' title='bbox 1034 6003 1085 6056; x_wconf 88' lang='grc'>357</span> <span class='ocrx_word' id='word_1_1030' title='bbox 1103 6005 1134 6056; x_wconf 80' lang='lat' dir='ltr'>lt</span> <span class='ocrx_word' id='word_1_1031' title='bbox 1172 6017 1242 6074; x_wconf 91' lang='grc'>6666</span> <span class='ocrx_word' id='word_1_1032' title='bbox 1259 6003 1361 6058; x_wconf 81' lang='lat' dir='ltr'>hotrum</span> <span class='ocrx_word' id='word_1_1033' title='bbox 1380 6005 1477 6058; x_wconf 89' lang='lat' dir='ltr'>hahent</span> <span class='ocrx_word' id='word_1_1034' title='bbox 1495 6005 1676 6072; x_wconf 88' lang='lat' dir='ltr'>propositum,</span> <span class='ocrx_word' id='word_1_1035' title='bbox 1694 6005 1809 6058; x_wconf 91' lang='lat' dir='ltr'>sednon</span> <span class='ocrx_word' id='word_1_1036' title='bbox 1847 6005 1983 6068; x_wconf 86' lang='lat' dir='ltr'>negligere</span> <span class='ocrx_word' id='word_1_1037' title='bbox 1999 6003 2099 6056; x_wconf 92' lang='lat' dir='ltr'>donum</span> <span class='ocrx_word' id='word_1_1038' title='bbox 2120 6003 2242 6056; x_wconf 83' lang='lat' dir='ltr'>scientiae</span> <span class='ocrx_word' id='word_1_1039' title='bbox 2259 6007 2484 6060; x_wconf 87' lang='lat' dir='ltr'>etauctoritatem</span> 
     </span>
     <span class='ocr_line' id='line_1_64' title="bbox 494 6091 2331 6162; baseline -0.003 -12"><span class='ocrx_word' id='word_1_1040' title='bbox 494 6127 528 6136; x_wconf 88' lang='lat'>-—</span> <span class='ocrx_word' id='word_1_1041' title='bbox 543 6093 690 6160; x_wconf 83' lang='lat' dir='ltr'>&#39;suscipitur</span> <span class='ocrx_word' id='word_1_1042' title='bbox 716 6091 753 6144; x_wconf 92' lang='lat' dir='ltr'>ab</span> <span class='ocrx_word' id='word_1_1043' title='bbox 778 6107 812 6146; x_wconf 93' lang='lat' dir='ltr'>eo</span> <span class='ocrx_word' id='word_1_1044' title='bbox 837 6093 885 6160; x_wconf 95' lang='lat' dir='ltr'>qui</span> <span class='ocrx_word' id='word_1_1045' title='bbox 911 6093 968 6146; x_wconf 89' lang='lat' dir='ltr'>eius</span> <span class='ocrx_word' id='word_1_1046' title='bbox 988 6093 1134 6146; x_wconf 89' lang='lat' dir='ltr'>doctrinam</span> <span class='ocrx_word' id='word_1_1047' title='bbox 1172 6095 1329 6160; x_wconf 87' lang='lat' dir='ltr'>perveniunt</span> <span class='ocrx_word' id='word_1_1048' title='bbox 1347 6095 1434 6162; x_wconf 84' lang='lat' dir='ltr'>usque</span> <span class='ocrx_word' id='word_1_1049' title='bbox 1451 6095 1485 6148; x_wconf 89' lang='lat' dir='ltr'>ad</span> <span class='ocrx_word' id='word_1_1050' title='bbox 1504 6101 1609 6160; x_wconf 92' lang='lat' dir='ltr'>partum</span> <span class='ocrx_word' id='word_1_1051' title='bbox 1622 6095 1731 6148; x_wconf 85' lang='lat' dir='ltr'>allectus</span> <span class='ocrx_word' id='word_1_1052' title='bbox 1747 6093 1809 6146; x_wconf 87' lang='grc'>4614.</span> <span class='ocrx_word' id='word_1_1053' title='bbox 1847 6093 1896 6146; x_wconf 86' lang='grc'>6164</span> <span class='ocrx_word' id='word_1_1054' title='bbox 1910 6091 2083 6146; x_wconf 85' lang='grc'>6666646666</span> <span class='ocrx_word' id='word_1_1055' title='bbox 2105 6091 2146 6144; x_wconf 82' lang='lat' dir='ltr'>Vll</span> <span class='ocrx_word' id='word_1_1056' title='bbox 2167 6093 2217 6144; x_wconf 89' lang='grc'>339</span> <span class='ocrx_word' id='word_1_1057' title='bbox 2237 6093 2280 6158; x_wconf 89' lang='grc'>67,</span> <span class='ocrx_word' id='word_1_1058' title='bbox 2299 6095 2331 6146; x_wconf 87' lang='grc'>68</span> 
     </span>
     <span class='ocr_line' id='line_1_65' title="bbox 494 6179 2486 6250; baseline -0.003 -12"><span class='ocrx_word' id='word_1_1059' title='bbox 494 6191 613 6250; x_wconf 86' lang='grc'>66666464</span> <span class='ocrx_word' id='word_1_1060' title='bbox 642 6197 704 6236; x_wconf 88' lang='lat' dir='ltr'>eum</span> <span class='ocrx_word' id='word_1_1061' title='bbox 729 6181 984 6236; x_wconf 84' lang='lat' dir='ltr'>mansuetudineet</span> <span class='ocrx_word' id='word_1_1062' title='bbox 1010 6183 1134 6248; x_wconf 90' lang='lat' dir='ltr'>patientia</span> <span class='ocrx_word' id='word_1_1063' title='bbox 1224 6183 1373 6236; x_wconf 78' lang='grc'>9664441466</span> <span class='ocrx_word' id='word_1_1064' title='bbox 1388 6209 1425 6224; x_wconf 82' lang='grc'>-</span> <span class='ocrx_word' id='word_1_1065' title='bbox 1442 6189 1483 6236; x_wconf 86' lang='grc'>664</span> <span class='ocrx_word' id='word_1_1066' title='bbox 1499 6197 1546 6236; x_wconf 85' lang='lat' dir='ltr'>rex</span> <span class='ocrx_word' id='word_1_1067' title='bbox 1562 6183 1692 6236; x_wconf 86' lang='lat' dir='ltr'>Ecclesiae</span> <span class='ocrx_word' id='word_1_1068' title='bbox 1710 6183 1744 6236; x_wconf 91' lang='lat' dir='ltr'>Vl</span> <span class='ocrx_word' id='word_1_1069' title='bbox 1758 6181 1809 6234; x_wconf 91' lang='grc'>147</span> <span class='ocrx_word' id='word_1_1070' title='bbox 1899 6207 1936 6238; x_wconf 79' lang='grc'>,-</span> <span class='ocrx_word' id='word_1_1071' title='bbox 1953 6179 1977 6232; x_wconf 86' lang='grc' dir='ltr'><strong>Α</strong></span> <span class='ocrx_word' id='word_1_1072' title='bbox 1994 6179 2117 6246; x_wconf 89' lang='lat' dir='ltr'>praelatis</span> <span class='ocrx_word' id='word_1_1073' title='bbox 2133 6179 2250 6232; x_wconf 90' lang='lat' dir='ltr'>doctrina</span> <span class='ocrx_word' id='word_1_1074' title='bbox 2270 6183 2386 6236; x_wconf 84' lang='lat' dir='ltr'>veritatis</span> <span class='ocrx_word' id='word_1_1075' title='bbox 2406 6181 2486 6246; x_wconf 87' lang='lat' dir='ltr'>dehet</span> 
     </span>
     <span class='ocr_line' id='line_1_66' title="bbox 494 6267 2487 6336; baseline -0.003 -10"><span class='ocrx_word' id='word_1_1076' title='bbox 494 6271 558 6326; x_wconf 83' lang='grc'>4644.</span> <span class='ocrx_word' id='word_1_1077' title='bbox 575 6299 611 6312; x_wconf 92' lang='grc'>-</span> <span class='ocrx_word' id='word_1_1078' title='bbox 629 6271 719 6336; x_wconf 89' lang='lat' dir='ltr'>llagna</span> <span class='ocrx_word' id='word_1_1079' title='bbox 745 6275 783 6324; x_wconf 91' lang='lat' dir='ltr'>est</span> <span class='ocrx_word' id='word_1_1080' title='bbox 809 6271 948 6324; x_wconf 89' lang='lat' dir='ltr'>auctoritas</span> <span class='ocrx_word' id='word_1_1081' title='bbox 973 6271 1135 6336; x_wconf 89' lang='lat' dir='ltr'>praedicato·</span> <span class='ocrx_word' id='word_1_1082' title='bbox 1172 6287 1199 6326; x_wconf 91' lang='grc'>6.</span> <span class='ocrx_word' id='word_1_1083' title='bbox 1218 6271 1253 6324; x_wconf 90' lang='grc'>49</span> <span class='ocrx_word' id='word_1_1084' title='bbox 1271 6301 1305 6310; x_wconf 85' lang='lat'>—-</span> <span class='ocrx_word' id='word_1_1085' title='bbox 1325 6271 1449 6326; x_wconf 90' lang='lat' dir='ltr'>dicuntur</span> <span class='ocrx_word' id='word_1_1086' title='bbox 1476 6285 1555 6336; x_wconf 87' lang='lat' dir='ltr'>reges</span> <span class='ocrx_word' id='word_1_1087' title='bbox 1577 6273 1611 6324; x_wconf 91' lang='lat' dir='ltr'>ad</span> <span class='ocrx_word' id='word_1_1088' title='bbox 1631 6269 1733 6324; x_wconf 89' lang='lat' dir='ltr'>honum</span> <span class='ocrx_word' id='word_1_1089' title='bbox 1751 6269 1811 6322; x_wconf 89' lang='lat' dir='ltr'>diri·</span> <span class='ocrx_word' id='word_1_1090' title='bbox 1848 6269 1986 6334; x_wconf 84' lang='lat' dir='ltr'>pervenire</span> <span class='ocrx_word' id='word_1_1091' title='bbox 2003 6267 2039 6320; x_wconf 87' lang='lat' dir='ltr'>ad</span> <span class='ocrx_word' id='word_1_1092' title='bbox 2057 6267 2280 6322; x_wconf 83' lang='lat' dir='ltr'>subditosvllls</span> <span class='ocrx_word' id='word_1_1093' title='bbox 2294 6271 2326 6322; x_wconf 91' lang='grc'>33</span> <span class='ocrx_word' id='word_1_1094' title='bbox 2340 6269 2487 6326; x_wconf 84' lang='lat' dir='ltr'>-dehent</span> 
     </span>
     <span class='ocr_line' id='line_1_67' title="bbox 495 6349 2486 6426; baseline -0.001 -14"><span class='ocrx_word' id='word_1_1095' title='bbox 495 6373 570 6422; x_wconf 88' lang='lat' dir='ltr'>rum,</span> <span class='ocrx_word' id='word_1_1096' title='bbox 588 6359 616 6410; x_wconf 91' lang='grc'>16</span> <span class='ocrx_word' id='word_1_1097' title='bbox 635 6349 929 6422; x_wconf 86' lang='grc'>6666666666614666</span> <span class='ocrx_word' id='word_1_1098' title='bbox 946 6359 1017 6412; x_wconf 89' lang='grc'>14666</span> <span class='ocrx_word' id='word_1_1099' title='bbox 1044 6359 1135 6426; x_wconf 90' lang='lat' dir='ltr'>recipi·</span> <span class='ocrx_word' id='word_1_1100' title='bbox 1173 6361 1260 6426; x_wconf 92' lang='lat' dir='ltr'>gendo</span> <span class='ocrx_word' id='word_1_1101' title='bbox 1278 6365 1305 6414; x_wconf 87' lang='lat' dir='ltr'>et</span> <span class='ocrx_word' id='word_1_1102' title='bbox 1323 6359 1424 6414; x_wconf 89' lang='lat' dir='ltr'>iudices</span> <span class='ocrx_word' id='word_1_1103' title='bbox 1450 6359 1515 6412; x_wconf 90' lang='lat' dir='ltr'>inter</span> <span class='ocrx_word' id='word_1_1104' title='bbox 1545 6359 1644 6412; x_wconf 90' lang='lat' dir='ltr'>bonum</span> <span class='ocrx_word' id='word_1_1105' title='bbox 1667 6365 1692 6412; x_wconf 93' lang='lat' dir='ltr'>et</span> <span class='ocrx_word' id='word_1_1106' title='bbox 1710 6359 1810 6410; x_wconf 90' lang='lat' dir='ltr'>malum</span> <span class='ocrx_word' id='word_1_1107' title='bbox 1847 6357 2046 6412; x_wconf 88' lang='lat' dir='ltr'>communicare</span> <span class='ocrx_word' id='word_1_1108' title='bbox 2072 6371 2164 6410; x_wconf 90' lang='lat' dir='ltr'>sanam</span> <span class='ocrx_word' id='word_1_1109' title='bbox 2183 6357 2330 6412; x_wconf 91' lang='lat' dir='ltr'>doctrinam</span> <span class='ocrx_word' id='word_1_1110' title='bbox 2351 6359 2486 6412; x_wconf 87' lang='grc'>1646666-</span> 
     </span>
    </p>
   </div>
   <div class='ocr_carea' id='block_1_8' title="bbox 393 6433 2487 6512">
    <p class='ocr_par' dir='ltr' id='par_1_11' title="bbox 393 6433 2487 6512">
     <span class='ocr_line' id='line_1_68' title="bbox 393 6433 2487 6512; baseline 0 -12"><span class='ocrx_word' id='word_1_1111' title='bbox 393 6433 394 6436; x_wconf 26' lang='lat'><em>*</em></span> <span class='ocrx_word' id='word_1_1112' title='bbox 446 6503 447 6508; x_wconf 58' lang='grc'>,</span> <span class='ocrx_word' id='word_1_1113' title='bbox 495 6455 536 6500; x_wconf 90' lang='lat' dir='ltr'>tur</span> <span class='ocrx_word' id='word_1_1114' title='bbox 555 6451 580 6498; x_wconf 90' lang='lat' dir='ltr'>et</span> <span class='ocrx_word' id='word_1_1115' title='bbox 597 6447 627 6498; x_wconf 92' lang='lat' dir='ltr'>in</span> <span class='ocrx_word' id='word_1_1116' title='bbox 645 6453 798 6512; x_wconf 87' lang='lat' dir='ltr'>contemptu</span> <span class='ocrx_word' id='word_1_1117' title='bbox 817 6449 992 6500; x_wconf 91' lang='lat' dir='ltr'>contemnitur</span> <span class='ocrx_word' id='word_1_1118' title='bbox 1010 6449 1058 6500; x_wconf 90' lang='grc'>361</span> <span class='ocrx_word' id='word_1_1119' title='bbox 1081 6449 1116 6500; x_wconf 88' lang='grc'>37</span> <span class='ocrx_word' id='word_1_1120' title='bbox 1173 6449 1346 6502; x_wconf 89' lang='lat' dir='ltr'>discernendo</span> <span class='ocrx_word' id='word_1_1121' title='bbox 1372 6449 1468 6502; x_wconf 86' lang='grc'>1456.</span> <span class='ocrx_word' id='word_1_1122' title='bbox 1487 6451 1502 6500; x_wconf 92' lang='grc'>3</span> <span class='ocrx_word' id='word_1_1123' title='bbox 1521 6453 1616 6500; x_wconf 87' lang='grc'>-664</span> <span class='ocrx_word' id='word_1_1124' title='bbox 1641 6454 1743 6512; x_wconf 88' lang='grc'>666466,</span> <span class='ocrx_word' id='word_1_1125' title='bbox 1767 6445 1810 6500; x_wconf 90' lang='grc'>664</span> <span class='ocrx_word' id='word_1_1126' title='bbox 1848 6447 1976 6500; x_wconf 88' lang='grc'>44664166</span> <span class='ocrx_word' id='word_1_1127' title='bbox 1994 6445 2166 6512; x_wconf 88' lang='lat' dir='ltr'>capacitatem</span> <span class='ocrx_word' id='word_1_1128' title='bbox 2184 6445 2236 6498; x_wconf 92' lang='grc'>337</span> <span class='ocrx_word' id='word_1_1129' title='bbox 2255 6447 2487 6512; x_wconf 87' lang='grc'>63-166166664</span> 
     </span>
    </p>
   </div>
   <div class='ocr_carea' id='block_1_9' title="bbox 490 6533 2553 6876">
    <p class='ocr_par' dir='ltr' id='par_1_12' title="bbox 490 6533 2553 6692">
     <span class='ocr_line' id='line_1_69' title="bbox 494 6533 2486 6602; baseline -0.001 -12"><span class='ocrx_word' id='word_1_1130' title='bbox 494 6533 665 6590; x_wconf 77' lang='grc'>-.-1466664161</span> <span class='ocrx_word' id='word_1_1131' title='bbox 687 6541 748 6588; x_wconf 86' lang='lat' dir='ltr'>suet</span> <span class='ocrx_word' id='word_1_1132' title='bbox 764 6535 904 6590; x_wconf 89' lang='lat' dir='ltr'>cohibendi</span> <span class='ocrx_word' id='word_1_1133' title='bbox 919 6543 945 6590; x_wconf 89' lang='grc'>61</span> <span class='ocrx_word' id='word_1_1134' title='bbox 959 6537 1015 6590; x_wconf 88' lang='grc'>6664</span> <span class='ocrx_word' id='word_1_1135' title='bbox 1033 6541 1134 6590; x_wconf 88' lang='grc'>466466</span> <span class='ocrx_word' id='word_1_1136' title='bbox 1174 6551 1237 6590; x_wconf 89' lang='grc'>6666</span> <span class='ocrx_word' id='word_1_1137' title='bbox 1255 6537 1380 6590; x_wconf 88' lang='grc'>46616461</span> <span class='ocrx_word' id='word_1_1138' title='bbox 1399 6539 1489 6602; x_wconf 87' lang='lat' dir='ltr'>gregis</span> <span class='ocrx_word' id='word_1_1139' title='bbox 1502 6543 1542 6590; x_wconf 91' lang='lat' dir='ltr'>est</span> <span class='ocrx_word' id='word_1_1140' title='bbox 1554 6537 1693 6590; x_wconf 86' lang='lat' dir='ltr'>commissa</span> <span class='ocrx_word' id='word_1_1141' title='bbox 1707 6537 1742 6590; x_wconf 88' lang='grc'>96</span> <span class='ocrx_word' id='word_1_1142' title='bbox 1754 6533 1810 6588; x_wconf 89' lang='grc'>6.7</span> <span class='ocrx_word' id='word_1_1143' title='bbox 1849 6537 1993 6590; x_wconf 89' lang='lat' dir='ltr'>doctrinam</span> <span class='ocrx_word' id='word_1_1144' title='bbox 2012 6535 2108 6590; x_wconf 88' lang='lat' dir='ltr'>Christi</span> <span class='ocrx_word' id='word_1_1145' title='bbox 2125 6533 2273 6590; x_wconf 87' lang='lat' dir='ltr'>ministrare</span> <span class='ocrx_word' id='word_1_1146' title='bbox 2286 6543 2310 6590; x_wconf 92' lang='lat' dir='ltr'>et</span> <span class='ocrx_word' id='word_1_1147' title='bbox 2322 6537 2486 6602; x_wconf 88' lang='lat' dir='ltr'>explanando</span> 
     </span>
     <span class='ocr_line' id='line_1_70' title="bbox 490 6621 2553 6692; baseline 0.001 -16"><span class='ocrx_word' id='word_1_1148' title='bbox 490 6621 621 6676; x_wconf 71' lang='grc'>’66446641</span> <span class='ocrx_word' id='word_1_1149' title='bbox 641 6621 692 6674; x_wconf 90' lang='grc'>410</span> <span class='ocrx_word' id='word_1_1150' title='bbox 711 6623 741 6674; x_wconf 91' lang='grc'>91</span> <span class='ocrx_word' id='word_1_1151' title='bbox 849 6653 850 6656; x_wconf 59' lang='lat'><em>=</em></span> <span class='ocrx_word' id='word_1_1152' title='bbox 960 6665 962 6668; x_wconf 94' lang='lat'>.</span> <span class='ocrx_word' id='word_1_1153' title='bbox 1173 6653 1207 6664; x_wconf 89' lang='lat'>·-</span> <span class='ocrx_word' id='word_1_1154' title='bbox 1226 6631 1287 6678; x_wconf 88' lang='lat' dir='ltr'>sunl</span> <span class='ocrx_word' id='word_1_1155' title='bbox 1306 6625 1499 6690; x_wconf 88' lang='lat' dir='ltr'>dispensatores</span> <span class='ocrx_word' id='word_1_1156' title='bbox 1526 6625 1569 6676; x_wconf 81' lang='lat' dir='ltr'>Vll</span> <span class='ocrx_word' id='word_1_1157' title='bbox 1595 6623 1647 6678; x_wconf 89' lang='grc'>337</span> <span class='ocrx_word' id='word_1_1158' title='bbox 1667 6625 1695 6676; x_wconf 90' lang='grc'>61</span> <span class='ocrx_word' id='word_1_1159' title='bbox 1719 6653 1754 6662; x_wconf 90' lang='lat'><em>-</em></span> <span class='ocrx_word' id='word_1_1160' title='bbox 1772 6629 1812 6678; x_wconf 91' lang='lat' dir='ltr'>est</span> <span class='ocrx_word' id='word_1_1161' title='bbox 1849 6639 2041 6692; x_wconf 86' lang='lat' dir='ltr'>supererogare</span> <span class='ocrx_word' id='word_1_1162' title='bbox 2060 6623 2112 6680; x_wconf 90' lang='grc'>373</span> <span class='ocrx_word' id='word_1_1163' title='bbox 2131 6625 2220 6678; x_wconf 84' lang='grc'>64-</span> <span class='ocrx_word' id='word_1_1164' title='bbox 2238 6625 2335 6680; x_wconf 85' lang='lat' dir='ltr'>reverti</span> <span class='ocrx_word' id='word_1_1165' title='bbox 2355 6623 2487 6680; x_wconf 89' lang='grc'>4666464</span> <span class='ocrx_word' id='word_1_1166' title='bbox 2552 6689 2553 6692; x_wconf 7' lang='grc' dir='ltr'><strong>Ἴ</strong></span> 
     </span>
    </p>

    <p class='ocr_par' dir='ltr' id='par_1_13' title="bbox 495 6711 2489 6876">
     <span class='ocr_line' id='line_1_71' title="bbox 548 6711 2489 6782; baseline 0.004 -22"><span class='ocrx_word' id='word_1_1167' title='bbox 548 6737 591 6750; x_wconf 93' lang='grc'>--</span> <span class='ocrx_word' id='word_1_1168' title='bbox 611 6711 837 6766; x_wconf 78' lang='lat' dir='ltr'>praedicatoribus</span> <span class='ocrx_word' id='word_1_1169' title='bbox 863 6727 914 6764; x_wconf 91' lang='lat' dir='ltr'>non</span> <span class='ocrx_word' id='word_1_1170' title='bbox 938 6719 977 6764; x_wconf 90' lang='lat' dir='ltr'>est</span> <span class='ocrx_word' id='word_1_1171' title='bbox 1004 6711 1134 6776; x_wconf 89' lang='lat' dir='ltr'>prohibita</span> <span class='ocrx_word' id='word_1_1172' title='bbox 1173 6711 1239 6776; x_wconf 86' lang='lat' dir='ltr'>legis</span> <span class='ocrx_word' id='word_1_1173' title='bbox 1256 6711 1376 6764; x_wconf 89' lang='lat' dir='ltr'>minister</span> <span class='ocrx_word' id='word_1_1174' title='bbox 1400 6713 1436 6764; x_wconf 88' lang='grc'>78</span> <span class='ocrx_word' id='word_1_1175' title='bbox 1464 6711 1499 6764; x_wconf 92' lang='grc'>34</span> <span class='ocrx_word' id='word_1_1176' title='bbox 1519 6741 1554 6752; x_wconf 84' lang='lat'><em>-</em></span> <span class='ocrx_word' id='word_1_1177' title='bbox 1571 6725 1620 6776; x_wconf 94' lang='lat' dir='ltr'>per</span> <span class='ocrx_word' id='word_1_1178' title='bbox 1637 6713 1810 6768; x_wconf 91' lang='lat' dir='ltr'>bumilitatem</span> <span class='ocrx_word' id='word_1_1179' title='bbox 1850 6717 1992 6782; x_wconf 91' lang='lat' dir='ltr'>populum,</span> <span class='ocrx_word' id='word_1_1180' title='bbox 2011 6719 2040 6768; x_wconf 90' lang='lat' dir='ltr'>ut</span> <span class='ocrx_word' id='word_1_1181' title='bbox 2057 6713 2192 6780; x_wconf 89' lang='lat' dir='ltr'>praedicet</span> <span class='ocrx_word' id='word_1_1182' title='bbox 2212 6713 2295 6770; x_wconf 88' lang='lat' dir='ltr'>verbo</span> <span class='ocrx_word' id='word_1_1183' title='bbox 2312 6721 2339 6768; x_wconf 92' lang='lat' dir='ltr'>et</span> <span class='ocrx_word' id='word_1_1184' title='bbox 2357 6721 2385 6768; x_wconf 88' lang='lat' dir='ltr'>ut</span> <span class='ocrx_word' id='word_1_1185' title='bbox 2404 6715 2489 6770; x_wconf 90' lang='lat' dir='ltr'>dedu·</span> 
     </span>
     <span class='ocr_line' id='line_1_72' title="bbox 495 6797 2186 6876; baseline 0.002 -24"><span class='ocrx_word' id='word_1_1186' title='bbox 495 6797 613 6852; x_wconf 90' lang='lat' dir='ltr'>studiosa</span> <span class='ocrx_word' id='word_1_1187' title='bbox 624 6797 800 6864; x_wconf 87' lang='lat' dir='ltr'>providentia,</span> <span class='ocrx_word' id='word_1_1188' title='bbox 813 6801 859 6854; x_wconf 89' lang='lat' dir='ltr'>sed</span> <span class='ocrx_word' id='word_1_1189' title='bbox 872 6801 976 6854; x_wconf 89' lang='lat' dir='ltr'>curiosa</span> <span class='ocrx_word' id='word_1_1190' title='bbox 989 6799 1135 6854; x_wconf 88' lang='lat' dir='ltr'>sollicitudo</span> <span class='ocrx_word' id='word_1_1191' title='bbox 1173 6801 1198 6852; x_wconf 94' lang='lat' dir='ltr'>in</span> <span class='ocrx_word' id='word_1_1192' title='bbox 1217 6799 1338 6854; x_wconf 85' lang='lat' dir='ltr'>exteriori</span> <span class='ocrx_word' id='word_1_1193' title='bbox 1358 6799 1558 6854; x_wconf 85' lang='lat' dir='ltr'>conuersatione</span> <span class='ocrx_word' id='word_1_1194' title='bbox 1570 6801 1650 6872; x_wconf 90' lang='grc'>46664</span> <span class='ocrx_word' id='word_1_1195' title='bbox 1669 6815 1727 6856; x_wconf 85' lang='grc'>6666</span> <span class='ocrx_word' id='word_1_1196' title='bbox 1744 6803 1811 6876; x_wconf 84' lang='grc'>64664</span> <span class='ocrx_word' id='word_1_1197' title='bbox 1850 6809 1890 6860; x_wconf 87' lang='grc'>664</span> <span class='ocrx_word' id='word_1_1198' title='bbox 1909 6805 2028 6870; x_wconf 77' lang='lat' dir='ltr'>exemplo</span> <span class='ocrx_word' id='word_1_1199' title='bbox 2047 6803 2079 6856; x_wconf 83' lang='lat' dir='ltr'>Vl</span> <span class='ocrx_word' id='word_1_1200' title='bbox 2102 6803 2151 6856; x_wconf 93' lang='grc'>634</span> <span class='ocrx_word' id='word_1_1201' title='bbox 2171 6803 2186 6854; x_wconf 95' lang='grc'>6</span> 
     </span>
    </p>
   </div>
   <div class='ocr_carea' id='block_1_10' title="bbox 0 0 2959 8260">
    <p class='ocr_par' dir='ltr' id='par_1_14' title="bbox 0 0 2959 8260">
     <span class='ocr_line' id='line_1_73' title="bbox 0 0 2959 8260; baseline 0 0"><span class='ocrx_word' id='word_1_1202' title='bbox 0 0 2959 8260; x_wconf 95' lang='lat' dir='ltr'> </span> 
     </span>
    </p>
   </div>
  </div>
 </body>
</html>
