5908 8266
557 615 618 680 lle
1154 605 1347 674 continui.
1370 607 1409 674 ΙΝ
1430 601 1669 674 elaberentur
1691 601 1807 668 Lucan
1833 605 1863 668 C.
1889 605 1935 672 lu.

642 785 695 850 89.
722 785 864 850 Secundo
885 783 1011 852 additur
1027 783 1179 870 facilitas
1193 783 1422 862 curationum,
1437 799 1509 848 oum

400 907 531 954 secundun.
553 891 693 958 additur:
719 891 760 956 Al
777 889 844 974 4440,
862 889 1003 976 singulis
1017 909 1141 956 manus
1159 891 1344 974 imponens,
1368 889 1510 956 curabat

554 1013 664 1060 omncs
678 995 696 1058 1.
722 993 864 1060 Faeiiiler
885 993 1032 1072 curabat,
1056 993 1130 1078 quia
1154 995 1222 1060 sine
1244 993 1509 1078 interpellatione,

555 1101 609 1168 sed
641 1101 706 1166 sola
740 1117 854 1166 manus
883 1099 1079 1184 impositione
1112 1103 1248 1168 sanabat.
1281 1103 1343 1168 Nec
1375 1101 1509 1180 nrirum,

554 1205 643 1290 quia,
670 1205 841 1270 secundum
866 1205 950 1290 quod
974 1203 1089 1272 dicitur
1120 1205 1215 1274 isaiae
1249 1205 1510 1292 quiuquagesimo

554 1329 652 1390 nono,
683 1329 771 1376 «nou
790 1319 834 1378 est
851 1311 1033 1378 abbreviata
1056 1327 1169 1378 manus
1183 1313 1320 1392 Domini,
1338 1317 1374 1378 04
1390 1311 1510 1378 0044040

554 1423 735 1502 nequeat».
761 1415 797 1484 Et
824 1437 887 1484 non
923 1419 1025 1484 solam
1055 1425 1179 1502 poterat
1209 1421 1269 1484 hoc
1301 1437 1358 1502 per
1381 1437 1432 1496 se,
1457 1415 1510 1484 sed

554 1523 644 1588 otiam
668 1521 737 1586 aliis
757 1523 1008 1600 communicare,
1034 1523 1207 1590 secundum
1243 1523 1319 1590 illud
1345 1523 1437 1590 blanci
1463 1522 1510 1588 04-

554 1629 645 1696 timo:
678 1629 809 1712 «Super
830 1645 941 1712 aegros
965 1647 1076 1694 manus
1102 1629 1277 1714 imponent,
1301 1635 1332 1696 et
1355 1631 1434 1696 bene
1455 1629 1510 1694 ba-

401 1751 534 1798 00000.
554 1733 674 1802 606004
689 1759 720 1798 n.
745 1771 789 1782 --
812 1733 848 1800 Et
870 1739 956 1814 uota,
983 1733 1065 1820 quod
1089 1733 1233 1820 singulis
1254 1733 1440 1820 imposuisse
1466 1733 1509 1800 di-

554 1841 636 1910 04404
661 1839 726 1908 0400
749 1841 948 1920 exclusione,
967 1843 1049 1910 sicut
1062 1841 1179 1910 dicitur
1194 1843 1328 1910 ictuum
1347 1843 1509 1910 decimor:

559 1973 573 2006 4
590 1947 657 2014 Non
681 1956 728 2014 est
756 1967 965 2032 personarum
999 1955 1145 2032 acceptor
1175 1949 1259 2016 Deus
1276 1973 1307 2026 »;
1332 1954 1364 2015 et
1386 1949 1455 2016 ideo
1480 1949 1511 2014 in

554 2053 687 2120 Psalmo:
710 2079 726 2112 α
738 2053 846 2138 liparis
862 2061 896 2120 40
914 2073 1043 2122 manum
1058 2059 1145 2120 trram
1164 2063 1193 2122 et
1211 2055 1320 2138 imples
1337 2071 1428 2120 omne
1444 2053 1511 2120 ani-

553 2159 617 2226 mal
637 2159 852 2228 benedictione
867 2189 897 2226 s.
926 2161 960 2226 Et
983 2161 1044 2226 hoc
1065 2165 1114 2226 est
1136 2159 1222 2244 quod
1244 2159 1361 2226 dicitur
1385 2159 1511 2244 Sapien-

438 2303 456 2324 s
554 2261 615 2330 tiae
637 2269 743 2330 sextu:
773 2291 789 2324 a
805 2265 955 2332 Pusillum
980 2271 1009 2332 et
1035 2283 1183 2350 maguum
1208 2265 1274 2350 ipse
1297 2265 1387 2344 lecit,
1406 2273 1434 2332 et
1460 2251 1511 2332 ae-

554 2369 688 2454 qualiter
712 2387 792 2438 cura
812 2377 861 2438 est
881 2371 927 2438 illi
949 2371 989 2438 de
1010 2371 1161 2438 omuibus
1176 2399 1206 2438 ».
1232 2373 1268 2438 64
1285 2373 1354 2438 4600
1376 2371 1509 2440 dicitur:

556 2471 703 2540 Curabat
728 2493 853 2554 aornos,
877 2475 995 2542 scilicet
1018 2475 1057 2540 ad
1080 2493 1113 2542 se
1136 2477 1313 2556 40600400,
1340 2477 1415 2562 0040
1435 2475 1511 2542 dici-

554 2585 607 2646 tur
629 2581 751 2646 loannis
774 2585 882 2648 sexto:
914 2579 1067 2660 «040040,
1094 2581 1146 2666 004
1171 2581 1293 2648 uenerit
1316 2583 1356 2648 ad
1371 2599 1431 2660 me,
1447 2599 1512 2648 non

554 2683 675 2752 eliciam
700 2685 829 2754 iores».
856 2687 917 2754 Nec
944 2687 1089 2766 miram,
1113 2687 1186 2772 quia
1217 2687 1329 2756 «idem
1361 2687 1512 2754 Dominus

554 2791 693 2858 omnium
718 2791 852 2860 6440040
869 2811 991 2874 004000,
1007 2791 1062 2878 004
1080 2793 1226 2860 40400004
1246 2793 1338 2862 444040
1352 2821 1383 2874 u,
1400 2793 1437 2860 ad
1454 2795 1512 2860 Ro-

553 2915 663 2966 manos
684 2899 813 2966 decimo.
1256 2979 1259 2986 ,

644 3007 695 3070 Db.
722 3005 821 3090 (Vens.
849 3009 927 3090 44,).
951 3007 1056 3074 Tertio
1081 3009 1229 3074 subditur
1251 3007 1413 3094 confessio
1435 3009 1514 3074 clac-

554 3131 708 3190 monam,
734 3131 805 3178 caru
837 3113 1000 3182 subditur:
1028 3113 1171 3182 Eridani
1201 3123 1312 3180 aulem
1337 3113 1513 3180 llamrronia

555 3235 576 3282 a
601 3217 714 3284 4004440
737 3219 938 3296 0404000440,
965 3219 1081 3286 scilicet
1105 3219 1311 3302 praedatore
1340 3224 1370 3286 et
1402 3219 1513 3285 timore

555 3329 585 3388 04
609 3323 829 3404 eliminatione,
855 3325 948 3390 Isaiae
974 3323 1170 3408 sexagesimo
1184 3323 1340 3410 quintoss:
1363 3351 1378 3382 «
1395 3325 1513 3390 Clama-

555 3429 627 3494 bilis
652 3447 727 3514 prae
748 3429 858 3496 dolore
880 3431 984 3498 cordis
1011 3437 1043 3498 04
1073 3449 1149 3514 0400
1172 3431 1360 3500 0004446000
1383 3431 1514 3516 00444400

555 3535 717 3602 ululabitis
732 3563 761 3602 ».
788 3537 847 3602 Sed
869 3555 978 3604 cassus
993 3543 1061 3602 erat
1076 3555 1187 3604 eorum
1205 3539 1338 3618 ela1u0r3
1355 3539 1512 3604 Psalmus:

560 3667 576 3702 «
592 3641 828 3722 Cumanorum,
854 3659 912 3710 nee
932 3649 1001 3710 erat
1025 3641 1078 3728 qui
1104 3643 1206 3710 salvos
1222 3643 1380 3710 laceror».
1400 3683 1442 3692 -
1459 3643 1514 3710 Vel

555 3749 756 3826 clamantia,
782 3755 912 3834 propter
944 3749 1104 3834 publicam
1134 3749 1276 3816 ueritatis
1302 3749 1514 3816 annuntiatio-

555 3873 636 3924 uem.
663 3857 696 3920 Et
722 3845 790 3922 ideo
812 3855 961 3924 subditur
991 3875 1066 3922 4040
1091 3857 1259 3922 00040004οε
1290 3859 1330 3922 m
1352 3857 1513 3922 dicentia:

557 3963 645 4046 Quia
671 3971 704 4028 la
728 3981 759 4028 cs
785 3963 893 4030 Filias
918 3963 985 4030 Dei.
1009 3965 1071 4030 Hoc
1096 3969 1202 4030 autem
1226 3963 1368 4030 dicebant
1385 3983 1447 4028 non
1472 3981 1514 4028 ex

555 4069 759 4148 certitudine,
785 4069 839 4136 sed
861 4087 904 4136 ex
927 4069 1191 4138 coniecturatione
1212 4075 1343 4156 propter
1357 4069 1514 4154 potentiae

555 4175 810 4260 magnitudinem.
828 4177 864 4244 Et
880 4175 951 4242 ideo
975 4175 1092 4262 prius4
1113 4175 1194 4242 dixit
1218 4177 1367 4242 daemon:
1398 4203 1413 4234 «
1429 4175 1514 4254 Scio,

556 4279 640 4364 quod
657 4279 698 4346 sis
716 4281 858 4346 Sanctus
875 4279 935 4346 Dei
949 4305 983 4358 »;
998 4299 1102 4362 0000,
1117 4281 1204 4366 0006
1220 4281 1329 4346 Filius
1345 4283 1422 4360 Dei,
1439 4281 1515 4364 qaia

556 4403 613 4472 per
636 4385 754 4452 maiora
779 4385 995 4472 experimenta
1010 4385 1043 4454 iu
1058 4385 1234 4472 cognitione
1249 4385 1515 4472 04040004044400

556 4497 676 4572 autem,
699 4493 786 4576 quod
808 4491 1034 4574 coniiciebant,
1065 4493 1296 4560 confitebantur
1328 4511 1395 4558 non
1418 4493 1515 4558 004040

555 4597 702 4678 6400060;
728 4597 765 4664 60
789 4619 852 4686 000
874 4599 995 4684 primae
1019 4601 1056 4666 ad
1086 4599 1264 4666 Corinthios
1286 4597 1514 4666 duodecimoiz

561 4729 577 4762 «
594 4705 689 4772 Nemo
713 4709 812 4790 potest
837 4705 954 4772 dicere:
979 4705 1131 4774 Dominus
1156 4707 1254 4784 40000,
1273 4705 1332 4772 0404
1347 4705 1380 4772 40
1397 4705 1515 4790 Spiritu

557 4817 665 4878 sancto
683 4835 715 4890 >³3
749 4811 801 4880 cui
836 4811 942 4880 640040
975 4811 1141 4898 respondet
1175 4811 1328 4892 verbum,
1360 4811 1443 4896 quod
1469 4817 1516 4878 004

474 4961 476 4964 -
562 4939 578 4972 «
595 4933 667 4982 curu
682 4933 790 4984 amore
804 4917 915 4984 notitia
928 4941 960 4996 »3
977 4937 1042 4984 non
1058 4919 1156 4984 cordo
1170 4925 1200 4982 ct
1216 4935 1309 5000 00040
1325 4917 1515 4982 000640600-

557 5027 627 5102 404;
653 5021 690 5090 60
715 5041 779 5108 000
810 5023 931 5108 primae
965 5023 1086 5090 loannis
1108 5027 1238 5108 quarto:
1269 5049 1285 5084 c<
1300 5021 1426 5102 Omnis,
1460 5021 1514 5108 qui

629 5351 639 5384 ¹
660 5357 772 5420 Vlrlgata
791 5369 844 5410 aas.
862 5383 898 5396 -
917 5355 1035 5408 Subinde
1053 5357 1199 5422 allegentur
1219 5345 1277 5408 lsai.
1293 5357 1343 5424 66,
1362 5357 1386 5408 4.
1401 5357 1516 5410 0464040.

559 5445 607 5512 46,
627 5444 669 5496 le.
687 5473 723 5482 —
740 5445 849 5498 40404400
866 5459 916 5510 040
943 5445 1001 5498 sinc
1030 5443 1257 5516 interpellatione,
1277 5447 1303 5498 id
1331 5451 1368 5498 est
1388 5447 1443 5498 siue
1462 5459 1518 5498 ora·

557 5533 640 5596 lione,
661 5533 738 5586 BDF
757 5533 813 5588 sine
834 5533 1047 5602 interpolatione.
1067 5533 1217 5588 Secundum
1235 5535 1278 5586 Du
1296 5535 1399 5600 Gange,
1418 5535 1518 5588 Glossa-

557 5621 626 5674 rium
647 5629 704 5684 040,
723 5621 894 5690 intapallorc
914 5621 984 5676 idem
1003 5629 1043 5676 est
1070 5635 1101 5674 ac
1118 5621 1272 5690 deprecari,
1291 5637 1412 5686 exorare,
1436 5621 1517 5676 inin·-

554 5709 652 5778 polare
670 5715 773 5774 praeter
791 5711 840 5762 alia
858 5711 987 5774 siguificat
1004 5711 1085 5762 etiam
1102 5713 1302 5776 interrumpere.

629 5793 639 5826 ²
661 5799 734 5852 Vens.
753 5799 851 5852 34-
869 5799 942 5852 Τ400.
964 5813 1038 5866 0000.
1056 5801 1107 5852 4004
1125 5805 1186 5852 0004
1206 5803 1244 5852 Ps.
1267 5801 1332 5862 444,
1352 5799 1395 5850 46.
1412 5803 1436 5850 04
1456 5801 1518 5864 Sap.

559 5889 591 5952 e,
611 5891 640 5952 83
660 5890 728 5942 ioan.
746 5889 777 5954 6,
797 5887 843 5940 37:
862 5887 960 5950 Omne,
980 5889 1051 5954 quod
1067 5889 1111 5940 dat
1124 5889 1189 5940 mibi
1203 5891 1290 5952 Pater,
1309 5889 1401 5942 adme
1419 5887 1518 5950 reniet,

559 5981 586 6030 el
604 5993 665 6030 euru
683 5979 730 6044 qai
748 5977 818 6032 venit
839 5977 870 6030 06
892 5993 933 6030 me
953 5983 1017 6042 ele.;
1037 5979 1112 6032 Rom.
1134 5979 1181 6044 l0,
1205 5979 1243 6030 ll.

630 6063 642 6094 ³
662 6069 735 6122 Vers.
755 6069 798 6122 ll.
818 6097 854 6106 ψ-
872 6069 996 6134 Sequitur
1017 6069 1055 6122 Ps.
1077 6069 1122 6134 47,
1145 6067 1185 6120 lu.

630 6153 643 6182 ⁴
663 6157 745 6222 Supm
765 6173 792 6210 4.
810 6157 855 6210 34.
872 6155 925 6210 Clr.
944 6171 1026 6222 supra
1043 6169 1106 6222 pag.
1127 6155 1192 6222 466,
1212 6161 1272 6208 0040
1292 6155 1317 6206 9.

631 6241 643 6272 ⁵
664 6245 736 6298 Vens.
755 6247 781 6298 3.
800 6275 836 6284 -
854 6245 972 6298 Subinde
984 6245 1108 6310 allegatur
1127 6245 1243 6296 delinitio
1256 6243 1334 6296 40464
1352 6241 1386 6296 06
1398 6243 1518 6310 August,

560 6335 606 6388 lx.
623 6333 659 6386 de
676 6335 747 6386 Triu.
767 6351 789 6388 c.
815 6335 858 6388 le.
885 6349 912 6388 0.
940 6335 987 6398 le,
1007 6333 1157 6398 proposita:
1188 6333 1335 6386 «Verbum
1353 6337 1392 6386 est
1409 6333 1517 6398 igilur...

560 6435 621 6474 0040
641 6437 731 6476 amore
748 6423 875 6488 politian
895 6431 955 6488 0004
981 6435 1060 6488 quam
1090 6425 1235 6488 sequuntur
1264 6423 1281 6474 4.
1304 6421 1371 6472 4000.
1402 6421 1428 6482 4,
1450 6425 1473 6472 6.
1493 6427 1520 6474 04

562 6511 614 6564 Τ44.
634 6511 665 6578 4,
684 6511 726 6562 46.
745 6537 781 6550 -
799 6513 925 6578 Suspectus
953 6525 1001 6578 pro
1031 6509 1206 6566 coniciebant
1232 6509 1290 6560 Val.
1309 6523 1345 6562 04
1363 6507 1519 6562 0044004040

562 6597 756 6668 conplebantur
782 6599 937 6664 daemonas,
958 6611 1028 6666 0000
1054 6599 1132 6652 eliam
1152 6599 1179 6650 iu
1208 6597 1356 6650 delinitione
1376 6597 1450 6650 40464
1470 6611 1519 6662 040

512 6683 518 6690 ’
562 6683 657 6740 nolitia
675 6697 813 6750 perperam
834 6683 967 6740 substituit
984 6683 1081 6740 dicare.

633 6769 645 6802 ⁶
664 6775 755 6828 Psalm.
776 6779 804 6842 6,
825 6779 850 6828 6.
869 6805 905 6814 -
923 6775 1046 6844 Sequitur
1058 6779 1119 6842 Sap.
1134 6777 1162 6842 5,
1176 6777 1202 6828 3.
1215 6775 1330 6842 Hieron,
1343 6775 1359 6828 l.
1373 6773 1520 6830 Commeat.

563 6859 591 6912 in
609 6863 694 6915 ilallb.
710 6863 739 6924 8,
753 6863 795 6916 30.
809 6877 879 6932 seq:
902 6863 972 6928 Quid
989 6861 1065 6918 uobis
1085 6867 1107 6920 04
1127 6863 1187 6928 4464,
1202 6865 1263 6918 lesu
1275 6861 1332 6918 Fili
1346 6863 1442 6918 44044...
1463 6863 1520 6918 Non

562 6947 704 7000 4040040440
718 6951 764 7004 4040
778 6953 905 7004 consessio
915 6959 962 7016 004,
975 6967 1054 7018 quam
1069 6953 1218 7018 praemium
1230 6953 1348 7022 00004404
1361 6953 1521 7022 0006400440,

1574 777 1761 858 000640404,
1787 779 1944 844 Christum
1971 779 2071 846 lesum
2097 779 2218 846 4004000
2247 779 2280 846 40
2311 797 2454 858 carnem,
2487 797 2530 848 ex

1574 885 1638 950 Deo
1662 889 1709 950 004
1725 907 1754 962 »;
1787 885 1841 950 006
1862 883 1971 950 solum
1993 903 2049 950 040
2081 883 2223 950 64006004
2254 895 2286 954 04
2316 887 2413 952 oordc
2444 885 2530 950 odic-

1575 989 1654 1056 6004
1676 995 1708 1056 04
1730 1007 1824 1074 opere
1848 989 2032 1076 stagneam
2054 989 2094 1056 ad
2117 989 2221 1056 Titum
2245 993 2365 1076 primo:
2400 991 2530 1058 «Confr-

1574 1103 1694 1174 lentur,
1721 1113 1752 1160 00
1777 1095 2004 1172 nossoncour,
2030 1095 2116 1160 lactis
2142 1101 2245 1164 alitem
2278 1105 2392 1184 negant
2407 1125 2436 1162 s.
2469 1099 2530 1164 Neo

1574 1203 1710 1282 mirum,
1733 1205 1824 1288 0040,
1850 1201 2024 1270 secuudum
2057 1201 2145 1286 qued
2177 1201 2293 1270 dieitur
2317 1205 2349 1270 40
2372 1203 2493 1270 Psalmo
2506 1205 2529 1286 ⁶,

1580 1333 1596 1366 α
1611 1307 1643 1374 40
1667 1307 1789 1376 4040400
1811 1307 1883 1394 0040
1908 1307 2107 1376 confitebitur
2131 1307 2187 1374 tibi
2204 1313 2239 1374 »l
2264 1309 2390 1390 Nullae,
2414 1309 2532 1378 scilicet

1574 1415 1767 1482 confessione
1790 1415 1968 1494 meritoria,
1991 1415 2046 1480 006
2068 1431 2175 1480 omnes
2199 1415 2391 1484 consessione
2406 1421 2532 1484 extorta

1574 1529 1605 1588 04
1627 1521 1818 1600 000000044ος
1845 1521 2019 1604 Sapientiae
2042 1521 2168 1604 quinto:
2190 1547 2207 1580 «
2223 1521 2366 1590 Dicentes
2389 1523 2471 1588 intra
2486 1539 2530 1604 se,

1574 1625 1794 1710 poenitentiam
1817 1633 1977 1712 agentes»
2005 1613 2062 1692 etc.
2308 1639 2311 1644 ’

1665 1733 1717 1798 el.
1740 1733 1900 1798 Postremo
1922 1731 2048 1798 additur
2080 1729 2229 1800 cohibitio
2251 1735 2434 1820 spirituum
2469 1735 2531 1802 im·
2548 1743 2659 1800 00000.

1574 1837 1794 1916 mandorum,
1826 1855 1899 1904 oum
1933 1835 2154 1922 subiungitur:
2185 1841 2226 1904 Et
2257 1841 2433 1926 increpans
2465 1859 2531 1910 non

1574 1943 1702 2008 sinebat
1724 1961 1763 2008 ca
1787 1943 1891 2030 loqui,
1914 1949 1952 2012 ut
1973 1943 2155 2010 4044600404
2169 1943 2247 2008 44406
2272 1945 2383 2012 Psalmi
2398 1947 2426 2010 ⁷:
2458 1947 2532 2012 «46

1574 2049 1787 2132 increpatione
1809 2053 1863 2114 400
1886 2047 2022 2132 fugient,
2045 2065 2062 2114 a
2098 2065 2172 2114 4000
2196 2051 2328 2114 40044404
2351 2051 2397 2116 tui
2424 2051 2532 2116 lormi-

1574 2151 1694 2218 dabunt
1711 2179 1740 2216 ».
1766 2149 1841 2216 lttm
1861 2151 1989 2218 sinebat
2013 2159 2083 2240 ela,
2114 2151 2190 2234 quia
2219 2153 2403 2238 frequenter
2426 2153 2531 2220 Domi-

1565 2275 1635 2324 nus
1670 2259 1790 2324 obicem
1826 2257 1955 2344 opponit
1987 2255 2247 2342 mabgnantihus3
2283 2259 2367 2324 uude
2402 2259 2529 2328 secundi

1575 2361 1836 2432 blacbabaeorum
1851 2371 1959 2432 sexto:
1981 2365 2076 2430 «Nou
2092 2363 2193 2432 sinere
2210 2363 2425 2450 peccatoribus
2438 2381 2531 2450 agere

1576 2489 1617 2536 ex
1641 2471 1793 2538 000400440
1816 2471 1918 2554 magni
1943 2471 2086 2538 beuelioii
2108 2477 2157 2538 est
2190 2471 2384 2544 iudicium».
2408 2509 2454 2518 —
2477 2471 2531 2538 Vol
2549 2481 2627 2528 4444.

1575 2575 1645 2642 4600
1674 2593 1740 2642 000
1769 2575 1911 2656 sinebat,
1943 2577 2019 2662 qaia
2051 2595 2108 2660 per
2139 2577 2304 2646 daeruones
2340 2575 2531 2644 manifestari

1576 2681 1715 2762 uolebat;
1732 2683 1814 2750 uude
1831 2687 1861 2750 et
1876 2683 2038 2750 subditur:
2057 2683 2147 2766 Quia
2160 2681 2321 2762 sciebant,
2339 2683 2450 2768 ipsum
2465 2701 2532 2750 csse

1579 2787 1767 2870 Christum,
1801 2789 1834 2856 id
1867 2795 1931 2870 est,
1959 2789 2160 2874 probabiliter
2189 2789 2402 2856 coniiciebant.
2432 2813 2449 2846 <c
2465 2789 2531 2860 Nou

1577 2897 1658 2964 enim
1682 2897 1818 2962 inuoluit
1841 2897 2061 2974 daemonibus,
2086 2903 2121 2960 ut
2144 2893 2219 2960 dicit
2239 2895 2472 2980 4000060008,
2497 2903 2533 2964 04
2561 2957 2562 2960 ,

1577 3001 1723 3086 splendor
1757 3007 1788 3068 et
1823 3001 1899 3080 lux,
1930 2999 1983 3066 sed
2017 3017 2071 3086 per
2102 2999 2260 3086 quandam
2295 3017 2370 3068 suae
2405 2999 2532 3068 uirtutis

1577 3105 1744 3172 efficaciam
1759 3131 1788 3170 >›.
1812 3105 1941 3172 Nolebat
1964 3113 2067 3174 autern
2093 3105 2243 3172 Dominus
2268 3107 2316 3174 sui
2333 3107 2466 3172 nominis
2481 3125 2532 3172 00-

1577 3211 1746 3296 gnitionem
1771 3229 1827 3296 per
1856 3211 2026 3280 daemones
2054 3211 2227 3296 divulgari,
2254 3221 2322 3278 tum
2345 3213 2419 3296 quia
2444 3221 2532 3280 eraut

1577 3317 1725 3404 indigni,
1749 3323 1816 3384 turn
1841 3317 1914 3404 quia
1937 3317 2057 3396 odiosi,
2084 3325 2151 3384 tum
2173 3317 2268 3384 etiam
2288 3319 2361 3404 quia
2385 3319 2532 3408 [raaldu-

1578 3423 1670 3502 lmti;
1693 3431 1725 3490 et
1746 3425 1816 3492 ideo
1841 3423 1910 3490 talis
1932 3423 2086 3490 confessio
2099 3441 2157 3490 000
2171 3425 2376 3494 00040040604
2392 3427 2456 3492 Deo
2474 3443 2532 3494 nec
2601 3413 2603 3416 ’

1577 3531 1770 3614 congruebat
1802 3529 1944 3596 daemoni
1975 3547 2032 3596 nec
2060 3529 2208 3616 proderat
2240 3529 2369 3598 homini.
2405 3533 2485 3598 6060
2502 3533 2531 3598 9:

1583 3663 1599 3694 n
1614 3635 1779 3722 improbus
1801 3637 1950 3722 magister
1972 3637 2055 3704 40440
2080 3635 2155 3704 40400
2177 3639 2363 3722 permiscet,
2397 3643 2433 3706 ut
2463 3657 2532 3724 spe-

1578 3743 1623 3812 cie
1655 3743 1795 3812 veritatis
1818 3743 1937 3812 fraudis
1962 3743 2173 3812 testimonium
2198 3743 2324 3830 obtegat
2339 3773 2368 3812 s.
2395 3747 2442 3812 Ex
2469 3767 2532 3832 000
2552 3753 2682 3804 noanon.

1577 3851 1666 3918 nobis
1688 3851 1783 3918 datar
1805 3851 1953 3938 intelligi,
1976 3851 2059 3936 quod
2084 3851 2138 3938 qui
2161 3851 2193 3918 in
2216 3853 2423 3936 praedicando
2444 3853 2532 3920 Chri-

1578 3965 1661 4026 stum
1684 3957 1769 4024 veris
1790 3959 1865 4024 falsa
1889 3957 2079 4044 permiscent
2101 3959 2228 4024 omniuo
2253 3965 2328 4026 sunt
2356 3959 2531 4042 cohibendi,

1578 4063 1659 4130 sicut
1680 4063 1848 4146 baeretici;
1871 4065 1990 4150 primae
2006 4063 2044 4130 ad
2060 4065 2236 4130 Corinthios
2252 4065 2362 4150 quinto
2378 4067 2418 4132 1⁰:
2443 4067 2532 4134 «440-

1577 4171 1681 4236 dicum
1707 4169 1851 4238 fermenti
1874 4177 1971 4238 totam
1995 4187 2131 4236 massam
2159 4173 2336 4258 corrumpit
2351 4199 2382 4238 0.
2414 4173 2445 4238 Si
2476 4175 2530 4256 qui

1577 4284 1682 4342 autem
1708 4293 1782 4342 4040
1804 4277 2002 4360 0400640004,
2027 4295 2089 4340 000
2114 4283 2219 4342 lamen
2241 4275 2412 4344 intentione
2430 4283 2531 4358 recta,

1578 4381 1751 4448 sustinendi
1775 4387 1864 4460 sunl;
1891 4387 1920 4448 et
1943 4381 1981 4448 de
2006 4379 2121 4448 4044600
2147 4381 2263 4448 6404404
2293 4383 2333 4448 06
2355 4383 2532 4468 Philippen-

1578 4505 1626 4556 ses
1651 4487 1767 4574 primo:
1795 4513 1811 4546 «
1829 4487 1898 4554 Siue
1930 4505 1987 4572 per
2012 4487 2214 4570 occasionem,
2237 4489 2303 4556 0440
2331 4507 2388 4574 004
2418 4489 2532 4556 verita-

1579 4601 1642 4662 tem
1664 4595 1869 4662 annuntietur
1904 4595 2070 4676 Christus,
2093 4601 2125 4662 04
2152 4595 2186 4660 40
2217 4595 2277 4664 600
2312 4597 2450 4682 gaudeo,
2477 4599 2532 4664 sed

1579 4707 1609 4770 et
1640 4701 1824 4788 gaudebo».
1848 4701 1878 4766 Si
1913 4707 2019 4768 autem
2049 4701 2229 4786 praedicant
2262 4721 2337 4770 vera
2371 4711 2401 4772 et
2432 4703 2531 4784 hona,

1580 4815 1610 4876 et
1633 4815 1733 4876 lamen
1767 4827 1830 4874 000
1862 4807 1998 4886 4004004,
2030 4809 2233 4874 nibilominus
2269 4817 2342 4876 0004
2369 4809 2531 4890 00640064;

1580 4913 1723 4982 blatthaei
1747 4913 1899 5000 vigesimo
1920 4913 2070 4982 terti011:
2093 4915 2223 4998 «Super
2240 4917 2420 4984 cathedram
2438 4915 2532 5000 Moysi

1580 5021 1728 5090 sederunt
1763 5021 1884 5088 0044600
1917 5027 1950 5088 04
1978 5021 2181 5088 Pharisaei».
2215 5021 2252 5086 Et
2281 5023 2357 5090 tales
2381 5021 2531 5108 designati

1581 5355 1628 5408 sed
1646 5353 1805 5408 necessitatis
1825 5353 1949 5416 extorsio,
1967 5367 2035 5418 quae
2054 5351 2125 5418 cogit
2142 5353 2252 5418 invitm,
2279 5355 2351 5406 velut
2371 5354 2392 5404 si
2410 5353 2480 5406 servi
2501 5355 2535 5404 l·

1581 5443 1655 5510 gilini
1679 5449 1739 5510 post
1767 5444 1876 5497 mallum
1901 5441 2028 5508 temporis
2054 5441 2195 5494 dominum
2219 5455 2297 5494 salim
2327 5441 2445 5510 videant,
2472 5441 2534 5492 nibil

1582 5533 1651 5586 04406
1668 5535 1720 5586 0404
1737 5531 1773 5586 60
1789 5531 1948 5584 4046044600
1966 5531 2149 5594 deprecantur.

1652 5619 1661 5652 ²
1681 5621 1774 5674 Psalm.
1795 5619 1860 5684 463,
1880 5621 1905 5672 7.
1923 5649 1959 5658 ·-
1977 5619 2095 5672 Subinde
2114 5621 2239 5684 allegatur
2260 5621 2286 5674 ll.
2306 5621 2388 5672 64006.
2406 5619 2439 5684 6,
2458 5621 2501 5672 43.

1652 5707 1662 5738 ⁸
1681 5709 1753 5762 Libr.
1772 5709 1815 5762 lx.
1835 5711 1867 5762 60
1886 5707 1941 5762 Civ.
1961 5707 2021 5774 Dei,
2039 5721 2063 5760 c.
2084 5709 2131 5760 nl:
2149 5707 2262 5762 innotuit
2279 5721 2343 5774 ergo
2362 5707 2535 5762 daemonibus

1582 5813 1634 5850 nou
1653 5811 1701 5862 per
1718 5797 1742 5848 id
1765 5795 1837 5864 quod
1855 5801 1896 5848 est
1907 5795 1959 5846 4440
1973 5801 2078 5846 0040400
2090 5799 2115 5846 04
2129 5795 2215 5846 lumen
2227 5793 2451 5860 incommutabile,
2463 5795 2535 5862 quod
2595 5831 2596 5834 η

1581 5885 1708 5938 illuminat
1726 5883 1811 5948 0400...
1829 5885 1876 5936 006
1895 5897 1942 5948 004
1961 5883 2092 5948 quaedam
2120 5885 2272 5948 temporalia
2291 5897 2354 5936 0000
2383 5883 2485 5936 44440440
2505 5885 2535 5936 04-

1582 5975 1647 6024 lecta
1660 5979 1686 6026 et
1700 5973 1891 6026 occultissimae
1909 5971 1983 6038 signa
2004 5971 2179 6038 praesentiae,
2193 5983 2262 6038 quae
2273 5971 2398 6036 angelicis
2416 5969 2536 6024 sensibus

1583 6063 1660 6116 etiarn
1679 6061 1854 6128 malignorum
1874 6061 2015 6128 spirituum
2032 6061 2121 6126 polius
2139 6075 2217 6128 quam
2237 6061 2382 6120 infirmitati
2399 6059 2535 6114 homiuum

1582 6159 1689 6218 possent
1708 6167 1765 6206 esse
1782 6151 1934 6218 conspicua.

1653 6239 1753 6294 9Libr.
1771 6243 1798 6294 ll.
1818 6243 1842 6294 iu
1861 6243 1923 6294 Luc.
1945 6239 1972 6308 l,
1992 6239 2039 6306 44,
2060 6239 2104 6292 064
2125 6245 2208 6294 textus
2232 6241 2379 6308 originale,
2398 6255 2477 6308 quem
2498 6255 2537 6294 se-

1583 6331 1670 6398 quitur
1691 6335 1757 6394 Vat,
1776 6329 1885 6386 0640404
1910 6343 1960 6396 pro
1985 6329 2102 6398 ablegat,
2124 6329 2197 6398 quod
2224 6331 2329 6386 exbibet
2356 6331 2436 6384 etiam
2459 6329 2535 6386 Cani.

1582 6425 1671 6488 Hugo,
1691 6421 1717 6472 ih
1735 6423 1804 6474 6000
1823 6421 1870 6474 400.
1891 6419 1944 6472 Cir.
1962 6433 2040 6484 supra
2061 6433 2122 6484 pag.
2144 6419 2207 6482 404,
2225 6427 2285 6474 0040
2308 6421 2330 6474 l.

1654 6505 1675 6538 ¹⁰
1695 6509 1770 6562 Pers.
1787 6509 1812 6560 6.
1832 6537 1866 6548 -
1887 6509 2009 6576 Sequitur
2026 6509 2088 6560 Phil.
2110 6509 2138 6572 t,
2158 6509 2166 6560 l
2176 6507 2200 6560 8.

1653 6597 1673 6628 ¹¹
1697 6601 1771 6652 4040.
1789 6599 1815 6650 4.
1832 6625 1867 6638 -
1887 6595 2004 6650 Subinde
2021 6597 2146 6662 allegatur
2163 6599 2226 6650 Luc.
2246 6599 2275 6666 9,
2290 6599 2331 6650 49.
2351 6611 2421 6666 seq:
2435 6599 2538 6654 Praece-

1583 6693 1655 6752 ptor,
1673 6687 1789 6740 vidimus
1808 6687 1941 6754 quendam
1960 6687 1985 6738 40
2004 6685 2109 6740 000600
2129 6692 2172 6739 400
2192 6683 2336 6740 elicientem
2355 6685 2538 6740 daemoniaci

1583 6775 1769 6842 prohibuimus
1786 6789 1860 6842 eum,
1881 6773 1943 6842 0040
1962 6787 2016 6826 000
2027 6773 2144 6842 sequitur
2156 6773 2304 6830 nobiscum.
2322 6777 2351 6830 Et
2365 6777 2399 6828 ait
2411 6775 2447 6830 ad
2465 6775 2537 6830 illum

1584 6863 1729 6936 [loannem]
1751 6867 1834 6918 lesus:
1853 6865 1935 6918 Nolite
1955 6857 2110 6932 probibere3
2124 6863 2169 6932 qui
2183 6863 2253 6918 euim
2265 6881 2320 6920 non
2338 6871 2376 6918 est
2394 6865 2537 6920 adversum

1584 6969 1632 7008 ros
1650 6953 1786 7020 pronubis
1799 6959 1846 7008 est.
1858 6983 1894 6992 -
1904 6953 2011 7006 tulerius
2023 6967 2073 7020 040
2090 6953 2263 7022 manifestata
2282 6957 2304 7010 Α
2315 6953 2333 7010 C
2345 6955 2368 7006 G
2387 6953 2537 7024 manifesta.
