5900 8266
317 2313 348 2358 lia
362 2307 459 2354 tentatio·

322 2363 355 2410 uis
364 2371 459 2408 ansem-

341 2415 433 2460 natione

367 2467 416 2510 tria.

356 2521 456 2564 Primum.

322 3877 448 3922 Secundum.

1082 651 1274 718 COhlhlEh'l'.
1298 655 1336 720 IN
1355 655 1596 726 ,diluentibus
1619 659 1736 726 Laese
1763 657 1793 724 C.
1819 655 1865 722 lt.

2420 659 2460 722 95

483 823 576 888 lesns
612 823 663 890 nit
695 827 762 892 itii:
799 827 930 894 Dictum
966 835 1030 904 est,
1061 827 1177 894 scilicet
1206 829 1437 894 Deuteronomii
1469 835 1473 944 Ι
1593 835 1646 898 iii.
1674 831 1816 898 Tertium
1851 845 1926 894 rem
1958 835 2005 896 est
2030 825 2223 914 praefinitio
2258 829 2411 914 tnrcporis
2443 847 2582 894 accrum.

485 931 617 994 sexto1:
642 929 717 996 Non
750 931 888 998 tentabis
924 931 1101 998 Dominum
1136 931 1239 998 licam
1271 939 1386 1008 thanac
1409 938 1440 1000 et

485 1033 686 1102 Ecclesiastiei
711 1037 832 1102 decimo
852 1043 978 1102 ustam:
1007 1063 1025 1094 «
1040 1035 1105 1102 Noli
1129 1053 1196 1102 esse
1220 1035 1308 1122 qnasi
1334 1037 1437 1114 homo,

484 1139 538 1224 qui
561 1145 661 1205 tentat
689 1141 838 1208 Deum».
862 1141 947 1206 Unde
980 1141 1198 1224 vituperantur
1232 1141 1288 1206 lilii
1325 1141 1437 1218 lsrael,

482 1245 691 1312 Numerorum
716 1245 837 1312 decimo
867 1251 997 1328 quarto,
1023 1245 1140 1330 quibus
1169 1245 1244 1312 dicit
1268 1245 1434 1312 Dominus:

488 1351 732 1416 «laniaverunt
752 1369 803 1420 me
835 1351 896 1416 iam
923 1367 981 1432 per
1001 1351 1109 1416 decern
1137 1351 1221 1416 vices
1235 1375 1266 1414 ».
1298 1351 1436 1414 Tentare

481 1459 585 1520 autem
612 1455 734 1532 bena,
757 1453 840 1520 sicut
861 1453 934 1520 dicit
958 1453 1071 1532 bedae,
1097 1459 1158 1532 est,
1173 1471 1253 1520 cum
1271 1453 1363 1518 homo
1379 1453 1434 1518 ha-

481 1559 646 1642 bet-quid
670 1559 784 1638 iaciat,
801 1559 923 1624 divinae
955 1559 1109 1642 potentiae
1131 1575 1286 1642 quaerere
1307 1557 1434 1642 experi-

479 1671 630 1730 mentum.
657 1665 690 1728 Et
715 1665 872 1750 quianon
910 1663 1063 1750 indigebat
1087 1663 1230 1730 Christus
1255 1665 1313 1728 hoc
1337 1681 1432 1746 expe·

480 1769 614 1834 rimento
635 1767 809 1852 potentiae,
834 1769 933 1834 Deum
966 1769 1089 1834 nolebat
1121 1775 1242 1834 tentare
1278 1783 1335 1834 nec
1367 1767 1433 1832 dia·

479 1873 550 1940 bolo
572 1873 765 1952 consentire,
797 1881 827 1938 et
856 1891 913 1958 por
941 1873 1160 1938 auctoritatem
1187 1871 1347 1956 respondit
1376 1891 1431 1936 au-

479 1979 614 2044 ctoritati
644 1979 819 2064 oppositae,
854 1985 888 2044 ut
923 1977 1029 2044 clavus
1063 1977 1287 2044 retunderetur
1313 1977 1431 2044 virtute

479 2083 556 2150 clavi
569 2085 593 2148 ³.

566 2189 618 2254 23.
642 2191 744 2286 (bers.
773 2189 847 2272 lep.
873 2189 903 2252 E
941 2197 1172 2252 constcmmuta
1203 2187 1294 2254 ornai
1328 2193 1430 2252 teut-

479 2293 570 2362 tionc.
599 2295 762 2380 Postquam
797 2293 962 2376 descripsit
985 2293 1161 2360 tentationis
1182 2293 1375 2360 occasionem
1400 2296 1430 2358 et

478 2399 614 2464 tentandi
637 2399 783 2478 niodum,
808 2399 859 2464 hic
881 2397 1029 2464 describit
1046 2397 1136 2464 tertio
1153 2397 1340 2464 tentationis
1355 2415 1429 2462 con·

476 2503 745 2582 eliminationem,
761 2503 846 2568 circa
861 2517 956 2586 quam
980 2499 1041 2566 tria
1062 2501 1271 2566 insinuantur.
1290 2501 1428 2567 Primum

476 2615 522 2674 est
538 2605 762 2692 rnarcisestatio
774 2605 987 2692 perfectionis
1000 2623 1043 2672 ex
1054 2611 1143 2688 parte
1155 2605 1268 2670 Christi
1282 2605 1428 2672 resisten-

477 2713 530 2788 tis;
555 2717 708 2794 quantum
733 2711 770 2776 ad
795 2709 878 2796 quob
901 2709 991 2776 dicit:
1025 2711 1061 2774 et
1084 2717 1313 2776 consummata
1338 2707 1429 2776 ornari

476 2815 660 2896 tentatione,
676 2817 759 2900 quia,
777 2817 858 2884 sicut
880 2815 995 2900 prius*
1010 2813 1125 2880 dietum
1145 2815 1220 2894 luit,
1236 2815 1338 2882 omnis
1361 2821 1426 2880 ten-

474 2921 551 2986 tatio
573 2921 738 2988 reducitur
759 2921 799 2986 ad
823 2927 886 2986 tres
903 2917 1089 3004 praedictam
1106 2919 1188 2986 uude
1204 2919 1323 3004 primae
1341 2923 1426 2986 locun·

476 3025 522 3092 nis
547 3025 699 3092 secundo:
731 3051 745 3082 ι
761 3025 877 3104 Omne,
903 3025 987 3110 quod
1009 3029 1056 3090 est
1090 3025 1119 3090 in
1154 3025 1287 3104 miundu,
1310 3043 1425 3092 concu-

474 3133 623 3216 piscentia
646 3131 749 3196 carnis
772 3137 818 3198 est
836 3157 852 3190 »
878 3135 936 3196 etc.
963 3131 1044 3196 Hanc
1066 3131 1326 3208 consummavit,
1351 3131 1425 3214 quia
1486 3133 1487 3136 ’

474 3235 627 3322 patienter
663 3235 821 3302 tolerando
854 3235 1031 3318 superarit,
1064 3235 1238 3302 seeundum
1274 3235 1351 3302 illud
1385 3235 1425 3302 ad

473 3341 627 3408 Hebraeos
650 3341 787 3408 secundo
800 3339 830 3404 ⁵:
860 3367 875 3398 ι
890 3339 1025 3406 Docebat
1047 3359 1118 3406 ιιιιιι
1142 3341 1195 3426 qui
1212 3343 1328 3408 multos
1344 3341 1424 3406 lilius

472 3445 503 3512 iu
527 3445 657 3532 gloriam
674 3445 867 3526 adduxerat,
890 3463 946 3528 per
972 3445 1142 3530 passionem
1160 3463 1375 3514 consummare
1391 3475 1423 3524 s,

472 3551 546 3638 quia
567 3551 683 3618 dicitur
713 3549 945 3616 Deuteronomii
971 3547 1126 3634 trigesimo
1154 3551 1306 3616 secundo:
1337 3551 1422 3618 «Dei

473 3655 609 3742 perlecta
631 3662 705 3722 sunt
729 3673 822 3738 opera
835 3681 866 3718 s.

560 3761 612 3826 ib.
636 3759 814 3826 Secundum
832 3769 880 3838 estw
894 3757 1075 3844 confutatio
1096 3757 1357 3846 praesanctionis
1379 3777 1422 3826 en

471 3875 560 3952 parte
581 3865 693 3932 diaboli
727 3865 922 3944 recedentis;
956 3871 1109 3948 quantum
1140 3865 1179 3930 ad
1210 3865 1294 3948 quod
1324 3865 1420 3930 dicit:

470 3969 629 4036 diabolas
664 3967 797 4034 recessit
855 3967 870 4032 b
907 3967 981 4044 iiio‚·
1004 3967 1176 4034 secundum
1212 3969 1289 4034 illud
1321 3967 1420 4034 lacohi

470 4079 582 4156 quarto
596 4073 626 4138 ⁶:
656 4071 829 4140 «desistite
854 4070 988 4150 diabolo,
1011 4077 1044 4136 et
1065 4071 1162 4156 lugiet
1177 4089 1194 4136 a
1211 4071 1298 4138 robis
1313 4097 1344 4136 ι.
1363 4073 1421 4138 lie-

469 4179 581 4256 cessit,
607 4177 723 4244 scilicet
746 4177 912 4254 contusus;
929 4177 1011 4260 quod
1027 4177 1220 4262 designatum
1236 4183 1284 4242 est
1298 4177 1329 4240 in
1348 4193 1420 4260 rege

468 4283 684 4366 assyriorum,
707 4281 813 4366 quarti
836 4283 954 4366 Regum
978 4281 1210 4348 decimonono:
1233 4281 1420 4348 «decedens

469 4389 543 4456 abiit
567 4407 626 4456 rex
650 4387 846 4472 Assyriorum
878 4387 1088 4454 Sennacherib
1103 4411 1133 4466 »3
1159 4385 1242 4472 quod
1265 4387 1419 4470 interpre-

470 4499 555 4558 tatur
578 4491 689 4558 tollens
713 4493 861 4580 deserta,
884 4491 958 4576 quia
988 4489 1128 4556 diabolus
1153 4491 1289 4558 maxime
1310 4507 1419 4576 prose·

467 4597 577 4684 quitur
602 4617 654 4666 eos
678 4597 732 4684 qui
755 4597 867 4664 ιίιιιιι
889 4597 921 4664 in
943 4597 1124 4664 austeritate
1148 4597 1239 4664 ritae.

537 4977 639 5030 1ιἰιι.
675 4979 711 5028 le.
736 5005 770 5016 -
797 4979 853 5030 Duo
880 4993 954 5044 seqq.
983 4979 1031 5030 loci
1058 4985 1118 5032 sunt
1145 4979 1222 5032 Eccli.
1249 4981 1297 5044 18,
1324 4981 1366 5032 23.
1394 4987 1420 5032 ιι

407 5059 412 5070 ’
466 5069 542 5120 Num
563 5065 610 5132 tt,
630 5067 672 5118 22.

534 5151 545 5182 ²
564 5153 633 5206 Libr.
653 5155 671 5206 l,
690 5155 715 5206 in
734 5155 798 5206 Luc.
811 5153 841 5216 l,
862 5155 909 5204 ta:
923 5153 1119 5218 Scrgcerebntur
1131 5155 1201 5206 enim
1222 5153 1344 5222 [Christo]
1364 5159 1419 5206 tan-

462 5255 543 5308 quam
563 5241 676 5306 homini,
700 5247 730 5294 ut
747 5243 822 5306 signo
848 5243 935 5308 aliquo
953 5243 1098 5306 exploraret
1113 5243 1185 5308 ipse,
1205 5249 1317 5310 quantus
1335 5229 1419 5302 esset,

463 5327 490 5380 id
508 5335 556 5392 est,
567 5341 647 5394 quam
668 5329 779 5380 multum
799 5329 870 5392 apud
881 5329 966 5380 Deum
980 5337 1074 5392 posset.
1094 5329 1171 5394 Quod
1191 5329 1284 5380 vitiose
1302 5329 1343 5390 lit,
1356 5341 1416 5380 cum

463 5415 499 5468 nt.
517 5415 629 5468 Pertinet
646 5429 762 5482 namque
781 5415 815 5468 nd
833 5429 924 5468 sonam
943 5415 1104 5478 doctrinam,
1122 5415 1230 5482 quondo
1247 5415 1325 5468 habet
1344 5415 1416 5482 quod

463 5503 538 5554 iaciat
558 5507 648 5566 homo,
668 5517 720 5554 non
740 5509 837 5556 tentare
858 5503 996 5556 Dominum
1014 5503 1098 5556 Deum
1116 5517 1203 5556 suum.

531 5587 543 5620 ³
563 5591 642 5644 Simili
662 5591 743 5642 modo
761 5591 798 5644 ait
814 5591 932 5654 Aristot,
951 5591 984 5644 V.
996 5591 1093 5644 Politia.
1113 5605 1134 5642 c.
1151 5593 1191 5642 ll.
1212 5589 1245 5656 (c.
1264 5575 1314 5660 9.);
1336 5609 1350 5638 c
1363 5589 1416 5644 Cla·

461 5693 512 5730 vus
540 5677 609 5730 enim
636 5679 711 5730 claro
740 5677 894 5748 [truditur],
920 5685 947 5730 ιιι
976 5677 1054 5732 dictat
1076 5675 1288 5744 proverbium».
1310 5677 1415 5740 Cicera,

460 5767 503 5818 111.
528 5767 634 5818 Tuscnl.
653 5767 726 5830 Disp.
745 5781 767 5818 ι.
791 5767 837 5818 35:
863 5767 942 5818 Etiam
962 5779 1032 5818 novo
1057 5767 1165 5832 quidem
1184 5779 1274 5818 autore
1298 5769 1414 5818 veterem

461 5869 579 5906 amorem
599 5861 723 5920 tauquam
737 5855 811 5908 clavo
824 5855 929 5906 clavum
941 5853 1102 5908 eliciundum
1115 5859 1214 5920 putant.
1233 5853 1284 5906 Cir.
1301 5853 1414 5920 Hieron„

458 5939 539 6006 EpIst.
560 5941 620 5994 ¹liii.
638 5941 710 6008 (alias
731 5941 765 6008 l.)
787 5955 810 5994 n.
831 5941 873 5994 tt.
892 5971 927 5980 -
939 5943 989 5994 Pro
1001 5941 1189 5996 retunderetur
1208 5941 1227 5994 C
1247 5939 1413 5996 tundantur.

528 6027 540 6058 ⁴
559 6031 636 6082 Nutu.
656 6031 680 6082 8.
699 6029 876 6096 -Sequitur
894 6033 912 6082 l.
932 6031 999 6082 lonn.
1019 6031 1050 6094 2,
1070 6031 1112 6082 16.

528 6115 540 6144 ⁵
561 6117 633 6170 Vers.
653 6117 694 6168 10.
713 6115 886 6170 -Subinde
905 6119 1030 6182 allegatur
1049 6119 1124 6172 Dent.
1142 6117 1190 6184 32,
1211 6119 1236 6170 i.

457 6199 458 6202 ’
528 6201 540 6234 ⁶
560 6205 633 6258 Vers.
653 6205 733 6256 7.-
752 6205 875 6274 Sequitur
898 6207 940 6260 lV.
964 6211 1030 6272 Reg.
1056 6209 1102 6272 19,
1120 6207 1165 6260 35.
1180 6235 1217 6246 -
1235 6207 1354 6268 Ηιιιοι.,
1377 6205 1412 6258 de

457 6295 587 6348 Noniinib.
609 6293 755 6360 Hebraicis,
780 6301 832 6346 vel.
854 6299 951 6348 testem.
980 6295 1011 6348 de
1030 6297 1145 6360 Ragnar.
1164 6295 1231 6348 libro
1249 6295 1298 6350 lV:
1320 6293 1412 6348 «Sen-

456 6379 595 6444 nacherib,
614 6381 716 6446 tollens,
737 6383 777 6432 vel
790 6383 880 6436 levans
899 6381 1001 6436 deserta
1013 6403 1040 6434 s.
1058 6383 1133 6436 Card.
1147 6385 1230 6448 Heu,
1247 6385 1274 6436 in
1294 6383 1351 6436 lsai.
1364 6383 1410 6446 36,

455 6455 486 6532 ’1,
506 6469 615 6532 mystice
633 6469 702 6520 hune
715 6481 822 6520 versum
842 6469 946 6532 exponit
965 6469 998 6520 de
1016 6467 1121 6522 diabolo
1133 6475 1160 6520 et
1178 6469 1329 6522 satellitibus
1343 6469 1410 6534 suis,

456 6555 502 6622 qui
520 6569 582 6620 prae
602 6557 694 6610 ceteris
712 6555 864 6610 homiuibus
881 6555 1000 6609 infestent
1011 6555 1163 6620 religiosos:
1178 6577 1191 6604 ι
1204 6555 1278 6608 Unde
1295 6571 1410 6622 congrue

455 6643 549 6698 dicitnr
563 6643 709 6714 [diabolus]
723 6643 914 6704 Sennacherib,
927 6643 971 6712 qui
985 6645 1167 6710 interpretatur
1185 6645 1275 6694 tollens
1295 6645 1409 6708 deserta,

456 6731 484 6784 id
497 6739 534 6786 est
547 6733 683 6786 claustras
705 6739 755 6786 etc.
773 6733 857 6786 Codd.
870 6729 963 6786 tollens
979 6729 1122 6796 dest'deria,
1142 6731 1187 6796 qui
1199 6731 1278 6784 etiam
1298 6729 1409 6784 subinde

455 6821 576 6874 omittunt
595 6817 643 6888 qni
659 6819 754 6874 cicant
770 6817 800 6874 in
816 6817 972 6874 austeritate
991 6817 1066 6872 citae.
1085 6817 1134 6868 Pro
1158 6815 1256 6870 seilicet
1280 6815 1409 6882 confusus

455 6907 513 6960 Vat.
530 6907 631 6964 scilieet
647 6919 803 6964 consensus.

1501 943 1593 1018 parte
1625 935 1680 1002 Dei
1711 931 1918 1018 disponentis3
1944 939 2073 1018 propter
2102 931 2189 1016 quod
2222 931 2325 998 addit:
2353 935 2459 1020 Usque

1502 1039 1548 1104 aci
1571 1049 1715 1124 ternpus,
1742 1065 1760 1096 ι
1775 1039 1987 1122 passtouts⁷»,
2006 1039 2122 1106 scilicet
2139 1037 2283 1114 recessit,
2308 1039 2384 1122 quia
2406 1039 2458 1104 ille

1500 1145 1658 1228 malignus
1673 1161 1735 1210 nou
1751 1143 1947 1228 permittitur
1962 1143 2145 1210 malefacere
2156 1141 2215 1210 nisi
2232 1161 2289 1228 pro
2308 1151 2457 1228 tempore,

1499 1267 1563 1334 quo
1588 1249 1671 1316 Deus
1694 1249 1865 1332 permittit,
1892 1249 1963 1316 licet
1984 1267 2107 1332 sempor
2132 1249 2244 1314 malam
2269 1249 2381 1316 haltrat
2404 1267 2459 1314 ro·

1499 1353 1671 1432 luntatem3
1698 1353 1900 1420 Ecclesiastici
1923 1355 2043 1422 decimo
2069 1355 2195 1420 nono⁸:
2222 1381 2238 1412 ι
2256 1357 2285 1420 Si
2304 1355 2458 1422 invenerit

1499 1465 1625 1540 tempus
1640 1456 1878 1536 malefaciendi,
1904 1459 2121 1524 malefaciet».
2142 1459 2175 1522 Ει
2200 1459 2269 1524 ideo
2291 1459 2455 1526 consilium

1498 1567 1545 1626 est
1575 1561 1779 1626 Ecclesiastici
1814 1571 1945 1646 quarto:
1979 1591 1994 1620 «
2012 1563 2063 1628 Fili
2096 1563 2157 1642 mi,
2189 1581 2337 1630 consecra
2376 1573 2454 1630 tent-

1496 1681 1557 1748 pus
1589 1669 1617 1728 et
1652 1663 1820 1728 declinaa
1855 1667 1935 1732 nrslu
1953 1693 1982 1744 »;
2012 1675 2042 1732 et
2074 1667 2111 1732 ad
2149 1667 2295 1750 Ephesios
2327 1669 2454 1752 quinto:

1502 1795 1519 1826 ι
1537 1767 1660 1846 Videte,
1685 1767 1843 1850 quomodo
1865 1777 1956 1836 caute
1971 1771 2155 1852 anlhuletis,
2171 1771 2358 1840 redimentes
2376 1781 2455 1840 tem·

1495 1889 1557 1956 pus
1589 1869 1734 1954 qnoniam
1771 1873 1837 1938 dies
1859 1873 1930 1940 mali
1956 1883 2029 1942 suut
2044 1903 2076 1940 ».
2101 1877 2186 1942 Unde
2210 1895 2282 1942 cnm
2312 1877 2619 1954 diabolusoapusru·

1494 1975 1662 2062 dupliciter
1685 1981 1799 2042 tentet:
1825 1987 1858 2044 ut
1883 1981 1986 2044 draco
2011 1987 2040 2044 et
2073 1981 2118 2044 teo
2133 1981 2155 2058 ⁹,
2187 1981 2290 2064 prium
2324 1981 2452 2048 tentarit
2471 1945 2556 2038 perer
2574 1951 2619 1990 ‘⁰¹¹'

1494 2089 1532 2146 ut
1560 2083 1665 2146 droco
1700 2079 1738 2146 ad
1775 2081 2004 2158 seducendum,
2037 2085 2234 2164 postmodum
2271 2093 2305 2151 ut
2337 2087 2382 2150 leo
2412 2087 2453 2152 ad

1493 2185 1703 2270 frangendum
1727 2185 1758 2248 in
1784 2187 1935 2270 passione.
1964 2189 1992 2254 lu
2018 2187 2119 2272 primo
2144 2189 2223 2254 euim
2243 2197 2340 2256 tentat
2355 2193 2452 2256 emol-

1493 2291 1552 2356 lire
1575 2307 1632 2374 per
1658 2287 1833 2368 blanditias,
1853 2293 1908 2358 sed
1924 2299 1993 2374 post
2010 2291 2132 2368 ridens,
2150 2309 2181 2356 se
2201 2293 2355 2358 modicum
2374 2303 2452 2360 tem-

1493 2411 1554 2478 pus
1578 2393 1714 2470 hahere,
1737 2400 1836 2458 tentat
1859 2397 2004 2480 frangere
2028 2413 2086 2480 per
2111 2413 2243 2478 poenam
2269 2397 2349 2462 unde
2374 2401 2453 2482 upo-

1492 2497 1626 2582 calypsis
1654 2497 1839 2564 duodecimo
1853 2503 1898 2566 1⁰:
1926 2525 1943 2556 «
1960 2499 2124 2566 Descendit
2147 2500 2306 2578 diabolus,
2333 2501 2452 2566 habens

1492 2603 1572 2668 iram
1597 2617 1757 2686 magnam,
1790 2603 1909 2684 sciens,
1933 2605 2018 2688 quod
2048 2603 2207 2670 modicum
2237 2611 2362 2688 tempus
2396 2605 2450 2670 ha-

1490 2707 1561 2776 beat
1579 2735 1608 2770 ».
1627 2707 1664 2772 Et
1678 2707 1746 2772 ideo
1763 2707 1800 2772 ad
1817 2709 2113 2776 consummationem
2141 2709 2289 2794 temporis
2304 2727 2364 2774 non
2385 2725 2452 2794 per-

1490 2809 1717 2890 reneruutilli‚
1733 2809 1901 2896 dequibus
1915 2813 1995 2880 inira
2012 2819 2121 2880 octavo
2138 2813 2267 2892 dicitur,
2283 2811 2366 2896 quod
2385 2839 2400 2870 «
2411 2813 2451 2878 ad

1490 2927 1614 3004 tempus
1636 2917 1770 2984 credunt
1792 2923 1823 2984 et
1840 2919 1868 2986 in
1887 2929 2028 3004 tempore
2050 2919 2228 2986 tentationis
2252 2917 2449 2986 recedunt».

1537 3145 1743 3200 tullentinus
1763 3145 1880 3200 doctriua
1901 3145 2000 3202 christi
2021 3161 2051 3200 ex
2070 3145 2218 3200 testimonio
2237 3145 2398 3214 Scripturas.

1578 3339 1629 3406 te.
1657 3341 1696 3404 lte
1733 3337 1822 3404 lestis
1853 3359 2025 3426 repressas
2054 3349 2112 3408 etc.
2138 3341 2279 3406 Ostendit
2310 3357 2406 3424 supra
2420 3341 2447 3378 1¹

1487 3443 1680 3528 Evangelista
1706 3445 1921 3512 auctoritatem
1946 3445 2105 3512 doctrinae
2129 3445 2242 3512 Christi
2269 3463 2308 3512 ex
2333 3445 2446 3510 merito

1487 3551 1583 3628 ritae3
1608 3551 1659 3616 hic
1679 3551 1817 3616 secundo
1834 3551 1969 3618 ostendit
1983 3569 2026 3616 ex
2042 3551 2223 3616 testimonio
2239 3551 2444 3634 Scriptccrae.

1487 3655 1658 3722 introducit
1680 3673 1755 3740 erqo
1781 3655 1882 3740 primo
1917 3655 2130 3722 testimonium
2163 3665 2199 3724 ut
2225 3655 2445 3724 authenticum
2464 3665 2552 3710 Divisio-

1485 3761 1524 3826 ad
1547 3761 1763 3826 eru-ditionem
1789 3763 2010 3838 oreilmaison,⁸
2034 3763 2169 3828 secundo
2187 3781 2281 3840 reru,
2305 3761 2444 3826 testimo-

1484 3867 1572 3932 nium
1597 3867 1811 3934 authenticum
1838 3867 1873 3934 ad
1900 3865 2157 3952 constrictionem
2189 3865 2442 3944 detrahentium,

1485 3969 1527 4036 ibi
1541 3971 1586 4034 ¹2:
1612 3973 1652 4036 Et
1672 3969 1842 4036 ciiccbant:
1865 3969 1980 4036 Nerine
2003 3967 2055 4036 bie
2080 3979 2124 4036 cst
2147 3971 2237 4054 fiiircs
2264 3969 2400 4054 loseph?>

1554 4195 1639 4248 Primo
1659 4195 1837 4250 testimonium
1856 4195 2007 4264 Scripturas
2026 4193 2134 4248 affertur
2153 4195 2184 4250 ad
2204 4195 2370 4250 eruditionem

1874 4279 2042 4336 credentium.

1584 4495 1615 4558 ln
1655 4493 1861 4578 explicatione
1901 4503 2004 4562 nartem
2044 4495 2222 4562 testimonii
2255 4495 2442 4582 prophetici
2457 4501 2602 4610 ,mili

1482 4605 1618 4682 quotuor
1644 4599 1888 4666 introducuntur
1916 4619 1932 4664 a
1967 4601 2055 4666 beato
2089 4601 2190 4666 Luca:
2224 4601 2360 4684 priunum
2394 4607 2440 4666 est

1553 4975 1563 5008 ²
1584 4981 1617 5032 lto
1631 4981 1720 5032 Glosso
1735 4977 1930 5044 interlinearis,
1945 4993 2013 5046 quac
2028 4979 2160 5044 adiungit:
2176 4999 2188 5024 ι
2203 4981 2308 5048 quando
2321 4993 2370 5032 non
2389 4987 2439 5032 tou·

1483 5071 1538 5118 tum
1557 5067 1635 5132 dolis,
1657 5067 1702 5120 sed
1721 5071 1809 5130 upenc
1830 5065 2022 5130 impugnavit»
2044 5073 2094 5116 ιιι.
2111 5065 2245 5130 ¹imbros,
2267 5067 2307 5120 lv,
2331 5069 2356 5118 in
2377 5071 2436 5120 Luc.

1481 5169 1506 5208 n.
1527 5155 1575 5206 36:
1595 5155 1689 5208 Audito
1718 5155 1805 5220 itaque
1834 5155 1878 5206 lici
1899 5155 2002 5206 nomine
2032 5153 2153 5218 recessit,
2176 5155 2272 5222 iuquit,
2300 5169 2385 5224 risque
2402 5155 2438 5206 ud

1483 5243 1604 5308 ienrpus;
1622 5247 1711 5304 postea
1736 5241 1806 5292 enim
1826 5255 1878 5292 nors
1905 5245 2059 5300 cenaturus,
2084 5239 2128 5290 sed
2159 5249 2247 5304 aperte
2275 5247 2437 5304 pugnaturus

1481 5327 1596 5380 aduenit.
1613 5353 1650 5366 -
1669 5327 1728 5378 Vnt.
1745 5341 1806 5378 cum
1826 5327 1957 5380 nonnullis
1982 5327 2058 5378 codd.
2079 5325 2172 5378 omittit
2194 5327 2345 5394 passionis,
2369 5341 2436 5394 quae

1481 5413 1557 5464 etiam
1577 5413 1698 5478 superius
1719 5427 1767 5478 pro
1787 5417 1900 5482 aprortc
1918 5413 1968 5468 Dei
1983 5413 2148 5482 disponentis
2166 5413 2298 5466 substituit
2321 5411 2438 5470 distincti

1479 5515 1494 5554 a
1515 5503 1582 5566 Deo,
1603 5509 1626 5554 et
1646 5503 1752 5554 interius
1772 5515 1820 5566 pro
1837 5501 2003 5570 perendiitnr
2024 5501 2182 5570 crcuiefuccre
2197 5503 2270 5568 pomi
2279 5505 2367 5572 potest
2385 5505 2435 5556 ten·

1479 5593 1545 5644 turc.
1565 5591 1691 5654 Superius
1717 5603 1764 5654 pro
1787 5587 1941 5658 praefinitio
1966 5587 2018 5642 ΑΒ
2042 5589 2252 5658 pereffluentia,
2279 5591 2334 5642 ltG
2354 5601 2436 5658 proe-

1478 5675 1603 5744 sipueiio,

1548 5761 1557 5794 ⁸
1579 5767 1653 5818 l'ers.
1672 5767 1895 5832 25,postqucn1
1915 5767 1990 5818 Eccli.
2012 5765 2039 5826 l,
2058 5767 2101 5818 23.
2120 5775 2146 5818 et
2165 5769 2229 5830 Eph.
2249 5767 2280 5830 ὅ,
2303 5767 2342 5818 te.
2360 5779 2415 5830 seq.

1547 5847 1698 5914 ungue,
1719 5855 1833 5904 Euerrnt.
1865 5853 1890 5902 in
1912 5855 1950 5904 Ps.
1971 5853 2018 5918 90,
2050 5853 2091 5906 13.
2114 5869 2192 5904 serm.
2222 5855 2244 5904 2.
2275 5869 2301 5904 n.
2321 5855 2354 5902 9:
2383 5855 2433 5904 Leo

1475 5947 1563 6004 operte
1583 5941 1679 6002 saeris,
1704 5941 1785 5992 draco
1804 5943 1906 5992 occulte
1929 5941 2079 6006 insidiatur;
2105 5947 2243 6006 utrannque
2271 5941 2324 5990 sim
2345 5947 2367 5990 ιι
2387 5953 2433 6004 po-

1474 6033 1593 6082 testatem
1612 6027 1689 6080 habet
1708 6025 1827 6080 diabolus
1846 6035 1895 6080 ιιι.
1914 6029 1963 6082 Cir.
1982 6031 2010 6082 ll.
2030 6031 2100 6082 Sent.
2117 6029 2146 6080 ι1.
2165 6029 2206 6080 tl.
2227 6025 2292 6078 duh.
2311 6029 2337 6078 3.
2359 6027 2428 6078 circu

1475 6117 1563 6166 finem.

1548 6201 1569 6232 ¹⁰
1590 6205 1665 6256 l'ers.
1689 6205 1727 6254 li.
1746 6231 1782 6244 —
1803 6203 1920 6256 Subinde
1933 6205 2057 6268 allegetur
2076 6205 2137 6256 Luc.
2159 6205 2185 6266 8,
2213 6205 2257 6262 13.
2270 6229 2303 6242 -
2327 6205 2432 6256 interius

1475 6305 1523 6356 pro
1542 6291 1670 6360 terrrperis
1689 6293 1747 6344 l'nt.
1767 6291 1927 6346 tetrtnh'onis.

1546 6377 1565 6408 ¹¹
1588 6379 1664 6430 Nuus.
1688 6381 1710 6430 l.
1732 6407 1767 6418 -
1787 6381 1834 6430 l‘ro
1853 6379 2039 6436 auctor-tentem
2059 6379 2196 6436 doctrinae
2225 6381 2242 6430 B
2272 6381 2432 6434 crrctlseutice·

1474 6469 1571 6524 tinnem
1590 6469 1736 6524 doctrinae.

1545 6553 1662 6610 13ιἰιι.
1692 6559 1737 6610 ιι.
1760 6587 1795 6596 -
1817 6559 1902 6610 Codd.
1928 6561 1983 6610 All
2009 6559 2040 6624 (a
2062 6559 2177 6612 secunde
2204 6571 2282 6608 manu
2306 6559 2429 6622 correcti)

1473 6644 1575 6708 legunt:
1595 6643 1745 6700 luhedncit
1767 6659 1831 6712 ripe
1848 6643 1938 6714 priene
1964 6645 2145 6700 testinnonium
2160 6643 2373 6712 propheticum...
2394 6659 2430 6698 se·

1473 6727 1560 6784 curtio
1580 6743 1641 6784 cero
1661 6731 1814 6798 ererrrphnu
1834 6729 2014 6784 arctiteuticmn
2037 6739 2085 6784 etc.
2105 6733 2173 6784 llaec
2192 6731 2267 6782 lectio
2291 6731 2430 6784 concordat

1472 6829 1534 6868 cuns
1552 6829 1625 6884 seqq.
