<?xml version="1.0" encoding="UTF-8"?>
<!DOCTYPE html PUBLIC "-//W3C//DTD XHTML 1.0 Transitional//EN"
    "http://www.w3.org/TR/xhtml1/DTD/xhtml1-transitional.dtd">
<html xmlns="http://www.w3.org/1999/xhtml" xml:lang="en" lang="en">
 <head>
  <title>
</title>
<meta http-equiv="Content-Type" content="text/html;charset=utf-8" />
  <meta name='ocr-system' content='tesseract 3.04.00' />
  <meta name='ocr-capabilities' content='ocr_page ocr_carea ocr_par ocr_line ocrx_word'/>
</head>
<body>
  <div class='ocr_page' id='page_1' title='image "./doctorisseraphi01italgoog/doctorisseraphi01italgoog_0577.png"; bbox 0 0 5900 8266; ppageno 0'>
   <div class='ocr_carea' id='block_1_1' title="bbox 491 571 1895 656">
    <p class='ocr_par' dir='ltr' id='par_1_1' title="bbox 491 571 1895 656">
     <span class='ocr_line' id='line_1_1' title="bbox 491 571 1895 656; baseline -0.007 -11"><span class='ocrx_word' id='word_1_1' title='bbox 491 581 553 646; x_wconf 82' lang='grc'>666</span> <span class='ocrx_word' id='word_1_2' title='bbox 973 651 975 656; x_wconf 68' lang='lat'>,</span> <span class='ocrx_word' id='word_1_3' title='bbox 1069 577 1262 644; x_wconf 84' lang='lat' dir='ltr'>COhlhlENT.</span> <span class='ocrx_word' id='word_1_4' title='bbox 1288 579 1325 646; x_wconf 93' lang='lat' dir='ltr'>lN</span> <span class='ocrx_word' id='word_1_5' title='bbox 1349 575 1729 644; x_wconf 76' lang='grc'><strong>616666111111111666</strong></span> <span class='ocrx_word' id='word_1_6' title='bbox 1751 573 1784 640; x_wconf 91' lang='lat' dir='ltr'>C.</span> <span class='ocrx_word' id='word_1_7' title='bbox 1807 571 1895 640; x_wconf 82' lang='lat' dir='ltr'>xxti.</span> 
     </span>
    </p>
   </div>
   <div class='ocr_carea' id='block_1_2' title="bbox 375 751 1446 1468">
    <p class='ocr_par' dir='ltr' id='par_1_2' title="bbox 375 751 1446 1468">
     <span class='ocr_line' id='line_1_2' title="bbox 489 751 1443 832; baseline -0.002 -12"><span class='ocrx_word' id='word_1_8' title='bbox 489 757 615 820; x_wconf 90' lang='lat' dir='ltr'>tenetur</span> <span class='ocrx_word' id='word_1_9' title='bbox 629 751 714 818; x_wconf 90' lang='lat' dir='ltr'>lesus</span> <span class='ocrx_word' id='word_1_10' title='bbox 732 757 761 820; x_wconf 91' lang='lat' dir='ltr'>et</span> <span class='ocrx_word' id='word_1_11' title='bbox 777 751 850 820; x_wconf 92' lang='lat' dir='ltr'>inde</span> <span class='ocrx_word' id='word_1_12' title='bbox 865 751 1004 820; x_wconf 91' lang='lat' dir='ltr'>ascendit</span> <span class='ocrx_word' id='word_1_13' title='bbox 1024 751 1056 818; x_wconf 90' lang='lat' dir='ltr'>in</span> <span class='ocrx_word' id='word_1_14' title='bbox 1072 753 1212 832; x_wconf 88' lang='lat' dir='ltr'>caelum,</span> <span class='ocrx_word' id='word_1_15' title='bbox 1226 757 1260 818; x_wconf 92' lang='lat' dir='ltr'>nt</span> <span class='ocrx_word' id='word_1_16' title='bbox 1273 753 1443 832; x_wconf 91' lang='lat' dir='ltr'>sciremus,</span> 
     </span>
     <span class='ocr_line' id='line_1_3' title="bbox 488 855 1445 944; baseline 0 -22"><span class='ocrx_word' id='word_1_17' title='bbox 488 857 563 942; x_wconf 90' lang='lat' dir='ltr'>quia</span> <span class='ocrx_word' id='word_1_18' title='bbox 585 855 659 922; x_wconf 92' lang='lat' dir='ltr'>inde</span> <span class='ocrx_word' id='word_1_19' title='bbox 681 859 885 924; x_wconf 77' lang='lat' dir='ltr'>ascendemus</span> <span class='ocrx_word' id='word_1_20' title='bbox 909 859 948 922; x_wconf 89' lang='lat' dir='ltr'>ad</span> <span class='ocrx_word' id='word_1_21' title='bbox 972 859 1095 936; x_wconf 90' lang='lat' dir='ltr'>caelos,</span> <span class='ocrx_word' id='word_1_22' title='bbox 1119 857 1202 924; x_wconf 91' lang='lat' dir='ltr'>unde</span> <span class='ocrx_word' id='word_1_23' title='bbox 1228 859 1391 944; x_wconf 79' lang='lat' dir='ltr'>vigilamus</span> <span class='ocrx_word' id='word_1_24' title='bbox 1415 863 1445 924; x_wconf 94' lang='lat' dir='ltr'>et</span> 
     </span>
     <span class='ocr_line' id='line_1_4' title="bbox 488 961 1444 1048; baseline -0.002 -18"><span class='ocrx_word' id='word_1_25' title='bbox 488 979 618 1030; x_wconf 91' lang='lat' dir='ltr'>oramus</span> <span class='ocrx_word' id='word_1_26' title='bbox 639 967 673 1028; x_wconf 91' lang='lat' dir='ltr'>et</span> <span class='ocrx_word' id='word_1_27' title='bbox 695 961 831 1048; x_wconf 75' lang='lat' dir='ltr'>ligamur</span> <span class='ocrx_word' id='word_1_28' title='bbox 856 967 885 1030; x_wconf 92' lang='lat' dir='ltr'>et</span> <span class='ocrx_word' id='word_1_29' title='bbox 910 981 972 1028; x_wconf 94' lang='lat' dir='ltr'>non</span> <span class='ocrx_word' id='word_1_30' title='bbox 996 963 1281 1030; x_wconf 80' lang='lat' dir='ltr'>recalcitramus».</span> <span class='ocrx_word' id='word_1_31' title='bbox 1299 999 1341 1012; x_wconf 88' lang='lat'><em>-</em></span> <span class='ocrx_word' id='word_1_32' title='bbox 1359 961 1444 1028; x_wconf 90' lang='lat' dir='ltr'>Prin-</span> 
     </span>
     <span class='ocr_line' id='line_1_5' title="bbox 375 1065 1443 1150; baseline 0.002 -18"><span class='ocrx_word' id='word_1_33' title='bbox 375 1073 376 1076; x_wconf 75' lang='grc'>’</span> <span class='ocrx_word' id='word_1_34' title='bbox 488 1065 595 1150; x_wconf 90' lang='lat' dir='ltr'>cipalis</span> <span class='ocrx_word' id='word_1_35' title='bbox 625 1071 729 1132; x_wconf 86' lang='lat' dir='ltr'>tamen</span> <span class='ocrx_word' id='word_1_36' title='bbox 760 1067 841 1132; x_wconf 91' lang='lat' dir='ltr'>ratio</span> <span class='ocrx_word' id='word_1_37' title='bbox 871 1073 939 1132; x_wconf 87' lang='lat' dir='ltr'>erat</span> <span class='ocrx_word' id='word_1_38' title='bbox 971 1075 1151 1146; x_wconf 87' lang='lat' dir='ltr'>secretum,</span> <span class='ocrx_word' id='word_1_39' title='bbox 1183 1067 1266 1134; x_wconf 90' lang='lat' dir='ltr'>unde</span> <span class='ocrx_word' id='word_1_40' title='bbox 1301 1075 1332 1134; x_wconf 91' lang='lat' dir='ltr'>et</span> <span class='ocrx_word' id='word_1_41' title='bbox 1364 1067 1443 1134; x_wconf 88' lang='lat' dir='ltr'>solos</span> 
     </span>
     <span class='ocr_line' id='line_1_6' title="bbox 488 1171 1446 1258; baseline 0 -18"><span class='ocrx_word' id='word_1_42' title='bbox 488 1171 628 1258; x_wconf 90' lang='lat' dir='ltr'>permisit</span> <span class='ocrx_word' id='word_1_43' title='bbox 652 1171 698 1240; x_wconf 92' lang='lat' dir='ltr'>ire</span> <span class='ocrx_word' id='word_1_44' title='bbox 721 1171 913 1257; x_wconf 91' lang='lat' dir='ltr'>discipulas;</span> <span class='ocrx_word' id='word_1_45' title='bbox 936 1179 1067 1258; x_wconf 83' lang='lat' dir='ltr'>propter</span> <span class='ocrx_word' id='word_1_46' title='bbox 1092 1173 1177 1258; x_wconf 91' lang='lat' dir='ltr'>quod</span> <span class='ocrx_word' id='word_1_47' title='bbox 1203 1173 1308 1240; x_wconf 87' lang='lat' dir='ltr'>addit:</span> <span class='ocrx_word' id='word_1_48' title='bbox 1334 1171 1446 1240; x_wconf 87' lang='lat' dir='ltr'>Secati</span> 
     </span>
     <span class='ocr_line' id='line_1_7' title="bbox 487 1275 1443 1362; baseline 0 -20"><span class='ocrx_word' id='word_1_49' title='bbox 487 1283 566 1342; x_wconf 86' lang='lat' dir='ltr'>sant</span> <span class='ocrx_word' id='word_1_50' title='bbox 588 1285 699 1342; x_wconf 87' lang='lat' dir='ltr'>autem</span> <span class='ocrx_word' id='word_1_51' title='bbox 725 1277 818 1342; x_wconf 85' lang='lat' dir='ltr'>illum</span> <span class='ocrx_word' id='word_1_52' title='bbox 843 1283 872 1342; x_wconf 88' lang='grc'>66</span> <span class='ocrx_word' id='word_1_53' title='bbox 893 1277 1070 1362; x_wconf 87' lang='lat' dir='ltr'>discipali,</span> <span class='ocrx_word' id='word_1_54' title='bbox 1097 1285 1248 1362; x_wconf 83' lang='lat' dir='ltr'>tanquam</span> <span class='ocrx_word' id='word_1_55' title='bbox 1272 1275 1443 1344; x_wconf 83' lang='lat' dir='ltr'>familiares</span> 
     </span>
     <span class='ocr_line' id='line_1_8' title="bbox 489 1381 1443 1468; baseline -0.004 -18"><span class='ocrx_word' id='word_1_56' title='bbox 489 1389 519 1450; x_wconf 90' lang='lat' dir='ltr'>et</span> <span class='ocrx_word' id='word_1_57' title='bbox 544 1381 674 1468; x_wconf 88' lang='lat' dir='ltr'>privati,</span> <span class='ocrx_word' id='word_1_58' title='bbox 696 1381 875 1468; x_wconf 84' lang='lat' dir='ltr'>intorques</span> <span class='ocrx_word' id='word_1_59' title='bbox 899 1381 992 1450; x_wconf 91' lang='lat' dir='ltr'>etiam</span> <span class='ocrx_word' id='word_1_60' title='bbox 1016 1381 1236 1448; x_wconf 81' lang='lat' dir='ltr'>familiariores</span> <span class='ocrx_word' id='word_1_61' title='bbox 1258 1381 1368 1464; x_wconf 87' lang='lat' dir='ltr'>elegit,</span> <span class='ocrx_word' id='word_1_62' title='bbox 1393 1399 1443 1448; x_wconf 92' lang='lat' dir='ltr'>co-</span> 
     </span>
    </p>
   </div>
   <div class='ocr_carea' id='block_1_3' title="bbox 421 1485 1443 2620">
    <p class='ocr_par' dir='ltr' id='par_1_3' title="bbox 486 1485 1443 1785">
     <span class='ocr_line' id='line_1_9' title="bbox 487 1485 1443 1574; baseline -0.004 -18"><span class='ocrx_word' id='word_1_63' title='bbox 487 1507 555 1556; x_wconf 90' lang='lat' dir='ltr'>ram</span> <span class='ocrx_word' id='word_1_64' title='bbox 578 1489 695 1574; x_wconf 86' lang='lat' dir='ltr'>quihus</span> <span class='ocrx_word' id='word_1_65' title='bbox 719 1489 750 1552; x_wconf 95' lang='lat' dir='ltr'>in</span> <span class='ocrx_word' id='word_1_66' title='bbox 775 1493 880 1554; x_wconf 90' lang='lat' dir='ltr'>monte</span> <span class='ocrx_word' id='word_1_67' title='bbox 906 1487 1151 1572; x_wconf 85' lang='lat' dir='ltr'>transfiguratus</span> <span class='ocrx_word' id='word_1_68' title='bbox 1173 1485 1250 1566; x_wconf 85' lang='lat' dir='ltr'>luit3</span> <span class='ocrx_word' id='word_1_69' title='bbox 1268 1487 1353 1554; x_wconf 93' lang='lat' dir='ltr'>unde</span> <span class='ocrx_word' id='word_1_70' title='bbox 1367 1487 1443 1552; x_wconf 90' lang='lat' dir='ltr'>llat-</span> 
     </span>
     <span class='ocr_line' id='line_1_10' title="bbox 487 1591 1443 1680; baseline 0 -20"><span class='ocrx_word' id='word_1_71' title='bbox 487 1593 568 1662; x_wconf 93' lang='lat' dir='ltr'>thaei</span> <span class='ocrx_word' id='word_1_72' title='bbox 594 1593 743 1680; x_wconf 85' lang='lat' dir='ltr'>vigesimo</span> <span class='ocrx_word' id='word_1_73' title='bbox 770 1595 906 1660; x_wconf 81' lang='lat' dir='ltr'>sexto1:</span> <span class='ocrx_word' id='word_1_74' title='bbox 935 1621 951 1654; x_wconf 74' lang='grc'>6</span> <span class='ocrx_word' id='word_1_75' title='bbox 968 1595 1112 1660; x_wconf 83' lang='grc'><strong>6666666</strong></span> <span class='ocrx_word' id='word_1_76' title='bbox 1140 1595 1231 1660; x_wconf 90' lang='lat' dir='ltr'>Petro</span> <span class='ocrx_word' id='word_1_77' title='bbox 1261 1599 1293 1660; x_wconf 93' lang='lat' dir='ltr'>et</span> <span class='ocrx_word' id='word_1_78' title='bbox 1318 1591 1443 1660; x_wconf 91' lang='lat' dir='ltr'>duobus</span> 
     </span>
     <span class='ocr_line' id='line_1_11' title="bbox 486 1699 1440 1785; baseline -0.004 -17"><span class='ocrx_word' id='word_1_79' title='bbox 486 1701 558 1768; x_wconf 88' lang='lat' dir='ltr'>filiis</span> <span class='ocrx_word' id='word_1_80' title='bbox 580 1701 748 1780; x_wconf 84' lang='lat' dir='ltr'>Zebedaei,</span> <span class='ocrx_word' id='word_1_81' title='bbox 773 1699 874 1785; x_wconf 92' lang='lat' dir='ltr'>coepit</span> <span class='ocrx_word' id='word_1_82' title='bbox 898 1699 1077 1768; x_wconf 89' lang='lat' dir='ltr'>contristari</span> <span class='ocrx_word' id='word_1_83' title='bbox 1102 1705 1132 1768; x_wconf 92' lang='grc'>66</span> <span class='ocrx_word' id='word_1_84' title='bbox 1156 1705 1296 1768; x_wconf 89' lang='lat' dir='ltr'>moestus</span> <span class='ocrx_word' id='word_1_85' title='bbox 1326 1717 1395 1766; x_wconf 93' lang='lat' dir='ltr'>esse</span> <span class='ocrx_word' id='word_1_86' title='bbox 1412 1727 1440 1764; x_wconf 77' lang='grc'>1.</span> 
     </span>
    </p>

    <p class='ocr_par' dir='ltr' id='par_1_4' title="bbox 421 1805 1442 2620">
     <span class='ocr_line' id='line_1_12' title="bbox 575 1805 1442 1890; baseline 0 -16"><span class='ocrx_word' id='word_1_87' title='bbox 575 1809 627 1874; x_wconf 86' lang='grc'>66.</span> <span class='ocrx_word' id='word_1_88' title='bbox 655 1807 754 1890; x_wconf 83' lang='grc'><strong>(1666.</strong></span> <span class='ocrx_word' id='word_1_89' title='bbox 780 1807 859 1890; x_wconf 88' lang='grc'><strong>66.).</strong></span> <span class='ocrx_word' id='word_1_90' title='bbox 883 1805 1027 1874; x_wconf 89' lang='lat' dir='ltr'>Secundo</span> <span class='ocrx_word' id='word_1_91' title='bbox 1050 1813 1205 1890; x_wconf 91' lang='lat' dir='ltr'>quantum</span> <span class='ocrx_word' id='word_1_92' title='bbox 1223 1805 1260 1872; x_wconf 89' lang='lat' dir='ltr'>ad</span> <span class='ocrx_word' id='word_1_93' title='bbox 1278 1807 1442 1874; x_wconf 88' lang='lat' dir='ltr'>orationis</span> 
     </span>
     <span class='ocr_line' id='line_1_13' title="bbox 484 1909 1442 1996; baseline -0.002 -16"><span class='ocrx_word' id='word_1_94' title='bbox 484 1913 738 1980; x_wconf 87' lang='lat' dir='ltr'>sollicitudiuem</span> <span class='ocrx_word' id='word_1_95' title='bbox 760 1931 800 1978; x_wconf 86' lang='lat' dir='ltr'>eac</span> <span class='ocrx_word' id='word_1_96' title='bbox 819 1919 918 1996; x_wconf 90' lang='lat' dir='ltr'>parte</span> <span class='ocrx_word' id='word_1_97' title='bbox 941 1909 1052 1978; x_wconf 88' lang='lat' dir='ltr'>animi</span> <span class='ocrx_word' id='word_1_98' title='bbox 1072 1911 1194 1978; x_wconf 88' lang='lat' dir='ltr'>subdit:</span> <span class='ocrx_word' id='word_1_99' title='bbox 1222 1913 1262 1978; x_wconf 82' lang='grc'>66</span> <span class='ocrx_word' id='word_1_100' title='bbox 1277 1931 1353 1978; x_wconf 91' lang='lat' dir='ltr'>cam</span> <span class='ocrx_word' id='word_1_101' title='bbox 1364 1931 1442 1996; x_wconf 87' lang='lat' dir='ltr'>per-</span> 
     </span>
     <span class='ocr_line' id='line_1_14' title="bbox 421 2007 1442 2116; baseline -0.002 -30"><span class='ocrx_word' id='word_1_102' title='bbox 421 2007 426 2020; x_wconf 79' lang='lat'>&#39;</span> <span class='ocrx_word' id='word_1_103' title='bbox 485 2019 623 2086; x_wconf 86' lang='lat' dir='ltr'>uenisset</span> <span class='ocrx_word' id='word_1_104' title='bbox 645 2019 690 2086; x_wconf 92' lang='lat' dir='ltr'>ad</span> <span class='ocrx_word' id='word_1_105' title='bbox 715 2019 821 2086; x_wconf 90' lang='lat' dir='ltr'>locum</span> <span class='ocrx_word' id='word_1_106' title='bbox 835 2021 866 2098; x_wconf 84' lang='grc'>1,</span> <span class='ocrx_word' id='word_1_107' title='bbox 890 2019 979 2116; x_wconf 77' lang='lat' dir='ltr'>dian</span> <span class='ocrx_word' id='word_1_108' title='bbox 1001 2017 1094 2086; x_wconf 86' lang='lat' dir='ltr'>illis:</span> <span class='ocrx_word' id='word_1_109' title='bbox 1121 2017 1240 2098; x_wconf 86' lang='lat' dir='ltr'>Orate,</span> <span class='ocrx_word' id='word_1_110' title='bbox 1257 2039 1297 2086; x_wconf 89' lang='lat' dir='ltr'>ne</span> <span class='ocrx_word' id='word_1_111' title='bbox 1313 2017 1442 2086; x_wconf 87' lang='lat' dir='ltr'>intretis</span> 
     </span>
     <span class='ocr_line' id='line_1_15' title="bbox 486 2125 1441 2212; baseline 0.002 -20"><span class='ocrx_word' id='word_1_112' title='bbox 486 2125 522 2192; x_wconf 88' lang='lat' dir='ltr'>in</span> <span class='ocrx_word' id='word_1_113' title='bbox 545 2125 759 2194; x_wconf 87' lang='lat' dir='ltr'>tentationem.</span> <span class='ocrx_word' id='word_1_114' title='bbox 788 2127 833 2192; x_wconf 80' lang='lat' dir='ltr'>lix</span> <span class='ocrx_word' id='word_1_115' title='bbox 857 2145 921 2212; x_wconf 84' lang='lat' dir='ltr'>quo</span> <span class='ocrx_word' id='word_1_116' title='bbox 944 2131 1093 2212; x_wconf 88' lang='lat' dir='ltr'>apparet,</span> <span class='ocrx_word' id='word_1_117' title='bbox 1110 2125 1195 2212; x_wconf 91' lang='lat' dir='ltr'>quod</span> <span class='ocrx_word' id='word_1_118' title='bbox 1211 2125 1363 2194; x_wconf 84' lang='lat' dir='ltr'>Dominus</span> <span class='ocrx_word' id='word_1_119' title='bbox 1381 2127 1441 2194; x_wconf 86' lang='grc'><strong>661-</strong></span> 
     </span>
     <span class='ocr_line' id='line_1_16' title="bbox 485 2231 1439 2318; baseline 0.003 -21"><span class='ocrx_word' id='word_1_120' title='bbox 485 2231 567 2298; x_wconf 92' lang='grc'><strong>116166</strong></span> <span class='ocrx_word' id='word_1_121' title='bbox 590 2233 699 2298; x_wconf 90' lang='lat' dir='ltr'>orabat</span> <span class='ocrx_word' id='word_1_122' title='bbox 724 2239 753 2300; x_wconf 94' lang='lat' dir='ltr'>et</span> <span class='ocrx_word' id='word_1_123' title='bbox 778 2233 814 2300; x_wconf 91' lang='lat' dir='ltr'>ad</span> <span class='ocrx_word' id='word_1_124' title='bbox 840 2233 1014 2300; x_wconf 88' lang='lat' dir='ltr'>orationem</span> <span class='ocrx_word' id='word_1_125' title='bbox 1040 2232 1209 2318; x_wconf 88' lang='lat' dir='ltr'>discipulos</span> <span class='ocrx_word' id='word_1_126' title='bbox 1235 2233 1439 2314; x_wconf 90' lang='lat' dir='ltr'>sollicitabat,</span> 
     </span>
     <span class='ocr_line' id='line_1_17' title="bbox 485 2337 1441 2426; baseline 0.002 -22"><span class='ocrx_word' id='word_1_127' title='bbox 485 2343 521 2404; x_wconf 92' lang='lat' dir='ltr'>ut</span> <span class='ocrx_word' id='word_1_128' title='bbox 544 2337 684 2418; x_wconf 91' lang='lat' dir='ltr'>doceret,</span> <span class='ocrx_word' id='word_1_129' title='bbox 701 2339 831 2406; x_wconf 90' lang='lat' dir='ltr'>sollicite</span> <span class='ocrx_word' id='word_1_130' title='bbox 847 2339 1002 2406; x_wconf 89' lang='lat' dir='ltr'>orandum</span> <span class='ocrx_word' id='word_1_131' title='bbox 1025 2347 1158 2426; x_wconf 90' lang='lat' dir='ltr'>propter</span> <span class='ocrx_word' id='word_1_132' title='bbox 1177 2339 1371 2406; x_wconf 89' lang='lat' dir='ltr'>imminentia</span> <span class='ocrx_word' id='word_1_133' title='bbox 1388 2359 1441 2426; x_wconf 90' lang='grc'>66-</span> 
     </span>
     <span class='ocr_line' id='line_1_18' title="bbox 485 2443 1440 2530; baseline 0 -18"><span class='ocrx_word' id='word_1_134' title='bbox 485 2443 594 2512; x_wconf 90' lang='lat' dir='ltr'>ricula.</span> <span class='ocrx_word' id='word_1_135' title='bbox 619 2447 708 2512; x_wconf 89' lang='lat' dir='ltr'>Tunc</span> <span class='ocrx_word' id='word_1_136' title='bbox 723 2445 804 2512; x_wconf 92' lang='lat' dir='ltr'>enim</span> <span class='ocrx_word' id='word_1_137' title='bbox 822 2445 984 2530; x_wconf 91' lang='lat' dir='ltr'>potissime</span> <span class='ocrx_word' id='word_1_138' title='bbox 1000 2445 1134 2514; x_wconf 88' lang='lat' dir='ltr'>orationi</span> <span class='ocrx_word' id='word_1_139' title='bbox 1153 2445 1359 2514; x_wconf 89' lang='lat' dir='ltr'>insistendum</span> <span class='ocrx_word' id='word_1_140' title='bbox 1375 2451 1440 2528; x_wconf 93' lang='lat' dir='ltr'>est,</span> 
     </span>
     <span class='ocr_line' id='line_1_19' title="bbox 485 2551 1441 2620; baseline 0 0"><span class='ocrx_word' id='word_1_141' title='bbox 485 2553 657 2620; x_wconf 89' lang='lat' dir='ltr'>secundum</span> <span class='ocrx_word' id='word_1_142' title='bbox 673 2551 750 2620; x_wconf 90' lang='lat' dir='ltr'>illud</span> <span class='ocrx_word' id='word_1_143' title='bbox 775 2553 885 2620; x_wconf 85' lang='lat' dir='ltr'>Psalmi</span> <span class='ocrx_word' id='word_1_144' title='bbox 900 2553 933 2620; x_wconf 75' lang='lat'>³:</span> <span class='ocrx_word' id='word_1_145' title='bbox 965 2552 1029 2620; x_wconf 74' lang='lat' dir='ltr'>«ln</span> <span class='ocrx_word' id='word_1_146' title='bbox 1052 2552 1103 2620; x_wconf 92' lang='lat' dir='ltr'>die</span> <span class='ocrx_word' id='word_1_147' title='bbox 1125 2553 1339 2620; x_wconf 76' lang='lat' dir='ltr'>tribulationis</span> <span class='ocrx_word' id='word_1_148' title='bbox 1354 2571 1441 2620; x_wconf 93' lang='lat' dir='ltr'>meae</span> 
     </span>
    </p>
   </div>
   <div class='ocr_carea' id='block_1_4' title="bbox 485 2657 1440 2744">
    <p class='ocr_par' dir='ltr' id='par_1_5' title="bbox 485 2657 1440 2744">
     <span class='ocr_line' id='line_1_20' title="bbox 485 2657 1440 2744; baseline 0.002 -22"><span class='ocrx_word' id='word_1_149' title='bbox 485 2659 585 2724; x_wconf 88' lang='lat' dir='ltr'>Deum</span> <span class='ocrx_word' id='word_1_150' title='bbox 615 2657 774 2744; x_wconf 84' lang='lat' dir='ltr'>exquisivi</span> <span class='ocrx_word' id='word_1_151' title='bbox 797 2659 943 2726; x_wconf 89' lang='lat' dir='ltr'>manibus</span> <span class='ocrx_word' id='word_1_152' title='bbox 968 2659 1045 2724; x_wconf 90' lang='lat' dir='ltr'>meis</span> <span class='ocrx_word' id='word_1_153' title='bbox 1061 2683 1077 2716; x_wconf 80' lang='lat'>&gt;›</span> <span class='ocrx_word' id='word_1_154' title='bbox 1106 2663 1164 2724; x_wconf 88' lang='lat' dir='ltr'>etc.</span> <span class='ocrx_word' id='word_1_155' title='bbox 1197 2659 1328 2740; x_wconf 85' lang='lat' dir='ltr'>Quando</span> <span class='ocrx_word' id='word_1_156' title='bbox 1358 2659 1440 2724; x_wconf 91' lang='lat' dir='ltr'>enim</span> 
     </span>
    </p>
   </div>
   <div class='ocr_carea' id='block_1_5' title="bbox 376 2761 1443 2848">
    <p class='ocr_par' dir='ltr' id='par_1_6' title="bbox 376 2761 1443 2848">
     <span class='ocr_line' id='line_1_21' title="bbox 376 2761 1443 2848; baseline -0.002 -18"><span class='ocrx_word' id='word_1_157' title='bbox 376 2799 377 2802; x_wconf 18' lang='grc' dir='ltr'>π</span> <span class='ocrx_word' id='word_1_158' title='bbox 484 2765 618 2832; x_wconf 86' lang='lat' dir='ltr'>tentatio</span> <span class='ocrx_word' id='word_1_159' title='bbox 642 2765 807 2842; x_wconf 87' lang='lat' dir='ltr'>imminet,</span> <span class='ocrx_word' id='word_1_160' title='bbox 833 2769 958 2848; x_wconf 89' lang='lat' dir='ltr'>oportet</span> <span class='ocrx_word' id='word_1_161' title='bbox 988 2769 1063 2832; x_wconf 90' lang='lat' dir='ltr'>tunc</span> <span class='ocrx_word' id='word_1_162' title='bbox 1093 2765 1263 2848; x_wconf 90' lang='lat' dir='ltr'>implorare</span> <span class='ocrx_word' id='word_1_163' title='bbox 1286 2761 1443 2828; x_wconf 83' lang='lat' dir='ltr'>auxilium</span> 
     </span>
    </p>
   </div>
   <div class='ocr_carea' id='block_1_6' title="bbox 438 2867 1442 4218">
    <p class='ocr_par' dir='ltr' id='par_1_7' title="bbox 438 2867 1442 4218">
     <span class='ocr_line' id='line_1_22' title="bbox 438 2867 1440 2950; baseline -0.004 -14"><span class='ocrx_word' id='word_1_164' title='bbox 438 2873 439 2876; x_wconf 75' lang='grc'>’</span> <span class='ocrx_word' id='word_1_165' title='bbox 483 2869 522 2936; x_wconf 93' lang='lat' dir='ltr'>de</span> <span class='ocrx_word' id='word_1_166' title='bbox 545 2869 695 2950; x_wconf 87' lang='lat' dir='ltr'>excelsis,</span> <span class='ocrx_word' id='word_1_167' title='bbox 727 2869 902 2938; x_wconf 89' lang='lat' dir='ltr'>secuudum</span> <span class='ocrx_word' id='word_1_168' title='bbox 928 2869 1007 2934; x_wconf 92' lang='lat' dir='ltr'>illud</span> <span class='ocrx_word' id='word_1_169' title='bbox 1031 2869 1159 2936; x_wconf 87' lang='lat' dir='ltr'>secundi</span> <span class='ocrx_word' id='word_1_170' title='bbox 1182 2867 1440 2950; x_wconf 90' lang='lat' dir='ltr'>Paralipomenon</span> 
     </span>
     <span class='ocr_line' id='line_1_23' title="bbox 484 2971 1441 3060; baseline -0.004 -18"><span class='ocrx_word' id='word_1_171' title='bbox 484 2975 634 3060; x_wconf 90' lang='lat' dir='ltr'>vigesimo</span> <span class='ocrx_word' id='word_1_172' title='bbox 647 2977 678 3040; x_wconf 75' lang='lat'>4:</span> <span class='ocrx_word' id='word_1_173' title='bbox 700 3001 716 3034; x_wconf 83' lang='lat'>«</span> <span class='ocrx_word' id='word_1_174' title='bbox 732 2977 810 3042; x_wconf 86' lang='lat' dir='ltr'>Cam</span> <span class='ocrx_word' id='word_1_175' title='bbox 827 2977 1029 3060; x_wconf 60' lang='lat' dir='ltr'>ignoramus</span> <span class='ocrx_word' id='word_1_176' title='bbox 1046 2973 1123 3059; x_wconf 86' lang='lat' dir='ltr'>quid</span> <span class='ocrx_word' id='word_1_177' title='bbox 1139 2989 1233 3058; x_wconf 87' lang='lat' dir='ltr'>agere</span> <span class='ocrx_word' id='word_1_178' title='bbox 1256 2971 1441 3052; x_wconf 68' lang='lat' dir='ltr'>debeamus</span> 
     </span>
     <span class='ocr_line' id='line_1_24' title="bbox 483 3077 1442 3158; baseline -0.004 -12"><span class='ocrx_word' id='word_1_179' title='bbox 483 3083 543 3148; x_wconf 90' lang='lat' dir='ltr'>hoo</span> <span class='ocrx_word' id='word_1_180' title='bbox 566 3081 669 3148; x_wconf 90' lang='lat' dir='ltr'>solum</span> <span class='ocrx_word' id='word_1_181' title='bbox 692 3079 848 3146; x_wconf 91' lang='lat' dir='ltr'>habemus</span> <span class='ocrx_word' id='word_1_182' title='bbox 869 3079 1008 3158; x_wconf 85' lang='lat' dir='ltr'>residui,</span> <span class='ocrx_word' id='word_1_183' title='bbox 1032 3087 1068 3144; x_wconf 89' lang='lat' dir='ltr'>ut</span> <span class='ocrx_word' id='word_1_184' title='bbox 1092 3079 1200 3144; x_wconf 93' lang='lat' dir='ltr'>oculos</span> <span class='ocrx_word' id='word_1_185' title='bbox 1216 3083 1341 3144; x_wconf 91' lang='lat' dir='ltr'>nostros</span> <span class='ocrx_word' id='word_1_186' title='bbox 1355 3077 1396 3144; x_wconf 93' lang='lat' dir='ltr'>ad</span> <span class='ocrx_word' id='word_1_187' title='bbox 1411 3083 1442 3142; x_wconf 93' lang='lat' dir='ltr'>te</span> 
     </span>
     <span class='ocr_line' id='line_1_25' title="bbox 482 3181 1440 3268; baseline -0.002 -18"><span class='ocrx_word' id='word_1_188' title='bbox 482 3183 702 3268; x_wconf 81' lang='lat' dir='ltr'>dirigamus».</span> <span class='ocrx_word' id='word_1_189' title='bbox 737 3183 817 3250; x_wconf 85' lang='lat' dir='ltr'>Cum</span> <span class='ocrx_word' id='word_1_190' title='bbox 851 3189 957 3250; x_wconf 92' lang='lat' dir='ltr'>autem</span> <span class='ocrx_word' id='word_1_191' title='bbox 989 3181 1086 3248; x_wconf 90' lang='lat' dir='ltr'>homo</span> <span class='ocrx_word' id='word_1_192' title='bbox 1116 3189 1283 3260; x_wconf 87' lang='lat' dir='ltr'>tentatur,</span> <span class='ocrx_word' id='word_1_193' title='bbox 1315 3187 1440 3268; x_wconf 91' lang='lat' dir='ltr'>oportet</span> 
     </span>
     <span class='ocr_line' id='line_1_26' title="bbox 482 3287 1441 3374; baseline 0 -22"><span class='ocrx_word' id='word_1_194' title='bbox 482 3289 588 3374; x_wconf 88' lang='lat' dir='ltr'>ipsum</span> <span class='ocrx_word' id='word_1_195' title='bbox 610 3295 717 3370; x_wconf 92' lang='lat' dir='ltr'>petere</span> <span class='ocrx_word' id='word_1_196' title='bbox 737 3287 913 3366; x_wconf 83' lang='lat' dir='ltr'>auxilium,</span> <span class='ocrx_word' id='word_1_197' title='bbox 937 3305 977 3354; x_wconf 92' lang='lat' dir='ltr'>ne</span> <span class='ocrx_word' id='word_1_198' title='bbox 1000 3287 1167 3368; x_wconf 81' lang='lat' dir='ltr'>vincatur3</span> <span class='ocrx_word' id='word_1_199' title='bbox 1191 3291 1224 3354; x_wconf 92' lang='lat' dir='ltr'>et</span> <span class='ocrx_word' id='word_1_200' title='bbox 1246 3287 1305 3352; x_wconf 94' lang='lat' dir='ltr'>hoc</span> <span class='ocrx_word' id='word_1_201' title='bbox 1322 3289 1441 3374; x_wconf 89' lang='lat' dir='ltr'>petitur</span> 
     </span>
     <span class='ocr_line' id='line_1_27' title="bbox 481 3391 1440 3468; baseline 0 -13"><span class='ocrx_word' id='word_1_202' title='bbox 481 3391 515 3456; x_wconf 93' lang='lat' dir='ltr'>in</span> <span class='ocrx_word' id='word_1_203' title='bbox 539 3391 679 3456; x_wconf 90' lang='lat' dir='ltr'>oratione</span> <span class='ocrx_word' id='word_1_204' title='bbox 703 3391 874 3468; x_wconf 88' lang='lat' dir='ltr'>dominica,</span> <span class='ocrx_word' id='word_1_205' title='bbox 900 3391 1045 3458; x_wconf 89' lang='lat' dir='ltr'>llatthaei</span> <span class='ocrx_word' id='word_1_206' title='bbox 1070 3391 1209 3458; x_wconf 80' lang='lat' dir='ltr'>sexto⁵:</span> <span class='ocrx_word' id='word_1_207' title='bbox 1238 3391 1440 3456; x_wconf 73' lang='grc'><strong>«11666666</strong></span> 
     </span>
     <span class='ocr_line' id='line_1_28' title="bbox 482 3493 1439 3580; baseline 0.002 -20"><span class='ocrx_word' id='word_1_208' title='bbox 482 3493 611 3562; x_wconf 86' lang='lat' dir='ltr'>inducas</span> <span class='ocrx_word' id='word_1_209' title='bbox 634 3495 665 3562; x_wconf 93' lang='lat' dir='ltr'>in</span> <span class='ocrx_word' id='word_1_210' title='bbox 689 3495 894 3562; x_wconf 87' lang='lat' dir='ltr'>tentationem</span> <span class='ocrx_word' id='word_1_211' title='bbox 909 3523 940 3560; x_wconf 76' lang='lat' dir='ltr'>a.</span> <span class='ocrx_word' id='word_1_212' title='bbox 965 3495 1051 3562; x_wconf 90' lang='lat' dir='ltr'>Unde</span> <span class='ocrx_word' id='word_1_213' title='bbox 1069 3497 1123 3580; x_wconf 87' lang='lat' dir='ltr'>qui</span> <span class='ocrx_word' id='word_1_214' title='bbox 1141 3495 1173 3562; x_wconf 93' lang='grc'>16</span> <span class='ocrx_word' id='word_1_215' title='bbox 1192 3495 1362 3562; x_wconf 91' lang='lat' dir='ltr'>tentatione</span> <span class='ocrx_word' id='word_1_216' title='bbox 1377 3515 1439 3562; x_wconf 92' lang='lat' dir='ltr'>nan</span> 
     </span>
     <span class='ocr_line' id='line_1_29' title="bbox 482 3589 1441 3688; baseline -0.003 -18"><span class='ocrx_word' id='word_1_217' title='bbox 482 3601 591 3688; x_wconf 79' lang='lat' dir='ltr'>vigilat</span> <span class='ocrx_word' id='word_1_218' title='bbox 612 3607 645 3668; x_wconf 92' lang='grc'>66</span> <span class='ocrx_word' id='word_1_219' title='bbox 666 3607 736 3668; x_wconf 90' lang='lat' dir='ltr'>orat</span> <span class='ocrx_word' id='word_1_220' title='bbox 764 3589 870 3668; x_wconf 78' lang='grc'><strong>’666166</strong></span> <span class='ocrx_word' id='word_1_221' title='bbox 902 3607 950 3670; x_wconf 93' lang='grc'>666</span> <span class='ocrx_word' id='word_1_222' title='bbox 979 3601 1091 3682; x_wconf 86' lang='lat' dir='ltr'>luris,</span> <span class='ocrx_word' id='word_1_223' title='bbox 1109 3601 1203 3687; x_wconf 89' lang='lat' dir='ltr'>quia,</span> <span class='ocrx_word' id='word_1_224' title='bbox 1231 3619 1304 3670; x_wconf 91' lang='lat' dir='ltr'>oum</span> <span class='ocrx_word' id='word_1_225' title='bbox 1329 3601 1441 3670; x_wconf 85' lang='lat' dir='ltr'>sentiat</span> 
     </span>
     <span class='ocr_line' id='line_1_30' title="bbox 481 3705 1440 3786; baseline 0 -14"><span class='ocrx_word' id='word_1_226' title='bbox 481 3709 605 3786; x_wconf 77' lang='grc'><strong>1666166,</strong></span> <span class='ocrx_word' id='word_1_227' title='bbox 629 3725 692 3774; x_wconf 91' lang='grc'>666</span> <span class='ocrx_word' id='word_1_228' title='bbox 716 3709 829 3774; x_wconf 91' lang='lat' dir='ltr'>clamat</span> <span class='ocrx_word' id='word_1_229' title='bbox 851 3707 891 3772; x_wconf 91' lang='lat' dir='ltr'>ad</span> <span class='ocrx_word' id='word_1_230' title='bbox 911 3705 1079 3774; x_wconf 88' lang='lat' dir='ltr'>Dominum</span> <span class='ocrx_word' id='word_1_231' title='bbox 1103 3709 1200 3776; x_wconf 91' lang='lat' dir='ltr'>castri</span> <span class='ocrx_word' id='word_1_232' title='bbox 1215 3714 1246 3776; x_wconf 87' lang='lat' dir='ltr'>et</span> <span class='ocrx_word' id='word_1_233' title='bbox 1268 3707 1440 3776; x_wconf 86' lang='grc'><strong>61666611-</strong></span> 
     </span>
     <span class='ocr_line' id='line_1_31' title="bbox 482 3807 1439 3900; baseline 0.002 -20"><span class='ocrx_word' id='word_1_234' title='bbox 482 3821 546 3892; x_wconf 84' lang='grc'><strong>666,</strong></span> <span class='ocrx_word' id='word_1_235' title='bbox 570 3817 606 3880; x_wconf 89' lang='grc'>66</span> <span class='ocrx_word' id='word_1_236' title='bbox 629 3807 828 3880; x_wconf 88' lang='lat' dir='ltr'>succurrant.</span> <span class='ocrx_word' id='word_1_237' title='bbox 858 3813 945 3880; x_wconf 91' lang='lat' dir='ltr'>Unde</span> <span class='ocrx_word' id='word_1_238' title='bbox 976 3831 1074 3900; x_wconf 89' lang='lat' dir='ltr'>supra</span> <span class='ocrx_word' id='word_1_239' title='bbox 1104 3813 1255 3900; x_wconf 81' lang='lat' dir='ltr'>vigesimo</span> <span class='ocrx_word' id='word_1_240' title='bbox 1289 3815 1439 3900; x_wconf 68' lang='lat' dir='ltr'>primoi:</span> 
     </span>
     <span class='ocr_line' id='line_1_32' title="bbox 487 3919 1439 4008; baseline 0.008 -28"><span class='ocrx_word' id='word_1_241' title='bbox 487 3919 651 4006; x_wconf 87' lang='lat' dir='ltr'>«Vigilate</span> <span class='ocrx_word' id='word_1_242' title='bbox 673 3921 758 3986; x_wconf 81' lang='lat' dir='ltr'>ouini</span> <span class='ocrx_word' id='word_1_243' title='bbox 783 3925 924 4006; x_wconf 91' lang='lat' dir='ltr'>tempore</span> <span class='ocrx_word' id='word_1_244' title='bbox 945 3929 1089 4002; x_wconf 89' lang='lat' dir='ltr'>orantes,</span> <span class='ocrx_word' id='word_1_245' title='bbox 1106 3927 1143 3988; x_wconf 93' lang='lat' dir='ltr'>ut</span> <span class='ocrx_word' id='word_1_246' title='bbox 1158 3919 1242 4008; x_wconf 90' lang='lat' dir='ltr'>digni</span> <span class='ocrx_word' id='word_1_247' title='bbox 1262 3921 1439 3990; x_wconf 85' lang='lat' dir='ltr'>habeamini</span> 
     </span>
     <span class='ocr_line' id='line_1_33' title="bbox 480 4025 1369 4118; baseline -0.006 -27"><span class='ocrx_word' id='word_1_248' title='bbox 480 4026 592 4112; x_wconf 87' lang='lat' dir='ltr'>lugere</span> <span class='ocrx_word' id='word_1_249' title='bbox 614 4025 673 4094; x_wconf 89' lang='lat' dir='ltr'>ista</span> <span class='ocrx_word' id='word_1_250' title='bbox 697 4027 818 4106; x_wconf 93' lang='lat' dir='ltr'>omnia,</span> <span class='ocrx_word' id='word_1_251' title='bbox 842 4043 924 4112; x_wconf 90' lang='lat' dir='ltr'>quae</span> <span class='ocrx_word' id='word_1_252' title='bbox 947 4033 1082 4094; x_wconf 89' lang='lat' dir='ltr'>ventura</span> <span class='ocrx_word' id='word_1_253' title='bbox 1104 4033 1178 4094; x_wconf 91' lang='lat' dir='ltr'>sunt</span> <span class='ocrx_word' id='word_1_254' title='bbox 1195 4053 1225 4092; x_wconf 75' lang='grc'>1.</span> <span class='ocrx_word' id='word_1_255' title='bbox 1368 4115 1369 4118; x_wconf 8' lang='lat'>¹</span> 
     </span>
     <span class='ocr_line' id='line_1_34' title="bbox 572 4131 1440 4218; baseline 0 -20"><span class='ocrx_word' id='word_1_256' title='bbox 572 4131 623 4198; x_wconf 85' lang='grc'>63.</span> <span class='ocrx_word' id='word_1_257' title='bbox 650 4133 750 4212; x_wconf 80' lang='lat' dir='ltr'>(Veis.</span> <span class='ocrx_word' id='word_1_258' title='bbox 776 4133 853 4216; x_wconf 75' lang='grc'><strong>66).</strong></span> <span class='ocrx_word' id='word_1_259' title='bbox 879 4133 984 4198; x_wconf 90' lang='lat' dir='ltr'>Tertio</span> <span class='ocrx_word' id='word_1_260' title='bbox 1018 4137 1171 4218; x_wconf 86' lang='lat' dir='ltr'>quantum</span> <span class='ocrx_word' id='word_1_261' title='bbox 1205 4133 1244 4200; x_wconf 84' lang='grc'>661</span> <span class='ocrx_word' id='word_1_262' title='bbox 1276 4131 1440 4200; x_wconf 86' lang='lat' dir='ltr'>orationis</span> 
     </span>
    </p>
   </div>
   <div class='ocr_carea' id='block_1_7' title="bbox 314 4237 1439 4324">
    <p class='ocr_par' dir='ltr' id='par_1_8' title="bbox 314 4237 1439 4324">
     <span class='ocr_line' id='line_1_35' title="bbox 314 4237 1439 4324; baseline -0.001 -21"><span class='ocrx_word' id='word_1_263' title='bbox 314 4237 680 4306; x_wconf 63' lang='lat' dir='ltr'>bersana-demtionem</span> <span class='ocrx_word' id='word_1_264' title='bbox 705 4255 744 4304; x_wconf 88' lang='grc'>66</span> <span class='ocrx_word' id='word_1_265' title='bbox 767 4243 863 4322; x_wconf 88' lang='lat' dir='ltr'>parte</span> <span class='ocrx_word' id='word_1_266' title='bbox 896 4237 987 4304; x_wconf 88' lang='lat' dir='ltr'>modi</span> <span class='ocrx_word' id='word_1_267' title='bbox 1010 4237 1134 4304; x_wconf 87' lang='lat' dir='ltr'>orandi</span> <span class='ocrx_word' id='word_1_268' title='bbox 1156 4237 1282 4306; x_wconf 87' lang='lat' dir='ltr'>subdit:</span> <span class='ocrx_word' id='word_1_269' title='bbox 1309 4237 1439 4324; x_wconf 82' lang='grc'><strong>1661666</strong></span> 
     </span>
    </p>
   </div>
   <div class='ocr_carea' id='block_1_8' title="bbox 476 4341 1440 5066">
    <p class='ocr_par' dir='ltr' id='par_1_9' title="bbox 476 4341 1440 5066">
     <span class='ocr_line' id='line_1_36' title="bbox 480 4341 1440 4432; baseline -0.004 -20"><span class='ocrx_word' id='word_1_270' title='bbox 480 4343 620 4412; x_wconf 87' lang='lat' dir='ltr'>auulsas</span> <span class='ocrx_word' id='word_1_271' title='bbox 644 4351 691 4410; x_wconf 85' lang='lat' dir='ltr'>est</span> <span class='ocrx_word' id='word_1_272' title='bbox 712 4341 755 4410; x_wconf 88' lang='grc'>66</span> <span class='ocrx_word' id='word_1_273' title='bbox 779 4343 845 4424; x_wconf 90' lang='lat' dir='ltr'>eis,</span> <span class='ocrx_word' id='word_1_274' title='bbox 869 4351 1034 4432; x_wconf 76' lang='lat' dir='ltr'>quantum</span> <span class='ocrx_word' id='word_1_275' title='bbox 1057 4343 1167 4410; x_wconf 84' lang='lat' dir='ltr'>iactus</span> <span class='ocrx_word' id='word_1_276' title='bbox 1184 4343 1389 4432; x_wconf 75' lang='grc'><strong>6661666116,</strong></span> <span class='ocrx_word' id='word_1_277' title='bbox 1409 4349 1440 4408; x_wconf 84' lang='lat' dir='ltr'>et</span> 
     </span>
     <span class='ocr_line' id='line_1_37' title="bbox 476 4449 1437 4538; baseline -0.002 -20"><span class='ocrx_word' id='word_1_278' title='bbox 476 4449 595 4538; x_wconf 79' lang='lat' dir='ltr'>positis</span> <span class='ocrx_word' id='word_1_279' title='bbox 615 4449 755 4538; x_wconf 80' lang='lat' dir='ltr'>persidas</span> <span class='ocrx_word' id='word_1_280' title='bbox 778 4449 918 4528; x_wconf 84' lang='lat' dir='ltr'>orabat,-</span> <span class='ocrx_word' id='word_1_281' title='bbox 942 4451 973 4516; x_wconf 92' lang='lat' dir='ltr'>in</span> <span class='ocrx_word' id='word_1_282' title='bbox 998 4469 1062 4536; x_wconf 86' lang='lat' dir='ltr'>quo</span> <span class='ocrx_word' id='word_1_283' title='bbox 1086 4451 1221 4518; x_wconf 87' lang='lat' dir='ltr'>ostendit</span> <span class='ocrx_word' id='word_1_284' title='bbox 1240 4451 1437 4518; x_wconf 79' lang='lat' dir='ltr'>devotionem</span> 
     </span>
     <span class='ocr_line' id='line_1_38' title="bbox 479 4555 1437 4634; baseline -0.004 -10"><span class='ocrx_word' id='word_1_285' title='bbox 479 4565 512 4624; x_wconf 89' lang='lat' dir='ltr'>et</span> <span class='ocrx_word' id='word_1_286' title='bbox 534 4555 745 4624; x_wconf 87' lang='lat' dir='ltr'>humilitatem</span> <span class='ocrx_word' id='word_1_287' title='bbox 770 4561 799 4624; x_wconf 90' lang='grc'>66</span> <span class='ocrx_word' id='word_1_288' title='bbox 823 4555 1033 4624; x_wconf 91' lang='lat' dir='ltr'>reverentiam</span> <span class='ocrx_word' id='word_1_289' title='bbox 1057 4555 1169 4634; x_wconf 89' lang='lat' dir='ltr'>cardis.</span> <span class='ocrx_word' id='word_1_290' title='bbox 1199 4555 1286 4624; x_wconf 91' lang='lat' dir='ltr'>Unde</span> <span class='ocrx_word' id='word_1_291' title='bbox 1310 4555 1437 4622; x_wconf 67' lang='lat' dir='ltr'>esaar:</span> 
     </span>
     <span class='ocr_line' id='line_1_39' title="bbox 485 4661 1437 4750; baseline -0.002 -20"><span class='ocrx_word' id='word_1_292' title='bbox 485 4661 647 4738; x_wconf 77' lang='lat' dir='ltr'>«Orabat</span> <span class='ocrx_word' id='word_1_293' title='bbox 674 4663 793 4748; x_wconf 86' lang='lat' dir='ltr'>positis</span> <span class='ocrx_word' id='word_1_294' title='bbox 824 4663 981 4750; x_wconf 82' lang='lat' dir='ltr'>panibus,</span> <span class='ocrx_word' id='word_1_295' title='bbox 1014 4669 1050 4730; x_wconf 89' lang='lat' dir='ltr'>ut</span> <span class='ocrx_word' id='word_1_296' title='bbox 1085 4661 1293 4730; x_wconf 92' lang='lat' dir='ltr'>humilitatem</span> <span class='ocrx_word' id='word_1_297' title='bbox 1325 4661 1437 4728; x_wconf 89' lang='lat' dir='ltr'>mentis</span> 
     </span>
     <span class='ocr_line' id='line_1_40' title="bbox 479 4767 1437 4854; baseline -0.002 -18"><span class='ocrx_word' id='word_1_298' title='bbox 479 4769 1005 4854; x_wconf 80' lang='grc'><strong>1661666666666166666666666».</strong></span> <span class='ocrx_word' id='word_1_299' title='bbox 1028 4769 1065 4834; x_wconf 86' lang='lat' dir='ltr'>Et</span> <span class='ocrx_word' id='word_1_300' title='bbox 1089 4769 1149 4836; x_wconf 93' lang='lat' dir='ltr'>hoc</span> <span class='ocrx_word' id='word_1_301' title='bbox 1172 4767 1299 4854; x_wconf 87' lang='lat' dir='ltr'>quidem</span> <span class='ocrx_word' id='word_1_302' title='bbox 1325 4785 1437 4834; x_wconf 88' lang='lat' dir='ltr'>conve-</span> 
     </span>
     <span class='ocr_line' id='line_1_41' title="bbox 479 4873 1437 4960; baseline -0.006 -18"><span class='ocrx_word' id='word_1_303' title='bbox 479 4877 680 4956; x_wconf 87' lang='grc'><strong>616666666;</strong></span> <span class='ocrx_word' id='word_1_304' title='bbox 705 4895 776 4942; x_wconf 91' lang='lat' dir='ltr'>nam</span> <span class='ocrx_word' id='word_1_305' title='bbox 800 4875 872 4942; x_wconf 89' lang='lat' dir='ltr'>talis</span> <span class='ocrx_word' id='word_1_306' title='bbox 895 4875 995 4942; x_wconf 93' lang='lat' dir='ltr'>oratio</span> <span class='ocrx_word' id='word_1_307' title='bbox 1019 4873 1158 4940; x_wconf 83' lang='lat' dir='ltr'>maxime</span> <span class='ocrx_word' id='word_1_308' title='bbox 1181 4873 1300 4960; x_wconf 90' lang='lat' dir='ltr'>placet,</span> <span class='ocrx_word' id='word_1_309' title='bbox 1326 4891 1437 4940; x_wconf 90' lang='lat' dir='ltr'>secun-</span> 
     </span>
     <span class='ocr_line' id='line_1_42' title="bbox 478 4975 1437 5066; baseline -0.004 -18"><span class='ocrx_word' id='word_1_310' title='bbox 478 4983 555 5050; x_wconf 92' lang='lat' dir='ltr'>dum</span> <span class='ocrx_word' id='word_1_311' title='bbox 587 4981 662 5050; x_wconf 86' lang='grc'><strong>11166</strong></span> <span class='ocrx_word' id='word_1_312' title='bbox 686 4981 892 5050; x_wconf 87' lang='lat' dir='ltr'>Ecclesiastici</span> <span class='ocrx_word' id='word_1_313' title='bbox 920 4981 1081 5066; x_wconf 83' lang='lat' dir='ltr'>trigesimo</span> <span class='ocrx_word' id='word_1_314' title='bbox 1112 4979 1266 5066; x_wconf 66' lang='lat' dir='ltr'>quintoi:</span> <span class='ocrx_word' id='word_1_315' title='bbox 1296 4975 1437 5044; x_wconf 80' lang='lat' dir='ltr'>«Oratio</span> 
     </span>
    </p>
   </div>
   <div class='ocr_carea' id='block_1_9' title="bbox 477 5365 1438 6944">
    <p class='ocr_par' dir='ltr' id='par_1_10' title="bbox 478 5365 1438 5526">
     <span class='ocr_line' id='line_1_43' title="bbox 550 5365 1438 5434; baseline 0 -12"><span class='ocrx_word' id='word_1_316' title='bbox 550 5367 559 5400; x_wconf 88' lang='lat'><strong>¹</strong></span> <span class='ocrx_word' id='word_1_317' title='bbox 580 5371 655 5422; x_wconf 88' lang='lat' dir='ltr'>Vers.</span> <span class='ocrx_word' id='word_1_318' title='bbox 674 5367 724 5432; x_wconf 85' lang='lat' dir='ltr'>ar;</span> <span class='ocrx_word' id='word_1_319' title='bbox 744 5371 792 5422; x_wconf 89' lang='lat' dir='ltr'>cir.</span> <span class='ocrx_word' id='word_1_320' title='bbox 811 5383 891 5434; x_wconf 88' lang='lat' dir='ltr'>supra</span> <span class='ocrx_word' id='word_1_321' title='bbox 909 5383 932 5422; x_wconf 91' lang='grc'>6.</span> <span class='ocrx_word' id='word_1_322' title='bbox 954 5369 976 5420; x_wconf 91' lang='grc'><strong>9.</strong></span> <span class='ocrx_word' id='word_1_323' title='bbox 998 5383 1024 5420; x_wconf 89' lang='grc'>6.</span> <span class='ocrx_word' id='word_1_324' title='bbox 1044 5367 1086 5418; x_wconf 84' lang='grc'>66.</span> <span class='ocrx_word' id='word_1_325' title='bbox 1105 5395 1141 5406; x_wconf 89' lang='lat'>-</span> <span class='ocrx_word' id='word_1_326' title='bbox 1159 5367 1286 5432; x_wconf 82' lang='lat' dir='ltr'>Superius</span> <span class='ocrx_word' id='word_1_327' title='bbox 1306 5381 1353 5434; x_wconf 90' lang='lat' dir='ltr'>pro</span> <span class='ocrx_word' id='word_1_328' title='bbox 1368 5365 1438 5422; x_wconf 85' lang='lat' dir='ltr'>inter</span> 
     </span>
     <span class='ocr_line' id='line_1_44' title="bbox 478 5453 1133 5526; baseline -0.006 -14"><span class='ocrx_word' id='word_1_329' title='bbox 478 5471 546 5526; x_wconf 80' lang='lat' dir='ltr'>qaas</span> <span class='ocrx_word' id='word_1_330' title='bbox 566 5455 646 5512; x_wconf 85' lang='grc'><strong>661666</strong></span> <span class='ocrx_word' id='word_1_331' title='bbox 663 5455 858 5526; x_wconf 71' lang='lat' dir='ltr'>familiariores</span> <span class='ocrx_word' id='word_1_332' title='bbox 879 5457 938 5510; x_wconf 87' lang='lat' dir='ltr'>Vat.</span> <span class='ocrx_word' id='word_1_333' title='bbox 957 5469 1023 5524; x_wconf 81' lang='grc'><strong>6666</strong></span> <span class='ocrx_word' id='word_1_334' title='bbox 1042 5453 1133 5510; x_wconf 90' lang='lat' dir='ltr'>etiam.</span> 
     </span>
    </p>

    <p class='ocr_par' dir='ltr' id='par_1_11' title="bbox 477 5541 1437 5776">
     <span class='ocr_line' id='line_1_45' title="bbox 549 5541 1437 5600; baseline -0.005 0"><span class='ocrx_word' id='word_1_335' title='bbox 549 5545 561 5576; x_wconf 78' lang='grc'>1</span> <span class='ocrx_word' id='word_1_336' title='bbox 580 5545 663 5600; x_wconf 82' lang='lat' dir='ltr'>Codri.</span> <span class='ocrx_word' id='word_1_337' title='bbox 682 5545 795 5598; x_wconf 76' lang='lat' dir='ltr'>cuuis</span> <span class='ocrx_word' id='word_1_338' title='bbox 815 5545 850 5598; x_wconf 88' lang='lat' dir='ltr'>ad</span> <span class='ocrx_word' id='word_1_339' title='bbox 869 5557 931 5598; x_wconf 88' lang='lat' dir='ltr'>eum</span> <span class='ocrx_word' id='word_1_340' title='bbox 950 5543 1048 5598; x_wconf 88' lang='lat' dir='ltr'>locum.</span> <span class='ocrx_word' id='word_1_341' title='bbox 1068 5544 1157 5600; x_wconf 85' lang='lat' dir='ltr'>Glossa</span> <span class='ocrx_word' id='word_1_342' title='bbox 1171 5541 1372 5596; x_wconf 79' lang='lat' dir='ltr'>interlinearis:</span> <span class='ocrx_word' id='word_1_343' title='bbox 1392 5545 1437 5596; x_wconf 89' lang='lat' dir='ltr'>Se-</span> 
     </span>
     <span class='ocr_line' id='line_1_46' title="bbox 478 5631 1437 5702; baseline 0 -16"><span class='ocrx_word' id='word_1_344' title='bbox 478 5635 596 5688; x_wconf 87' lang='lat' dir='ltr'>cundum</span> <span class='ocrx_word' id='word_1_345' title='bbox 616 5635 680 5686; x_wconf 88' lang='lat' dir='ltr'>alios</span> <span class='ocrx_word' id='word_1_346' title='bbox 700 5633 798 5702; x_wconf 89' lang='lat' dir='ltr'>[llattb.</span> <span class='ocrx_word' id='word_1_347' title='bbox 819 5635 867 5698; x_wconf 88' lang='grc'>66,</span> <span class='ocrx_word' id='word_1_348' title='bbox 887 5635 939 5698; x_wconf 85' lang='grc'>96;</span> <span class='ocrx_word' id='word_1_349' title='bbox 959 5635 1036 5686; x_wconf 86' lang='grc'><strong>11666.</strong></span> <span class='ocrx_word' id='word_1_350' title='bbox 1057 5631 1102 5698; x_wconf 87' lang='grc'>16,</span> <span class='ocrx_word' id='word_1_351' title='bbox 1124 5631 1181 5702; x_wconf 80' lang='grc'>36]</span> <span class='ocrx_word' id='word_1_352' title='bbox 1200 5633 1227 5684; x_wconf 90' lang='grc'>16</span> <span class='ocrx_word' id='word_1_353' title='bbox 1246 5633 1347 5696; x_wconf 87' lang='lat' dir='ltr'>villam,</span> <span class='ocrx_word' id='word_1_354' title='bbox 1368 5647 1437 5700; x_wconf 87' lang='lat' dir='ltr'>quae</span> 
     </span>
     <span class='ocr_line' id='line_1_47' title="bbox 477 5723 766 5776; baseline 0 0"><span class='ocrx_word' id='word_1_355' title='bbox 477 5723 573 5776; x_wconf 90' lang='lat' dir='ltr'>dicitur</span> <span class='ocrx_word' id='word_1_356' title='bbox 590 5725 766 5776; x_wconf 89' lang='lat' dir='ltr'>Gethsemaui.</span> 
     </span>
    </p>

    <p class='ocr_par' dir='ltr' id='par_1_12' title="bbox 505 5809 786 5876">
     <span class='ocr_line' id='line_1_48' title="bbox 505 5809 786 5876; baseline 0 -10"><span class='ocrx_word' id='word_1_357' title='bbox 505 5823 508 5832; x_wconf 69' lang='lat'><strong>⁴</strong></span> <span class='ocrx_word' id='word_1_358' title='bbox 550 5809 741 5876; x_wconf 78' lang='grc'><strong>1666166.16,</strong></span> <span class='ocrx_word' id='word_1_359' title='bbox 763 5815 786 5866; x_wconf 89' lang='lat'>3.</span> 
     </span>
    </p>

    <p class='ocr_par' dir='ltr' id='par_1_13' title="bbox 477 5887 1436 6324">
     <span class='ocr_line' id='line_1_49' title="bbox 548 5887 1436 5970; baseline 0.005 -18"><span class='ocrx_word' id='word_1_360' title='bbox 548 5899 655 5954; x_wconf 83' lang='grc'><strong>111666.</strong></span> <span class='ocrx_word' id='word_1_361' title='bbox 675 5903 717 5954; x_wconf 89' lang='grc'>16.</span> <span class='ocrx_word' id='word_1_362' title='bbox 738 5929 774 5940; x_wconf 89' lang='lat'>-</span> <span class='ocrx_word' id='word_1_363' title='bbox 791 5903 881 5956; x_wconf 86' lang='lat' dir='ltr'>Glossa</span> <span class='ocrx_word' id='word_1_364' title='bbox 901 5899 1044 5956; x_wconf 87' lang='lat' dir='ltr'>ordinaria</span> <span class='ocrx_word' id='word_1_365' title='bbox 1065 5899 1106 5966; x_wconf 79' lang='lat' dir='ltr'>(ex</span> <span class='ocrx_word' id='word_1_366' title='bbox 1130 5901 1214 5968; x_wconf 89' lang='lat' dir='ltr'>Beda,</span> <span class='ocrx_word' id='word_1_367' title='bbox 1243 5901 1289 5970; x_wconf 86' lang='grc'>661</span> <span class='ocrx_word' id='word_1_368' title='bbox 1318 5887 1436 5968; x_wconf 84' lang='lat' dir='ltr'>sequitur</span> 
     </span>
     <span class='ocr_line' id='line_1_50' title="bbox 477 5989 1436 6058; baseline 0.002 -16"><span class='ocrx_word' id='word_1_369' title='bbox 477 5989 597 6054; x_wconf 81' lang='lat' dir='ltr'>hieron,</span> <span class='ocrx_word' id='word_1_370' title='bbox 617 5991 658 6044; x_wconf 94' lang='lat' dir='ltr'>lV.</span> <span class='ocrx_word' id='word_1_371' title='bbox 679 5991 825 6046; x_wconf 87' lang='lat' dir='ltr'>Commeat.</span> <span class='ocrx_word' id='word_1_372' title='bbox 843 5991 872 6044; x_wconf 90' lang='lat' dir='ltr'>ln</span> <span class='ocrx_word' id='word_1_373' title='bbox 889 5993 976 6044; x_wconf 89' lang='lat' dir='ltr'>llatth.</span> <span class='ocrx_word' id='word_1_374' title='bbox 998 5993 1045 6058; x_wconf 88' lang='grc'>66,</span> <span class='ocrx_word' id='word_1_375' title='bbox 1066 5989 1119 6058; x_wconf 90' lang='grc'><strong>61.)</strong></span> <span class='ocrx_word' id='word_1_376' title='bbox 1139 5991 1165 6044; x_wconf 91' lang='grc'>16</span> <span class='ocrx_word' id='word_1_377' title='bbox 1184 5991 1436 6056; x_wconf 64' lang='grc'><strong>1666666666-</strong></span> 
     </span>
     <span class='ocr_line' id='line_1_51' title="bbox 477 6075 1435 6146; baseline -0.003 -14"><span class='ocrx_word' id='word_1_378' title='bbox 477 6079 603 6142; x_wconf 86' lang='lat' dir='ltr'>possihile</span> <span class='ocrx_word' id='word_1_379' title='bbox 622 6085 674 6142; x_wconf 86' lang='lat' dir='ltr'>est,</span> <span class='ocrx_word' id='word_1_380' title='bbox 694 6081 827 6134; x_wconf 88' lang='lat' dir='ltr'>hominem</span> <span class='ocrx_word' id='word_1_381' title='bbox 846 6095 900 6132; x_wconf 90' lang='lat' dir='ltr'>non</span> <span class='ocrx_word' id='word_1_382' title='bbox 919 6081 1024 6146; x_wconf 86' lang='lat' dir='ltr'>tantari,</span> <span class='ocrx_word' id='word_1_383' title='bbox 1044 6093 1093 6132; x_wconf 88' lang='grc'>666</span> <span class='ocrx_word' id='word_1_384' title='bbox 1112 6081 1163 6132; x_wconf 90' lang='lat' dir='ltr'>ait:</span> <span class='ocrx_word' id='word_1_385' title='bbox 1178 6081 1209 6134; x_wconf 91' lang='lat' dir='ltr'>Ut</span> <span class='ocrx_word' id='word_1_386' title='bbox 1221 6095 1275 6134; x_wconf 90' lang='lat' dir='ltr'>non</span> <span class='ocrx_word' id='word_1_387' title='bbox 1288 6075 1435 6142; x_wconf 89' lang='lat' dir='ltr'>teritemini,</span> 
     </span>
     <span class='ocr_line' id='line_1_52' title="bbox 477 6167 1435 6238; baseline 0 -18"><span class='ocrx_word' id='word_1_388' title='bbox 477 6169 540 6222; x_wconf 89' lang='lat' dir='ltr'>sed:</span> <span class='ocrx_word' id='word_1_389' title='bbox 560 6167 598 6224; x_wconf 80' lang='lat' dir='ltr'>rVe</span> <span class='ocrx_word' id='word_1_390' title='bbox 617 6167 721 6224; x_wconf 85' lang='lat' dir='ltr'>iniretis</span> <span class='ocrx_word' id='word_1_391' title='bbox 741 6169 769 6224; x_wconf 89' lang='lat' dir='ltr'>in</span> <span class='ocrx_word' id='word_1_392' title='bbox 788 6169 974 6236; x_wconf 81' lang='lat' dir='ltr'>tentationem,</span> <span class='ocrx_word' id='word_1_393' title='bbox 994 6173 1081 6234; x_wconf 85' lang='lat' dir='ltr'>araia,</span> <span class='ocrx_word' id='word_1_394' title='bbox 1103 6169 1196 6238; x_wconf 87' lang='lat' dir='ltr'>idest,</span> <span class='ocrx_word' id='word_1_395' title='bbox 1214 6183 1248 6222; x_wconf 92' lang='lat' dir='ltr'>ne</span> <span class='ocrx_word' id='word_1_396' title='bbox 1265 6169 1371 6222; x_wconf 88' lang='lat' dir='ltr'>tentatio</span> <span class='ocrx_word' id='word_1_397' title='bbox 1385 6183 1435 6222; x_wconf 91' lang='lat' dir='ltr'>vos</span> 
     </span>
     <span class='ocr_line' id='line_1_53' title="bbox 477 6259 1012 6324; baseline 0 -14"><span class='ocrx_word' id='word_1_398' title='bbox 477 6263 585 6324; x_wconf 88' lang='lat' dir='ltr'>superet</span> <span class='ocrx_word' id='word_1_399' title='bbox 601 6259 711 6310; x_wconf 87' lang='grc'><strong>6616166</strong></span> <span class='ocrx_word' id='word_1_400' title='bbox 730 6271 819 6312; x_wconf 89' lang='lat' dir='ltr'>casses</span> <span class='ocrx_word' id='word_1_401' title='bbox 836 6273 899 6310; x_wconf 90' lang='lat' dir='ltr'>suos</span> <span class='ocrx_word' id='word_1_402' title='bbox 917 6263 1012 6312; x_wconf 88' lang='lat' dir='ltr'>teneat.</span> 
     </span>
    </p>

    <p class='ocr_par' dir='ltr' id='par_1_14' title="bbox 549 6345 1100 6412">
     <span class='ocr_line' id='line_1_54' title="bbox 549 6345 1100 6412; baseline -0.004 -12"><span class='ocrx_word' id='word_1_403' title='bbox 549 6345 654 6400; x_wconf 80' lang='lat' dir='ltr'>5Vers.</span> <span class='ocrx_word' id='word_1_404' title='bbox 674 6349 722 6410; x_wconf 75' lang='lat' dir='ltr'>ld:</span> <span class='ocrx_word' id='word_1_405' title='bbox 743 6349 789 6402; x_wconf 90' lang='lat' dir='ltr'>cir.</span> <span class='ocrx_word' id='word_1_406' title='bbox 808 6361 888 6412; x_wconf 89' lang='lat' dir='ltr'>supra</span> <span class='ocrx_word' id='word_1_407' title='bbox 905 6361 930 6402; x_wconf 90' lang='grc'>6.</span> <span class='ocrx_word' id='word_1_408' title='bbox 953 6349 995 6400; x_wconf 90' lang='grc'>66.</span> <span class='ocrx_word' id='word_1_409' title='bbox 1013 6363 1037 6400; x_wconf 92' lang='grc'>6.</span> <span class='ocrx_word' id='word_1_410' title='bbox 1059 6347 1100 6398; x_wconf 88' lang='grc'>16.</span> 
     </span>
    </p>

    <p class='ocr_par' dir='ltr' id='par_1_15' title="bbox 549 6435 1331 6502">
     <span class='ocr_line' id='line_1_55' title="bbox 549 6435 1331 6502; baseline -0.003 -12"><span class='ocrx_word' id='word_1_411' title='bbox 549 6435 654 6490; x_wconf 78' lang='lat' dir='ltr'>6Vere.</span> <span class='ocrx_word' id='word_1_412' title='bbox 674 6439 715 6490; x_wconf 86' lang='lat'>36.</span> <span class='ocrx_word' id='word_1_413' title='bbox 736 6437 804 6490; x_wconf 88' lang='lat' dir='ltr'>Vide</span> <span class='ocrx_word' id='word_1_414' title='bbox 824 6439 1026 6502; x_wconf 73' lang='lat' dir='ltr'>Theophanes,</span> <span class='ocrx_word' id='word_1_415' title='bbox 1045 6435 1073 6488; x_wconf 90' lang='grc'>16</span> <span class='ocrx_word' id='word_1_416' title='bbox 1090 6435 1152 6488; x_wconf 90' lang='lat' dir='ltr'>Luc.</span> <span class='ocrx_word' id='word_1_417' title='bbox 1173 6439 1221 6498; x_wconf 86' lang='grc'>66,</span> <span class='ocrx_word' id='word_1_418' title='bbox 1242 6435 1331 6488; x_wconf 88' lang='grc'><strong>39-66.</strong></span> 
     </span>
    </p>

    <p class='ocr_par' dir='ltr' id='par_1_16' title="bbox 478 6523 1436 6682">
     <span class='ocr_line' id='line_1_56' title="bbox 551 6523 1436 6592; baseline -0.003 -12"><span class='ocrx_word' id='word_1_419' title='bbox 551 6525 561 6558; x_wconf 82' lang='grc'>1</span> <span class='ocrx_word' id='word_1_420' title='bbox 579 6527 648 6580; x_wconf 91' lang='lat' dir='ltr'>Lihr.</span> <span class='ocrx_word' id='word_1_421' title='bbox 669 6527 711 6578; x_wconf 93' lang='lat' dir='ltr'>lV.</span> <span class='ocrx_word' id='word_1_422' title='bbox 729 6525 757 6578; x_wconf 93' lang='grc'>16</span> <span class='ocrx_word' id='word_1_423' title='bbox 774 6527 837 6580; x_wconf 91' lang='lat' dir='ltr'>Luc.</span> <span class='ocrx_word' id='word_1_424' title='bbox 857 6529 906 6590; x_wconf 87' lang='grc'>66,</span> <span class='ocrx_word' id='word_1_425' title='bbox 927 6527 968 6592; x_wconf 92' lang='grc'>61,</span> <span class='ocrx_word' id='word_1_426' title='bbox 982 6523 1028 6580; x_wconf 92' lang='lat' dir='ltr'>ubi</span> <span class='ocrx_word' id='word_1_427' title='bbox 1040 6525 1158 6592; x_wconf 83' lang='lat' dir='ltr'>sequitur</span> <span class='ocrx_word' id='word_1_428' title='bbox 1170 6525 1292 6588; x_wconf 82' lang='lat' dir='ltr'>Hieron,</span> <span class='ocrx_word' id='word_1_429' title='bbox 1306 6523 1347 6576; x_wconf 91' lang='lat' dir='ltr'>lV.</span> <span class='ocrx_word' id='word_1_430' title='bbox 1361 6523 1436 6580; x_wconf 89' lang='lat' dir='ltr'>Com·</span> 
     </span>
     <span class='ocr_line' id='line_1_57' title="bbox 478 6615 1039 6682; baseline -0.005 -14"><span class='ocrx_word' id='word_1_431' title='bbox 478 6621 560 6670; x_wconf 87' lang='lat' dir='ltr'>ment.</span> <span class='ocrx_word' id='word_1_432' title='bbox 576 6617 602 6668; x_wconf 91' lang='grc'>16</span> <span class='ocrx_word' id='word_1_433' title='bbox 622 6617 776 6682; x_wconf 79' lang='grc'><strong>11666666,</strong></span> <span class='ocrx_word' id='word_1_434' title='bbox 801 6615 842 6668; x_wconf 86' lang='grc'><strong>39.</strong></span> <span class='ocrx_word' id='word_1_435' title='bbox 1036 6671 1039 6676; x_wconf 48' lang='grc'><strong>,</strong></span> 
     </span>
    </p>

    <p class='ocr_par' dir='ltr' id='par_1_17' title="bbox 478 6699 1434 6860">
     <span class='ocr_line' id='line_1_58' title="bbox 549 6699 1434 6770; baseline -0.003 -14"><span class='ocrx_word' id='word_1_436' title='bbox 549 6703 653 6756; x_wconf 75' lang='grc'>81666.</span> <span class='ocrx_word' id='word_1_437' title='bbox 674 6703 720 6770; x_wconf 56' lang='grc'>61,1</span> <span class='ocrx_word' id='word_1_438' title='bbox 734 6703 775 6756; x_wconf 89' lang='grc'>661</span> <span class='ocrx_word' id='word_1_439' title='bbox 796 6701 965 6768; x_wconf 83' lang='lat' dir='ltr'>subiungitur</span> <span class='ocrx_word' id='word_1_440' title='bbox 983 6705 1023 6756; x_wconf 88' lang='lat' dir='ltr'>Ps.</span> <span class='ocrx_word' id='word_1_441' title='bbox 1045 6703 1105 6766; x_wconf 88' lang='grc'><strong>191,</strong></span> <span class='ocrx_word' id='word_1_442' title='bbox 1126 6703 1173 6768; x_wconf 73' lang='lat' dir='ltr'>ld,</span> <span class='ocrx_word' id='word_1_443' title='bbox 1193 6699 1239 6754; x_wconf 90' lang='lat' dir='ltr'>ubi</span> <span class='ocrx_word' id='word_1_444' title='bbox 1258 6715 1307 6768; x_wconf 92' lang='lat' dir='ltr'>pro</span> <span class='ocrx_word' id='word_1_445' title='bbox 1324 6715 1434 6770; x_wconf 83' lang='lat' dir='ltr'>precem</span> 
     </span>
     <span class='ocr_line' id='line_1_59' title="bbox 478 6793 707 6860; baseline 0 -16"><span class='ocrx_word' id='word_1_446' title='bbox 478 6793 590 6856; x_wconf 79' lang='lat' dir='ltr'>Vulgata</span> <span class='ocrx_word' id='word_1_447' title='bbox 605 6805 707 6860; x_wconf 83' lang='lat' dir='ltr'>preces.</span> 
     </span>
    </p>

    <p class='ocr_par' dir='ltr' id='par_1_18' title="bbox 549 6877 1115 6944">
     <span class='ocr_line' id='line_1_60' title="bbox 549 6877 1115 6944; baseline -0.007 -12"><span class='ocrx_word' id='word_1_448' title='bbox 549 6877 561 6910; x_wconf 82' lang='lat'>⁹</span> <span class='ocrx_word' id='word_1_449' title='bbox 579 6883 653 6934; x_wconf 87' lang='lat' dir='ltr'>Vers.</span> <span class='ocrx_word' id='word_1_450' title='bbox 674 6881 715 6932; x_wconf 88' lang='grc'>16.</span> <span class='ocrx_word' id='word_1_451' title='bbox 734 6883 759 6930; x_wconf 89' lang='grc'>61</span> <span class='ocrx_word' id='word_1_452' title='bbox 777 6879 873 6932; x_wconf 85' lang='lat' dir='ltr'>deinde</span> <span class='ocrx_word' id='word_1_453' title='bbox 891 6881 956 6944; x_wconf 87' lang='lat' dir='ltr'>Eph.</span> <span class='ocrx_word' id='word_1_454' title='bbox 977 6881 1007 6940; x_wconf 90' lang='grc'><strong>3,</strong></span> <span class='ocrx_word' id='word_1_455' title='bbox 1027 6877 1115 6928; x_wconf 86' lang='grc'><strong>63-16.</strong></span> 
     </span>
    </p>
   </div>
   <div class='ocr_carea' id='block_1_10' title="bbox 1502 745 2602 3262">
    <p class='ocr_par' dir='ltr' id='par_1_19' title="bbox 1508 745 2466 834">
     <span class='ocr_line' id='line_1_61' title="bbox 1508 745 2466 834; baseline -0.004 -16"><span class='ocrx_word' id='word_1_456' title='bbox 1508 751 1705 818; x_wconf 90' lang='lat' dir='ltr'>humiliantis</span> <span class='ocrx_word' id='word_1_457' title='bbox 1730 751 1886 816; x_wconf 88' lang='grc'><strong>6666666</strong></span> <span class='ocrx_word' id='word_1_458' title='bbox 1918 745 2112 832; x_wconf 84' lang='lat' dir='ltr'>penetrabit,</span> <span class='ocrx_word' id='word_1_459' title='bbox 2145 755 2175 814; x_wconf 90' lang='lat' dir='ltr'>et</span> <span class='ocrx_word' id='word_1_460' title='bbox 2206 747 2303 814; x_wconf 90' lang='lat' dir='ltr'>donec</span> <span class='ocrx_word' id='word_1_461' title='bbox 2337 747 2466 834; x_wconf 88' lang='lat' dir='ltr'>propin-</span> 
     </span>
    </p>

    <p class='ocr_par' dir='ltr' id='par_1_20' title="bbox 1508 853 2466 942">
     <span class='ocr_line' id='line_1_62' title="bbox 1508 853 2466 942; baseline -0.002 -20"><span class='ocrx_word' id='word_1_462' title='bbox 1508 865 1603 942; x_wconf 91' lang='grc'><strong>6666,</strong></span> <span class='ocrx_word' id='word_1_463' title='bbox 1626 875 1688 922; x_wconf 90' lang='grc'>666</span> <span class='ocrx_word' id='word_1_464' title='bbox 1714 855 1974 934; x_wconf 85' lang='grc'><strong>666661616166»;</strong></span> <span class='ocrx_word' id='word_1_465' title='bbox 1997 853 2135 920; x_wconf 88' lang='grc'><strong>666666</strong></span> <span class='ocrx_word' id='word_1_466' title='bbox 2159 853 2189 924; x_wconf 91' lang='grc'>16</span> <span class='ocrx_word' id='word_1_467' title='bbox 2216 853 2352 922; x_wconf 87' lang='lat' dir='ltr'>Psalmo:</span> <span class='ocrx_word' id='word_1_468' title='bbox 2374 855 2466 920; x_wconf 84' lang='grc'><strong>«116-</strong></span> 
     </span>
    </p>

    <p class='ocr_par' dir='ltr' id='par_1_21' title="bbox 1508 959 2465 1046">
     <span class='ocr_line' id='line_1_63' title="bbox 1508 959 2465 1046; baseline -0.002 -20"><span class='ocrx_word' id='word_1_469' title='bbox 1508 961 1614 1046; x_wconf 83' lang='lat' dir='ltr'>spexit</span> <span class='ocrx_word' id='word_1_470' title='bbox 1636 961 1668 1026; x_wconf 89' lang='grc'>16</span> <span class='ocrx_word' id='word_1_471' title='bbox 1691 961 1866 1028; x_wconf 89' lang='lat' dir='ltr'>orationem</span> <span class='ocrx_word' id='word_1_472' title='bbox 1891 959 2056 1026; x_wconf 88' lang='lat' dir='ltr'>humilium</span> <span class='ocrx_word' id='word_1_473' title='bbox 2075 965 2106 1026; x_wconf 93' lang='grc'>66</span> <span class='ocrx_word' id='word_1_474' title='bbox 2120 977 2182 1024; x_wconf 91' lang='grc'>666</span> <span class='ocrx_word' id='word_1_475' title='bbox 2200 959 2319 1042; x_wconf 87' lang='lat' dir='ltr'>sprevit</span> <span class='ocrx_word' id='word_1_476' title='bbox 2339 977 2465 1044; x_wconf 89' lang='lat' dir='ltr'>precem</span> 
     </span>
    </p>

    <p class='ocr_par' dir='ltr' id='par_1_22' title="bbox 1506 1061 2465 1256">
     <span class='ocr_line' id='line_1_64' title="bbox 1506 1061 2465 1146; baseline 0 -14"><span class='ocrx_word' id='word_1_477' title='bbox 1506 1083 1618 1132; x_wconf 90' lang='lat' dir='ltr'>eorum</span> <span class='ocrx_word' id='word_1_478' title='bbox 1638 1089 1674 1146; x_wconf 74' lang='grc' dir='ltr'>»ς</span> <span class='ocrx_word' id='word_1_479' title='bbox 1700 1071 1732 1132; x_wconf 92' lang='grc'>66</span> <span class='ocrx_word' id='word_1_480' title='bbox 1753 1065 1823 1132; x_wconf 86' lang='grc'><strong>1666</strong></span> <span class='ocrx_word' id='word_1_481' title='bbox 1840 1065 1942 1132; x_wconf 90' lang='lat' dir='ltr'>ludith</span> <span class='ocrx_word' id='word_1_482' title='bbox 1960 1063 2067 1132; x_wconf 81' lang='grc'><strong>66661</strong></span> <span class='ocrx_word' id='word_1_483' title='bbox 2082 1089 2089 1132; x_wconf 91' lang='lat'>:</span> <span class='ocrx_word' id='word_1_484' title='bbox 2111 1061 2312 1132; x_wconf 74' lang='lat' dir='ltr'>«Humilium</span> <span class='ocrx_word' id='word_1_485' title='bbox 2330 1071 2360 1132; x_wconf 94' lang='grc'>66</span> <span class='ocrx_word' id='word_1_486' title='bbox 2375 1085 2465 1132; x_wconf 89' lang='lat' dir='ltr'>man-</span> 
     </span>
     <span class='ocr_line' id='line_1_65' title="bbox 1509 1169 2465 1256; baseline 0 -20"><span class='ocrx_word' id='word_1_487' title='bbox 1509 1175 1674 1236; x_wconf 88' lang='lat' dir='ltr'>suetorum</span> <span class='ocrx_word' id='word_1_488' title='bbox 1697 1187 1822 1256; x_wconf 86' lang='lat' dir='ltr'>semper</span> <span class='ocrx_word' id='word_1_489' title='bbox 1846 1171 1901 1238; x_wconf 90' lang='lat' dir='ltr'>tibi</span> <span class='ocrx_word' id='word_1_490' title='bbox 1918 1169 2036 1256; x_wconf 89' lang='lat' dir='ltr'>placuit</span> <span class='ocrx_word' id='word_1_491' title='bbox 2050 1169 2229 1256; x_wconf 77' lang='lat' dir='ltr'>depredatio</span> <span class='ocrx_word' id='word_1_492' title='bbox 2245 1197 2277 1236; x_wconf 88' lang='lat'>».</span> <span class='ocrx_word' id='word_1_493' title='bbox 2293 1171 2355 1236; x_wconf 90' lang='lat' dir='ltr'>lloc</span> <span class='ocrx_word' id='word_1_494' title='bbox 2371 1171 2465 1238; x_wconf 91' lang='lat' dir='ltr'>mado</span> 
     </span>
    </p>

    <p class='ocr_par' dir='ltr' id='par_1_23' title="bbox 1506 1277 2465 1362">
     <span class='ocr_line' id='line_1_66' title="bbox 1506 1277 2465 1362; baseline 0.001 -20"><span class='ocrx_word' id='word_1_495' title='bbox 1506 1277 1617 1342; x_wconf 90' lang='lat' dir='ltr'>orabat</span> <span class='ocrx_word' id='word_1_496' title='bbox 1641 1277 1774 1356; x_wconf 89' lang='lat' dir='ltr'>Paulus,</span> <span class='ocrx_word' id='word_1_497' title='bbox 1790 1277 1830 1342; x_wconf 91' lang='lat' dir='ltr'>ad</span> <span class='ocrx_word' id='word_1_498' title='bbox 1846 1277 1992 1362; x_wconf 84' lang='lat' dir='ltr'>Ephesios</span> <span class='ocrx_word' id='word_1_499' title='bbox 2009 1279 2118 1346; x_wconf 90' lang='lat' dir='ltr'>tertio:</span> <span class='ocrx_word' id='word_1_500' title='bbox 2142 1303 2158 1336; x_wconf 79' lang='lat' dir='ltr'>r</span> <span class='ocrx_word' id='word_1_501' title='bbox 2174 1277 2264 1354; x_wconf 92' lang='lat' dir='ltr'>Peto,</span> <span class='ocrx_word' id='word_1_502' title='bbox 2280 1283 2316 1342; x_wconf 85' lang='lat' dir='ltr'>ui</span> <span class='ocrx_word' id='word_1_503' title='bbox 2333 1295 2396 1342; x_wconf 93' lang='lat' dir='ltr'>uon</span> <span class='ocrx_word' id='word_1_504' title='bbox 2411 1277 2465 1344; x_wconf 93' lang='lat' dir='ltr'>de-</span> 
     </span>
    </p>

    <p class='ocr_par' dir='ltr' id='par_1_24' title="bbox 1505 1381 2564 1572">
     <span class='ocr_line' id='line_1_67' title="bbox 1506 1381 2564 1468; baseline 0.005 -24"><span class='ocrx_word' id='word_1_505' title='bbox 1506 1381 1617 1446; x_wconf 81' lang='lat' dir='ltr'>ficiatis</span> <span class='ocrx_word' id='word_1_506' title='bbox 1634 1381 1666 1444; x_wconf 91' lang='lat' dir='ltr'>in</span> <span class='ocrx_word' id='word_1_507' title='bbox 1678 1381 1933 1466; x_wconf 85' lang='lat' dir='ltr'>tribulationibus</span> <span class='ocrx_word' id='word_1_508' title='bbox 1946 1383 2025 1450; x_wconf 89' lang='lat' dir='ltr'>meis</span> <span class='ocrx_word' id='word_1_509' title='bbox 2036 1401 2094 1468; x_wconf 93' lang='lat' dir='ltr'>pro</span> <span class='ocrx_word' id='word_1_510' title='bbox 2105 1381 2205 1450; x_wconf 89' lang='lat' dir='ltr'>vohis.</span> <span class='ocrx_word' id='word_1_511' title='bbox 2218 1381 2316 1448; x_wconf 91' lang='lat' dir='ltr'>Huius</span> <span class='ocrx_word' id='word_1_512' title='bbox 2333 1381 2377 1448; x_wconf 88' lang='lat' dir='ltr'>rei</span> <span class='ocrx_word' id='word_1_513' title='bbox 2396 1401 2465 1468; x_wconf 88' lang='lat' dir='ltr'>gra·</span> <span class='ocrx_word' id='word_1_514' title='bbox 2563 1421 2564 1426; x_wconf 61' lang='lat'><em>=</em></span> 
     </span>
     <span class='ocr_line' id='line_1_68' title="bbox 1505 1485 2464 1572; baseline 0 -20"><span class='ocrx_word' id='word_1_515' title='bbox 1505 1485 1548 1552; x_wconf 90' lang='lat' dir='ltr'>tia</span> <span class='ocrx_word' id='word_1_516' title='bbox 1559 1485 1653 1552; x_wconf 87' lang='lat' dir='ltr'>ilecto</span> <span class='ocrx_word' id='word_1_517' title='bbox 1663 1503 1766 1572; x_wconf 86' lang='lat' dir='ltr'>genua</span> <span class='ocrx_word' id='word_1_518' title='bbox 1778 1505 1847 1554; x_wconf 91' lang='lat' dir='ltr'>mea</span> <span class='ocrx_word' id='word_1_519' title='bbox 1856 1489 1897 1556; x_wconf 91' lang='lat' dir='ltr'>ad</span> <span class='ocrx_word' id='word_1_520' title='bbox 1909 1489 2031 1556; x_wconf 87' lang='lat' dir='ltr'>Patrem</span> <span class='ocrx_word' id='word_1_521' title='bbox 2042 1489 2163 1572; x_wconf 89' lang='lat' dir='ltr'>Domini</span> <span class='ocrx_word' id='word_1_522' title='bbox 2176 1489 2278 1556; x_wconf 91' lang='lat' dir='ltr'>nostri</span> <span class='ocrx_word' id='word_1_523' title='bbox 2292 1487 2357 1556; x_wconf 91' lang='lat' dir='ltr'>lesu</span> <span class='ocrx_word' id='word_1_524' title='bbox 2371 1487 2464 1554; x_wconf 85' lang='lat' dir='ltr'>Chri-</span> 
     </span>
    </p>

    <p class='ocr_par' dir='ltr' id='par_1_25' title="bbox 1503 1591 2602 2836">
     <span class='ocr_line' id='line_1_69' title="bbox 1506 1591 2463 1682; baseline 0.002 -22"><span class='ocrx_word' id='word_1_525' title='bbox 1506 1591 1565 1672; x_wconf 86' lang='lat' dir='ltr'>sti,</span> <span class='ocrx_word' id='word_1_526' title='bbox 1591 1611 1631 1662; x_wconf 79' lang='grc'>66</span> <span class='ocrx_word' id='word_1_527' title='bbox 1664 1611 1728 1678; x_wconf 90' lang='grc'>666</span> <span class='ocrx_word' id='word_1_528' title='bbox 1758 1595 1860 1662; x_wconf 86' lang='grc'><strong>66616</strong></span> <span class='ocrx_word' id='word_1_529' title='bbox 1892 1597 2062 1682; x_wconf 86' lang='grc'><strong>6666661666</strong></span> <span class='ocrx_word' id='word_1_530' title='bbox 2087 1597 2116 1662; x_wconf 93' lang='grc'>16</span> <span class='ocrx_word' id='word_1_531' title='bbox 2142 1597 2234 1666; x_wconf 89' lang='lat' dir='ltr'>caelis</span> <span class='ocrx_word' id='word_1_532' title='bbox 2258 1603 2289 1664; x_wconf 91' lang='lat' dir='ltr'>et</span> <span class='ocrx_word' id='word_1_533' title='bbox 2312 1597 2344 1662; x_wconf 86' lang='lat' dir='ltr'>in&#39;</span> <span class='ocrx_word' id='word_1_534' title='bbox 2375 1601 2463 1662; x_wconf 91' lang='lat' dir='ltr'>terra</span> 
     </span>
     <span class='ocr_line' id='line_1_70' title="bbox 1505 1699 2602 1788; baseline -0.005 -22"><span class='ocrx_word' id='word_1_535' title='bbox 1505 1699 1687 1766; x_wconf 88' lang='lat' dir='ltr'>nominatur</span> <span class='ocrx_word' id='word_1_536' title='bbox 1703 1727 1734 1766; x_wconf 73' lang='lat' dir='ltr'>a.</span> <span class='ocrx_word' id='word_1_537' title='bbox 1755 1741 1800 1750; x_wconf 87' lang='lat'><em>-</em></span> <span class='ocrx_word' id='word_1_538' title='bbox 1815 1703 1852 1768; x_wconf 89' lang='lat' dir='ltr'>Et</span> <span class='ocrx_word' id='word_1_539' title='bbox 1873 1709 1966 1782; x_wconf 88' lang='lat' dir='ltr'>nata,</span> <span class='ocrx_word' id='word_1_540' title='bbox 1988 1703 2075 1786; x_wconf 88' lang='lat' dir='ltr'>quod</span> <span class='ocrx_word' id='word_1_541' title='bbox 2096 1703 2187 1782; x_wconf 91' lang='lat' dir='ltr'>dicit,</span> <span class='ocrx_word' id='word_1_542' title='bbox 2213 1703 2296 1788; x_wconf 88' lang='lat' dir='ltr'>quod</span> <span class='ocrx_word' id='word_1_543' title='bbox 2321 1703 2462 1768; x_wconf 85' lang='lat' dir='ltr'>avulsus</span> <span class='ocrx_word' id='word_1_544' title='bbox 2481 1717 2602 1762; x_wconf 74' lang='grc'><strong>6661616</strong></span> 
     </span>
     <span class='ocr_line' id='line_1_71' title="bbox 1505 1805 2462 1892; baseline 0.002 -20"><span class='ocrx_word' id='word_1_545' title='bbox 1505 1815 1552 1872; x_wconf 88' lang='lat' dir='ltr'>est</span> <span class='ocrx_word' id='word_1_546' title='bbox 1575 1825 1599 1872; x_wconf 94' lang='lat' dir='ltr'>a</span> <span class='ocrx_word' id='word_1_547' title='bbox 1620 1805 1795 1890; x_wconf 77' lang='lat' dir='ltr'>discipulis</span> <span class='ocrx_word' id='word_1_548' title='bbox 1819 1807 1865 1872; x_wconf 92' lang='lat' dir='ltr'>ad</span> <span class='ocrx_word' id='word_1_549' title='bbox 1889 1807 2015 1872; x_wconf 85' lang='lat' dir='ltr'>iactum</span> <span class='ocrx_word' id='word_1_550' title='bbox 2032 1805 2172 1888; x_wconf 87' lang='lat' dir='ltr'>lapidis,</span> <span class='ocrx_word' id='word_1_551' title='bbox 2191 1825 2253 1872; x_wconf 93' lang='lat' dir='ltr'>nan</span> <span class='ocrx_word' id='word_1_552' title='bbox 2270 1809 2370 1874; x_wconf 91' lang='lat' dir='ltr'>solum</span> <span class='ocrx_word' id='word_1_553' title='bbox 2389 1825 2462 1892; x_wconf 91' lang='lat' dir='ltr'>pro-</span> 
     </span>
     <span class='ocr_line' id='line_1_72' title="bbox 1505 1909 2463 1996; baseline -0.002 -18"><span class='ocrx_word' id='word_1_554' title='bbox 1505 1916 1576 1996; x_wconf 89' lang='lat' dir='ltr'>pter</span> <span class='ocrx_word' id='word_1_555' title='bbox 1592 1915 1761 1990; x_wconf 89' lang='lat' dir='ltr'>secretum,</span> <span class='ocrx_word' id='word_1_556' title='bbox 1775 1927 1885 1978; x_wconf 90' lang='lat' dir='ltr'>verum</span> <span class='ocrx_word' id='word_1_557' title='bbox 1901 1909 1993 1976; x_wconf 89' lang='lat' dir='ltr'>etiam</span> <span class='ocrx_word' id='word_1_558' title='bbox 2011 1915 2142 1994; x_wconf 88' lang='lat' dir='ltr'>propter</span> <span class='ocrx_word' id='word_1_559' title='bbox 2156 1909 2372 1996; x_wconf 77' lang='lat' dir='ltr'>mysterium:</span> <span class='ocrx_word' id='word_1_560' title='bbox 2389 1909 2463 1996; x_wconf 87' lang='lat' dir='ltr'>quia</span> 
     </span>
     <span class='ocr_line' id='line_1_73' title="bbox 1506 2013 2462 2104; baseline -0.005 -18"><span class='ocrx_word' id='word_1_561' title='bbox 1506 2035 1563 2104; x_wconf 90' lang='lat' dir='ltr'>per</span> <span class='ocrx_word' id='word_1_562' title='bbox 1588 2019 1648 2086; x_wconf 91' lang='lat' dir='ltr'>hoc</span> <span class='ocrx_word' id='word_1_563' title='bbox 1670 2015 1923 2104; x_wconf 80' lang='lat' dir='ltr'>significabatur,</span> <span class='ocrx_word' id='word_1_564' title='bbox 1949 2016 2034 2102; x_wconf 90' lang='lat' dir='ltr'>quud</span> <span class='ocrx_word' id='word_1_565' title='bbox 2055 2013 2135 2100; x_wconf 90' lang='lat' dir='ltr'>lapis</span> <span class='ocrx_word' id='word_1_566' title='bbox 2151 2015 2203 2082; x_wconf 93' lang='lat' dir='ltr'>ille</span> <span class='ocrx_word' id='word_1_567' title='bbox 2218 2013 2379 2100; x_wconf 87' lang='lat' dir='ltr'>angularis</span> <span class='ocrx_word' id='word_1_568' title='bbox 2394 2021 2462 2082; x_wconf 89' lang='lat' dir='ltr'>erat</span> 
     </span>
     <span class='ocr_line' id='line_1_74' title="bbox 1504 2121 2462 2210; baseline -0.005 -18"><span class='ocrx_word' id='word_1_569' title='bbox 1504 2143 1525 2192; x_wconf 93' lang='lat' dir='ltr'>a</span> <span class='ocrx_word' id='word_1_570' title='bbox 1546 2125 1710 2210; x_wconf 75' lang='lat' dir='ltr'>discipulis</span> <span class='ocrx_word' id='word_1_571' title='bbox 1730 2125 1770 2190; x_wconf 93' lang='lat' dir='ltr'>ad</span> <span class='ocrx_word' id='word_1_572' title='bbox 1793 2123 1952 2190; x_wconf 91' lang='lat' dir='ltr'>modicum</span> <span class='ocrx_word' id='word_1_573' title='bbox 1974 2121 2167 2210; x_wconf 91' lang='lat' dir='ltr'>separandus</span> <span class='ocrx_word' id='word_1_574' title='bbox 2183 2127 2214 2190; x_wconf 89' lang='grc'>66</span> <span class='ocrx_word' id='word_1_575' title='bbox 2229 2121 2290 2188; x_wconf 90' lang='lat' dir='ltr'>cito</span> <span class='ocrx_word' id='word_1_576' title='bbox 2315 2137 2462 2188; x_wconf 89' lang='lat' dir='ltr'>reversu-</span> 
     </span>
     <span class='ocr_line' id='line_1_75' title="bbox 1504 2227 2462 2316; baseline -0.002 -20"><span class='ocrx_word' id='word_1_577' title='bbox 1504 2249 1581 2310; x_wconf 92' lang='lat' dir='ltr'>rus,</span> <span class='ocrx_word' id='word_1_578' title='bbox 1604 2231 1687 2316; x_wconf 88' lang='grc'><strong>6666</strong></span> <span class='ocrx_word' id='word_1_579' title='bbox 1712 2229 1864 2316; x_wconf 87' lang='lat' dir='ltr'>significat</span> <span class='ocrx_word' id='word_1_580' title='bbox 1888 2229 2049 2298; x_wconf 90' lang='lat' dir='ltr'>absconsio</span> <span class='ocrx_word' id='word_1_581' title='bbox 2064 2237 2196 2314; x_wconf 89' lang='lat' dir='ltr'>patenae</span> <span class='ocrx_word' id='word_1_582' title='bbox 2211 2229 2241 2296; x_wconf 92' lang='lat' dir='ltr'>in</span> <span class='ocrx_word' id='word_1_583' title='bbox 2260 2227 2400 2296; x_wconf 82' lang='grc'><strong>11166611.</strong></span> <span class='ocrx_word' id='word_1_584' title='bbox 2416 2265 2462 2276; x_wconf 87' lang='lat'>--</span> 
     </span>
     <span class='ocr_line' id='line_1_76' title="bbox 1505 2335 2556 2424; baseline -0.008 -20"><span class='ocrx_word' id='word_1_585' title='bbox 1505 2337 1560 2404; x_wconf 92' lang='lat' dir='ltr'>Vel</span> <span class='ocrx_word' id='word_1_586' title='bbox 1585 2343 1669 2404; x_wconf 93' lang='lat' dir='ltr'>certe</span> <span class='ocrx_word' id='word_1_587' title='bbox 1694 2337 1863 2422; x_wconf 81' lang='lat' dir='ltr'>significat,</span> <span class='ocrx_word' id='word_1_588' title='bbox 1889 2337 1971 2424; x_wconf 88' lang='lat' dir='ltr'>quod</span> <span class='ocrx_word' id='word_1_589' title='bbox 1996 2337 2035 2404; x_wconf 87' lang='lat' dir='ltr'>ad</span> <span class='ocrx_word' id='word_1_590' title='bbox 2058 2339 2136 2416; x_wconf 92' lang='lat' dir='ltr'>hoc,</span> <span class='ocrx_word' id='word_1_591' title='bbox 2159 2335 2243 2422; x_wconf 87' lang='lat' dir='ltr'>quod</span> <span class='ocrx_word' id='word_1_592' title='bbox 2263 2335 2461 2422; x_wconf 84' lang='grc'><strong>6616666666</strong></span> <span class='ocrx_word' id='word_1_593' title='bbox 2478 2351 2556 2398; x_wconf 73' lang='grc'><strong>666.</strong></span> 
     </span>
     <span class='ocr_line' id='line_1_77' title="bbox 1503 2441 2461 2530; baseline -0.005 -20"><span class='ocrx_word' id='word_1_594' title='bbox 1503 2449 1592 2524; x_wconf 89' lang='grc'><strong>6666,</strong></span> <span class='ocrx_word' id='word_1_595' title='bbox 1619 2451 1761 2528; x_wconf 88' lang='grc'><strong>6666666,</strong></span> <span class='ocrx_word' id='word_1_596' title='bbox 1790 2443 1874 2530; x_wconf 90' lang='lat' dir='ltr'>quod</span> <span class='ocrx_word' id='word_1_597' title='bbox 1899 2461 1916 2510; x_wconf 90' lang='lat' dir='ltr'>a</span> <span class='ocrx_word' id='word_1_598' title='bbox 1940 2443 2118 2512; x_wconf 87' lang='lat' dir='ltr'>carnalibus</span> <span class='ocrx_word' id='word_1_599' title='bbox 2137 2443 2314 2512; x_wconf 82' lang='lat' dir='ltr'>ausoribus</span> <span class='ocrx_word' id='word_1_600' title='bbox 2345 2441 2461 2508; x_wconf 87' lang='lat' dir='ltr'>avella-</span> 
     </span>
     <span class='ocr_line' id='line_1_78' title="bbox 1505 2547 2460 2632; baseline -0.002 -16"><span class='ocrx_word' id='word_1_601' title='bbox 1505 2555 1580 2628; x_wconf 87' lang='lat' dir='ltr'>tur;</span> <span class='ocrx_word' id='word_1_602' title='bbox 1604 2551 1688 2614; x_wconf 93' lang='lat' dir='ltr'>unde</span> <span class='ocrx_word' id='word_1_603' title='bbox 1705 2551 1797 2616; x_wconf 88' lang='lat' dir='ltr'>isaiae</span> <span class='ocrx_word' id='word_1_604' title='bbox 1816 2551 1964 2632; x_wconf 87' lang='lat' dir='ltr'>vigesimo</span> <span class='ocrx_word' id='word_1_605' title='bbox 1985 2557 2096 2616; x_wconf 88' lang='lat' dir='ltr'>octavo</span> <span class='ocrx_word' id='word_1_606' title='bbox 2107 2549 2156 2614; x_wconf 82' lang='lat'>11:</span> <span class='ocrx_word' id='word_1_607' title='bbox 2187 2577 2204 2608; x_wconf 84' lang='lat'>«</span> <span class='ocrx_word' id='word_1_608' title='bbox 2218 2549 2319 2632; x_wconf 81' lang='lat' dir='ltr'>Quem</span> <span class='ocrx_word' id='word_1_609' title='bbox 2336 2547 2460 2616; x_wconf 85' lang='lat' dir='ltr'>docebit</span> 
     </span>
     <span class='ocr_line' id='line_1_79' title="bbox 1505 2653 2460 2738; baseline 0 -18"><span class='ocrx_word' id='word_1_610' title='bbox 1505 2653 1693 2720; x_wconf 85' lang='lat' dir='ltr'>scientiam?</span> <span class='ocrx_word' id='word_1_611' title='bbox 1718 2655 1867 2738; x_wconf 81' lang='grc'><strong>11166666</strong></span> <span class='ocrx_word' id='word_1_612' title='bbox 1894 2653 2067 2738; x_wconf 88' lang='lat' dir='ltr'>intelligere</span> <span class='ocrx_word' id='word_1_613' title='bbox 2090 2653 2181 2720; x_wconf 91' lang='grc'><strong>166166</strong></span> <span class='ocrx_word' id='word_1_614' title='bbox 2204 2653 2375 2720; x_wconf 81' lang='lat' dir='ltr'>auditum?</span> <span class='ocrx_word' id='word_1_615' title='bbox 2400 2653 2460 2720; x_wconf 85' lang='lat' dir='ltr'>hb-</span> 
     </span>
     <span class='ocr_line' id='line_1_80' title="bbox 1505 2757 2460 2836; baseline 0 -12"><span class='ocrx_word' id='word_1_616' title='bbox 1505 2761 1635 2824; x_wconf 89' lang='lat' dir='ltr'>lactatos</span> <span class='ocrx_word' id='word_1_617' title='bbox 1658 2777 1675 2824; x_wconf 95' lang='lat' dir='ltr'>a</span> <span class='ocrx_word' id='word_1_618' title='bbox 1693 2759 1788 2836; x_wconf 92' lang='lat' dir='ltr'>lacte,</span> <span class='ocrx_word' id='word_1_619' title='bbox 1803 2757 1930 2834; x_wconf 89' lang='lat' dir='ltr'>avulsos</span> <span class='ocrx_word' id='word_1_620' title='bbox 1946 2757 1984 2824; x_wconf 91' lang='lat' dir='ltr'>ab</span> <span class='ocrx_word' id='word_1_621' title='bbox 2001 2757 2201 2824; x_wconf 81' lang='lat' dir='ltr'>uberibus».</span> <span class='ocrx_word' id='word_1_622' title='bbox 2218 2759 2256 2824; x_wconf 82' lang='grc'>61</span> <span class='ocrx_word' id='word_1_623' title='bbox 2271 2759 2347 2824; x_wconf 91' lang='lat' dir='ltr'>haec</span> <span class='ocrx_word' id='word_1_624' title='bbox 2365 2757 2460 2824; x_wconf 89' lang='lat' dir='ltr'>aaut·</span> 
     </span>
    </p>

    <p class='ocr_par' dir='ltr' id='par_1_26' title="bbox 1503 2861 2460 3158">
     <span class='ocr_line' id='line_1_81' title="bbox 1503 2861 2460 2944; baseline 0.002 -18"><span class='ocrx_word' id='word_1_625' title='bbox 1503 2861 1553 2926; x_wconf 89' lang='lat' dir='ltr'>sio</span> <span class='ocrx_word' id='word_1_626' title='bbox 1579 2877 1640 2926; x_wconf 92' lang='lat' dir='ltr'>non</span> <span class='ocrx_word' id='word_1_627' title='bbox 1662 2867 1854 2944; x_wconf 88' lang='lat' dir='ltr'>potestesse</span> <span class='ocrx_word' id='word_1_628' title='bbox 1879 2861 1938 2926; x_wconf 91' lang='lat' dir='ltr'>nisi</span> <span class='ocrx_word' id='word_1_629' title='bbox 1966 2877 2024 2944; x_wconf 93' lang='lat' dir='ltr'>per</span> <span class='ocrx_word' id='word_1_630' title='bbox 2053 2861 2209 2944; x_wconf 89' lang='lat' dir='ltr'>quendam</span> <span class='ocrx_word' id='word_1_631' title='bbox 2241 2863 2394 2944; x_wconf 91' lang='lat' dir='ltr'>impetum</span> <span class='ocrx_word' id='word_1_632' title='bbox 2429 2869 2460 2930; x_wconf 88' lang='grc'>66</span> 
     </span>
     <span class='ocr_line' id='line_1_82' title="bbox 1503 2965 2459 3052; baseline 0.004 -22"><span class='ocrx_word' id='word_1_633' title='bbox 1503 2971 1623 3032; x_wconf 89' lang='lat' dir='ltr'>motum</span> <span class='ocrx_word' id='word_1_634' title='bbox 1643 2965 1832 3046; x_wconf 92' lang='lat' dir='ltr'>violentum;</span> <span class='ocrx_word' id='word_1_635' title='bbox 1848 2973 1880 3032; x_wconf 90' lang='grc'>66</span> <span class='ocrx_word' id='word_1_636' title='bbox 1896 2971 2024 3052; x_wconf 89' lang='grc'><strong>6666666</strong></span> <span class='ocrx_word' id='word_1_637' title='bbox 2039 2965 2137 3034; x_wconf 90' lang='lat' dir='ltr'>istum</span> <span class='ocrx_word' id='word_1_638' title='bbox 2159 2965 2313 3052; x_wconf 84' lang='lat' dir='ltr'>impeturn</span> <span class='ocrx_word' id='word_1_639' title='bbox 2329 2965 2459 3052; x_wconf 90' lang='lat' dir='ltr'>spiritus</span> 
     </span>
     <span class='ocr_line' id='line_1_83' title="bbox 1505 3071 2459 3158; baseline 0.006 -22"><span class='ocrx_word' id='word_1_640' title='bbox 1505 3071 1691 3154; x_wconf 85' lang='lat' dir='ltr'>postulantis</span> <span class='ocrx_word' id='word_1_641' title='bbox 1718 3071 1833 3138; x_wconf 92' lang='lat' dir='ltr'>dicitur</span> <span class='ocrx_word' id='word_1_642' title='bbox 1855 3073 1896 3138; x_wconf 87' lang='lat' dir='ltr'>ad</span> <span class='ocrx_word' id='word_1_643' title='bbox 1918 3073 2073 3138; x_wconf 84' lang='lat' dir='ltr'>Romanos</span> <span class='ocrx_word' id='word_1_644' title='bbox 2093 3073 2262 3140; x_wconf 66' lang='grc'><strong>6666666116</strong></span> <span class='ocrx_word' id='word_1_645' title='bbox 2291 3073 2459 3158; x_wconf 83' lang='lat' dir='ltr'>«Spiritus</span> 
     </span>
    </p>

    <p class='ocr_par' dir='ltr' id='par_1_27' title="bbox 1502 3175 2457 3262">
     <span class='ocr_line' id='line_1_84' title="bbox 1502 3175 2457 3262; baseline 0 -18"><span class='ocrx_word' id='word_1_646' title='bbox 1502 3181 1560 3256; x_wconf 90' lang='lat' dir='ltr'>est,</span> <span class='ocrx_word' id='word_1_647' title='bbox 1579 3175 1632 3262; x_wconf 88' lang='lat' dir='ltr'>qui</span> <span class='ocrx_word' id='word_1_648' title='bbox 1650 3177 1785 3262; x_wconf 91' lang='lat' dir='ltr'>postulat</span> <span class='ocrx_word' id='word_1_649' title='bbox 1798 3195 1854 3262; x_wconf 92' lang='lat' dir='ltr'>pra</span> <span class='ocrx_word' id='word_1_650' title='bbox 1868 3177 1958 3244; x_wconf 88' lang='lat' dir='ltr'>uobis</span> <span class='ocrx_word' id='word_1_651' title='bbox 1969 3177 2137 3262; x_wconf 84' lang='lat' dir='ltr'>gemitibus</span> <span class='ocrx_word' id='word_1_652' title='bbox 2150 3177 2412 3246; x_wconf 88' lang='lat' dir='ltr'>inenarrabilibus</span> <span class='ocrx_word' id='word_1_653' title='bbox 2426 3205 2457 3244; x_wconf 74' lang='grc'>6.</span> 
     </span>
    </p>
   </div>
   <div class='ocr_carea' id='block_1_11' title="bbox 1593 3281 2657 3370">
    <p class='ocr_par' dir='ltr' id='par_1_28' title="bbox 1593 3281 2657 3370">
     <span class='ocr_line' id='line_1_85' title="bbox 1593 3281 2657 3370; baseline 0.004 -24"><span class='ocrx_word' id='word_1_654' title='bbox 1593 3281 1645 3346; x_wconf 86' lang='grc'>66.</span> <span class='ocrx_word' id='word_1_655' title='bbox 1669 3283 1873 3366; x_wconf 78' lang='grc'><strong>(1166666).</strong></span> <span class='ocrx_word' id='word_1_656' title='bbox 1898 3283 2017 3366; x_wconf 86' lang='lat' dir='ltr'>Quarto</span> <span class='ocrx_word' id='word_1_657' title='bbox 2039 3291 2195 3370; x_wconf 88' lang='lat' dir='ltr'>quantum</span> <span class='ocrx_word' id='word_1_658' title='bbox 2224 3283 2265 3352; x_wconf 92' lang='lat' dir='ltr'>ad</span> <span class='ocrx_word' id='word_1_659' title='bbox 2292 3283 2457 3352; x_wconf 86' lang='lat' dir='ltr'>arationis</span> <span class='ocrx_word' id='word_1_660' title='bbox 2475 3307 2535 3358; x_wconf 76' lang='grc'><strong>661,</strong></span> <span class='ocrx_word' id='word_1_661' title='bbox 2556 3307 2587 3350; x_wconf 86' lang='grc'>6-</span> <span class='ocrx_word' id='word_1_662' title='bbox 2656 3281 2657 3284; x_wconf 72' lang='grc'>’</span> 
     </span>
    </p>
   </div>
   <div class='ocr_carea' id='block_1_12' title="bbox 1502 3367 2573 3478">
    <p class='ocr_par' dir='ltr' id='par_1_29' title="bbox 1502 3367 2573 3478">
     <span class='ocr_line' id='line_1_86' title="bbox 1502 3367 2573 3478; baseline -0.007 -23"><span class='ocrx_word' id='word_1_663' title='bbox 1502 3387 1729 3454; x_wconf 85' lang='lat' dir='ltr'>discretionem</span> <span class='ocrx_word' id='word_1_664' title='bbox 1746 3387 1851 3454; x_wconf 90' lang='lat' dir='ltr'>addit:</span> <span class='ocrx_word' id='word_1_665' title='bbox 1871 3389 2011 3456; x_wconf 87' lang='lat' dir='ltr'>Diaeus:</span> <span class='ocrx_word' id='word_1_666' title='bbox 2032 3391 2287 3470; x_wconf 66' lang='lat' dir='ltr'>Palamedeis,</span> <span class='ocrx_word' id='word_1_667' title='bbox 2307 3391 2457 3478; x_wconf 81' lang='lat' dir='ltr'>transfer</span> <span class='ocrx_word' id='word_1_668' title='bbox 2497 3367 2573 3406; x_wconf 52' lang='lat' dir='ltr'>sm·</span> 
     </span>
    </p>
   </div>
   <div class='ocr_carea' id='block_1_13' title="bbox 1499 3493 2457 5056">
    <p class='ocr_par' dir='ltr' id='par_1_30' title="bbox 1499 3493 2457 5056">
     <span class='ocr_line' id='line_1_87' title="bbox 1503 3493 2457 3582; baseline 0 -20"><span class='ocrx_word' id='word_1_669' title='bbox 1503 3493 1638 3562; x_wconf 86' lang='lat' dir='ltr'>calicem</span> <span class='ocrx_word' id='word_1_670' title='bbox 1668 3493 1770 3562; x_wconf 90' lang='lat' dir='ltr'>istum</span> <span class='ocrx_word' id='word_1_671' title='bbox 1793 3513 1817 3562; x_wconf 94' lang='lat' dir='ltr'>a</span> <span class='ocrx_word' id='word_1_672' title='bbox 1840 3513 1898 3562; x_wconf 88' lang='lat' dir='ltr'>ma.</span> <span class='ocrx_word' id='word_1_673' title='bbox 1923 3495 1980 3562; x_wconf 90' lang='lat' dir='ltr'>Per</span> <span class='ocrx_word' id='word_1_674' title='bbox 2013 3495 2146 3562; x_wconf 87' lang='lat' dir='ltr'>calicem</span> <span class='ocrx_word' id='word_1_675' title='bbox 2177 3497 2278 3562; x_wconf 86' lang='lat' dir='ltr'>istam</span> <span class='ocrx_word' id='word_1_676' title='bbox 2311 3497 2457 3582; x_wconf 89' lang='lat' dir='ltr'>intelligi-</span> 
     </span>
     <span class='ocr_line' id='line_1_88' title="bbox 1504 3599 2457 3688; baseline 0 -22"><span class='ocrx_word' id='word_1_677' title='bbox 1504 3605 1558 3666; x_wconf 89' lang='lat' dir='ltr'>tur</span> <span class='ocrx_word' id='word_1_678' title='bbox 1581 3599 1702 3684; x_wconf 88' lang='lat' dir='ltr'>passio,</span> <span class='ocrx_word' id='word_1_679' title='bbox 1724 3619 1782 3684; x_wconf 91' lang='lat' dir='ltr'>pro</span> <span class='ocrx_word' id='word_1_680' title='bbox 1807 3619 1843 3668; x_wconf 91' lang='lat' dir='ltr'>eo</span> <span class='ocrx_word' id='word_1_681' title='bbox 1867 3601 1952 3688; x_wconf 88' lang='lat' dir='ltr'>quod</span> <span class='ocrx_word' id='word_1_682' title='bbox 1974 3601 2008 3668; x_wconf 93' lang='lat' dir='ltr'>in</span> <span class='ocrx_word' id='word_1_683' title='bbox 2030 3601 2126 3668; x_wconf 90' lang='lat' dir='ltr'>calice</span> <span class='ocrx_word' id='word_1_684' title='bbox 2149 3607 2243 3686; x_wconf 91' lang='lat' dir='ltr'>potus</span> <span class='ocrx_word' id='word_1_685' title='bbox 2273 3601 2393 3668; x_wconf 91' lang='lat' dir='ltr'>bibitur</span> <span class='ocrx_word' id='word_1_686' title='bbox 2424 3601 2457 3666; x_wconf 90' lang='lat' dir='ltr'>in</span> 
     </span>
     <span class='ocr_line' id='line_1_89' title="bbox 1503 3705 2454 3788; baseline 0.002 -16"><span class='ocrx_word' id='word_1_687' title='bbox 1503 3723 1668 3788; x_wconf 91' lang='lat' dir='ltr'>mensura,</span> <span class='ocrx_word' id='word_1_688' title='bbox 1703 3707 1875 3774; x_wconf 86' lang='lat' dir='ltr'>secundum</span> <span class='ocrx_word' id='word_1_689' title='bbox 1904 3705 1983 3774; x_wconf 92' lang='lat' dir='ltr'>illud</span> <span class='ocrx_word' id='word_1_690' title='bbox 2015 3707 2126 3774; x_wconf 88' lang='lat' dir='ltr'>Psalmi</span> <span class='ocrx_word' id='word_1_691' title='bbox 2141 3707 2189 3772; x_wconf 74' lang='lat'>1³:</span> <span class='ocrx_word' id='word_1_692' title='bbox 2217 3733 2233 3766; x_wconf 70' lang='lat' dir='ltr'>c&lt;</span> <span class='ocrx_word' id='word_1_693' title='bbox 2251 3707 2374 3774; x_wconf 88' lang='lat' dir='ltr'>Cibabis</span> <span class='ocrx_word' id='word_1_694' title='bbox 2395 3725 2454 3774; x_wconf 94' lang='lat' dir='ltr'>nos</span> 
     </span>
     <span class='ocr_line' id='line_1_90' title="bbox 1502 3811 2457 3898; baseline 0 -20"><span class='ocrx_word' id='word_1_695' title='bbox 1502 3829 1582 3898; x_wconf 90' lang='grc'><strong>6666</strong></span> <span class='ocrx_word' id='word_1_696' title='bbox 1604 3811 1818 3896; x_wconf 88' lang='lat' dir='ltr'>lacrymarum</span> <span class='ocrx_word' id='word_1_697' title='bbox 1847 3819 1880 3880; x_wconf 94' lang='lat' dir='ltr'>et</span> <span class='ocrx_word' id='word_1_698' title='bbox 1912 3818 2023 3898; x_wconf 92' lang='lat' dir='ltr'>potum</span> <span class='ocrx_word' id='word_1_699' title='bbox 2054 3811 2142 3880; x_wconf 91' lang='lat' dir='ltr'>dabis</span> <span class='ocrx_word' id='word_1_700' title='bbox 2172 3813 2262 3880; x_wconf 87' lang='lat' dir='ltr'>nobis</span> <span class='ocrx_word' id='word_1_701' title='bbox 2292 3811 2325 3878; x_wconf 92' lang='lat' dir='ltr'>in</span> <span class='ocrx_word' id='word_1_702' title='bbox 2355 3813 2457 3898; x_wconf 82' lang='lat' dir='ltr'>lacry-</span> 
     </span>
     <span class='ocr_line' id='line_1_91' title="bbox 1501 3919 2457 4000; baseline 0 -14"><span class='ocrx_word' id='word_1_703' title='bbox 1501 3919 1561 3986; x_wconf 92' lang='lat' dir='ltr'>mis</span> <span class='ocrx_word' id='word_1_704' title='bbox 1583 3919 1614 3984; x_wconf 90' lang='grc'>16</span> <span class='ocrx_word' id='word_1_705' title='bbox 1639 3937 1787 3986; x_wconf 90' lang='lat' dir='ltr'>mensura</span> <span class='ocrx_word' id='word_1_706' title='bbox 1802 3945 1834 3986; x_wconf 84' lang='lat'>».</span> <span class='ocrx_word' id='word_1_707' title='bbox 1857 3921 1947 3988; x_wconf 91' lang='lat' dir='ltr'>Hunc</span> <span class='ocrx_word' id='word_1_708' title='bbox 1966 3919 2094 3988; x_wconf 87' lang='lat' dir='ltr'>calicem</span> <span class='ocrx_word' id='word_1_709' title='bbox 2111 3919 2256 3988; x_wconf 90' lang='lat' dir='ltr'>Christus</span> <span class='ocrx_word' id='word_1_710' title='bbox 2270 3919 2368 4000; x_wconf 89' lang='lat' dir='ltr'>bibit,</span> <span class='ocrx_word' id='word_1_711' title='bbox 2384 3935 2457 3986; x_wconf 91' lang='lat' dir='ltr'>cum</span> 
     </span>
     <span class='ocr_line' id='line_1_92' title="bbox 1502 4023 2454 4112; baseline 0.002 -22"><span class='ocrx_word' id='word_1_712' title='bbox 1502 4023 1674 4110; x_wconf 91' lang='lat' dir='ltr'>passionem</span> <span class='ocrx_word' id='word_1_713' title='bbox 1694 4025 1868 4092; x_wconf 82' lang='lat' dir='ltr'>voluntarie</span> <span class='ocrx_word' id='word_1_714' title='bbox 1885 4027 2040 4112; x_wconf 83' lang='lat' dir='ltr'>gustavit3</span> <span class='ocrx_word' id='word_1_715' title='bbox 2069 4025 2267 4092; x_wconf 75' lang='lat' dir='ltr'>Psalmus14:</span> <span class='ocrx_word' id='word_1_716' title='bbox 2297 4051 2313 4084; x_wconf 77' lang='lat' dir='ltr'>a</span> <span class='ocrx_word' id='word_1_717' title='bbox 2328 4027 2374 4092; x_wconf 89' lang='lat' dir='ltr'>De</span> <span class='ocrx_word' id='word_1_718' title='bbox 2390 4029 2454 4092; x_wconf 90' lang='lat' dir='ltr'>tor·</span> 
     </span>
     <span class='ocr_line' id='line_1_93' title="bbox 1502 4129 2455 4216; baseline 0 -18"><span class='ocrx_word' id='word_1_719' title='bbox 1502 4135 1590 4198; x_wconf 89' lang='lat' dir='ltr'>rente</span> <span class='ocrx_word' id='word_1_720' title='bbox 1612 4129 1645 4196; x_wconf 88' lang='lat' dir='ltr'>in</span> <span class='ocrx_word' id='word_1_721' title='bbox 1661 4129 1712 4198; x_wconf 93' lang='lat' dir='ltr'>via</span> <span class='ocrx_word' id='word_1_722' title='bbox 1726 4129 1806 4198; x_wconf 90' lang='lat' dir='ltr'>bibit</span> <span class='ocrx_word' id='word_1_723' title='bbox 1822 4157 1837 4190; x_wconf 72' lang='grc'>6</span> <span class='ocrx_word' id='word_1_724' title='bbox 1863 4139 1920 4198; x_wconf 89' lang='grc'><strong>666.</strong></span> <span class='ocrx_word' id='word_1_725' title='bbox 1934 4157 1941 4212; x_wconf 93' lang='grc'><strong>;</strong></span> <span class='ocrx_word' id='word_1_726' title='bbox 1957 4137 1989 4198; x_wconf 90' lang='grc'>66</span> <span class='ocrx_word' id='word_1_727' title='bbox 2005 4129 2148 4198; x_wconf 85' lang='lat' dir='ltr'>Matthaei</span> <span class='ocrx_word' id='word_1_728' title='bbox 2164 4131 2331 4216; x_wconf 83' lang='lat' dir='ltr'>vigesimo:</span> <span class='ocrx_word' id='word_1_729' title='bbox 2354 4157 2371 4190; x_wconf 91' lang='lat'>«</span> <span class='ocrx_word' id='word_1_730' title='bbox 2386 4131 2455 4198; x_wconf 91' lang='lat' dir='ltr'>Pot-</span> 
     </span>
     <span class='ocr_line' id='line_1_94' title="bbox 1499 4235 2454 4322; baseline -0.002 -18"><span class='ocrx_word' id='word_1_731' title='bbox 1499 4237 1576 4304; x_wconf 91' lang='lat' dir='ltr'>estis</span> <span class='ocrx_word' id='word_1_732' title='bbox 1604 4235 1713 4302; x_wconf 91' lang='lat' dir='ltr'>bibere</span> <span class='ocrx_word' id='word_1_733' title='bbox 1745 4237 1890 4318; x_wconf 90' lang='lat' dir='ltr'>calicem,</span> <span class='ocrx_word' id='word_1_734' title='bbox 1922 4255 2017 4322; x_wconf 90' lang='lat' dir='ltr'>quem</span> <span class='ocrx_word' id='word_1_735' title='bbox 2049 4255 2106 4322; x_wconf 85' lang='lat' dir='ltr'>ego</span> <span class='ocrx_word' id='word_1_736' title='bbox 2136 4237 2296 4304; x_wconf 89' lang='lat' dir='ltr'>bibiturus</span> <span class='ocrx_word' id='word_1_737' title='bbox 2330 4255 2400 4302; x_wconf 91' lang='lat' dir='ltr'>sum</span> <span class='ocrx_word' id='word_1_738' title='bbox 2418 4243 2454 4302; x_wconf 81' lang='lat' dir='ltr'>»i</span> 
     </span>
     <span class='ocr_line' id='line_1_95' title="bbox 1501 4339 2454 4422; baseline 0 -14"><span class='ocrx_word' id='word_1_739' title='bbox 1501 4343 1588 4410; x_wconf 90' lang='lat' dir='ltr'>Hunc</span> <span class='ocrx_word' id='word_1_740' title='bbox 1616 4339 1743 4408; x_wconf 89' lang='lat' dir='ltr'>calicem</span> <span class='ocrx_word' id='word_1_741' title='bbox 1766 4341 1910 4410; x_wconf 83' lang='lat' dir='ltr'>Christus</span> <span class='ocrx_word' id='word_1_742' title='bbox 1934 4341 2041 4412; x_wconf 89' lang='lat' dir='ltr'>bibere</span> <span class='ocrx_word' id='word_1_743' title='bbox 2066 4341 2454 4422; x_wconf 82' lang='grc'><strong>661666666166666666-</strong></span> 
     </span>
     <span class='ocr_line' id='line_1_96' title="bbox 1502 4447 2454 4530; baseline 0 -14"><span class='ocrx_word' id='word_1_744' title='bbox 1502 4449 1619 4530; x_wconf 88' lang='lat' dir='ltr'>tionis,</span> <span class='ocrx_word' id='word_1_745' title='bbox 1650 4449 1705 4516; x_wconf 91' lang='lat' dir='ltr'>sed</span> <span class='ocrx_word' id='word_1_746' title='bbox 1727 4449 1918 4518; x_wconf 88' lang='lat' dir='ltr'>abhorrebat</span> <span class='ocrx_word' id='word_1_747' title='bbox 1949 4453 2110 4518; x_wconf 89' lang='lat' dir='ltr'>voluntate</span> <span class='ocrx_word' id='word_1_748' title='bbox 2141 4447 2378 4516; x_wconf 81' lang='lat' dir='ltr'>sensualitatis.</span> <span class='ocrx_word' id='word_1_749' title='bbox 2410 4485 2454 4498; x_wconf 88' lang='lat'>·--</span> 
     </span>
     <span class='ocr_line' id='line_1_97' title="bbox 1501 4555 2454 4642; baseline -0.002 -18"><span class='ocrx_word' id='word_1_750' title='bbox 1501 4555 1586 4624; x_wconf 90' lang='lat' dir='ltr'>Unde</span> <span class='ocrx_word' id='word_1_751' title='bbox 1609 4555 1787 4642; x_wconf 87' lang='grc'><strong>661666616</strong></span> <span class='ocrx_word' id='word_1_752' title='bbox 1811 4557 2029 4624; x_wconf 91' lang='lat' dir='ltr'>dominabatur</span> <span class='ocrx_word' id='word_1_753' title='bbox 2062 4555 2271 4634; x_wconf 90' lang='lat' dir='ltr'>sensualitati,</span> <span class='ocrx_word' id='word_1_754' title='bbox 2297 4555 2367 4622; x_wconf 93' lang='lat' dir='ltr'>ideo</span> <span class='ocrx_word' id='word_1_755' title='bbox 2397 4555 2454 4622; x_wconf 92' lang='lat' dir='ltr'>ad-</span> 
     </span>
     <span class='ocr_line' id='line_1_98' title="bbox 1499 4657 2454 4744; baseline -0.002 -16"><span class='ocrx_word' id='word_1_756' title='bbox 1499 4661 1562 4728; x_wconf 91' lang='lat' dir='ltr'>dit:</span> <span class='ocrx_word' id='word_1_757' title='bbox 1592 4663 1824 4728; x_wconf 85' lang='lat' dir='ltr'>Verumtamen</span> <span class='ocrx_word' id='word_1_758' title='bbox 1846 4681 1913 4728; x_wconf 83' lang='lat' dir='ltr'>mon</span> <span class='ocrx_word' id='word_1_759' title='bbox 1929 4681 2004 4730; x_wconf 91' lang='lat' dir='ltr'>mea</span> <span class='ocrx_word' id='word_1_760' title='bbox 2018 4663 2191 4738; x_wconf 88' lang='lat' dir='ltr'>uoluntas,</span> <span class='ocrx_word' id='word_1_761' title='bbox 2206 4661 2263 4726; x_wconf 90' lang='lat' dir='ltr'>sed</span> <span class='ocrx_word' id='word_1_762' title='bbox 2288 4669 2348 4726; x_wconf 84' lang='lat' dir='ltr'>tua</span> <span class='ocrx_word' id='word_1_763' title='bbox 2371 4657 2454 4744; x_wconf 77' lang='lat' dir='ltr'>siat:</span> 
     </span>
     <span class='ocr_line' id='line_1_99' title="bbox 1500 4765 2454 4854; baseline -0.002 -20"><span class='ocrx_word' id='word_1_764' title='bbox 1500 4767 1531 4834; x_wconf 93' lang='lat' dir='ltr'>in</span> <span class='ocrx_word' id='word_1_765' title='bbox 1556 4785 1619 4852; x_wconf 87' lang='lat' dir='ltr'>quo</span> <span class='ocrx_word' id='word_1_766' title='bbox 1642 4773 1788 4854; x_wconf 91' lang='lat' dir='ltr'>apparet,</span> <span class='ocrx_word' id='word_1_767' title='bbox 1814 4769 1898 4854; x_wconf 89' lang='lat' dir='ltr'>quod</span> <span class='ocrx_word' id='word_1_768' title='bbox 1921 4769 2059 4834; x_wconf 87' lang='lat' dir='ltr'>discrete</span> <span class='ocrx_word' id='word_1_769' title='bbox 2080 4765 2224 4852; x_wconf 91' lang='lat' dir='ltr'>petebat,</span> <span class='ocrx_word' id='word_1_770' title='bbox 2246 4765 2320 4852; x_wconf 84' lang='lat' dir='ltr'>qaia</span> <span class='ocrx_word' id='word_1_771' title='bbox 2342 4767 2454 4834; x_wconf 91' lang='lat' dir='ltr'>volun-</span> 
     </span>
     <span class='ocr_line' id='line_1_100' title="bbox 1501 4873 2454 4940; baseline -0.002 -2"><span class='ocrx_word' id='word_1_772' title='bbox 1501 4877 1594 4940; x_wconf 80' lang='lat' dir='ltr'>tatem</span> <span class='ocrx_word' id='word_1_773' title='bbox 1624 4873 1725 4938; x_wconf 91' lang='lat' dir='ltr'>carnis</span> <span class='ocrx_word' id='word_1_774' title='bbox 1758 4873 1909 4940; x_wconf 92' lang='lat' dir='ltr'>voluntati</span> <span class='ocrx_word' id='word_1_775' title='bbox 1935 4873 2065 4940; x_wconf 90' lang='lat' dir='ltr'>rationis</span> <span class='ocrx_word' id='word_1_776' title='bbox 2094 4879 2126 4938; x_wconf 93' lang='lat' dir='ltr'>et</span> <span class='ocrx_word' id='word_1_777' title='bbox 2159 4873 2313 4938; x_wconf 89' lang='lat' dir='ltr'>voluntati</span> <span class='ocrx_word' id='word_1_778' title='bbox 2336 4873 2454 4938; x_wconf 89' lang='lat' dir='ltr'>Divini-</span> 
     </span>
     <span class='ocr_line' id='line_1_101' title="bbox 1501 4977 2453 5056; baseline -0.004 -8"><span class='ocrx_word' id='word_1_779' title='bbox 1501 4979 1572 5048; x_wconf 88' lang='lat' dir='ltr'>tatis</span> <span class='ocrx_word' id='word_1_780' title='bbox 1605 4977 1808 5056; x_wconf 89' lang='lat' dir='ltr'>subiiciebat,</span> <span class='ocrx_word' id='word_1_781' title='bbox 1843 4977 2016 5044; x_wconf 90' lang='lat' dir='ltr'>secundum</span> <span class='ocrx_word' id='word_1_782' title='bbox 2048 4977 2125 5044; x_wconf 91' lang='lat' dir='ltr'>illud</span> <span class='ocrx_word' id='word_1_783' title='bbox 2148 4977 2269 5044; x_wconf 91' lang='lat' dir='ltr'>loannis</span> <span class='ocrx_word' id='word_1_784' title='bbox 2302 4983 2391 5044; x_wconf 84' lang='lat' dir='ltr'>sexto</span> <span class='ocrx_word' id='word_1_785' title='bbox 2404 4979 2453 5044; x_wconf 85' lang='lat'>1⁵:</span> 
     </span>
    </p>
   </div>
   <div class='ocr_carea' id='block_1_14' title="bbox 1497 5365 2468 6940">
    <p class='ocr_par' dir='ltr' id='par_1_31' title="bbox 1499 5365 2453 5774">
     <span class='ocr_line' id='line_1_102' title="bbox 1571 5365 2452 5434; baseline 0 -12"><span class='ocrx_word' id='word_1_786' title='bbox 1571 5365 1593 5398; x_wconf 86' lang='lat'>¹⁰</span> <span class='ocrx_word' id='word_1_787' title='bbox 1613 5367 1663 5422; x_wconf 85' lang='lat' dir='ltr'>Cir.</span> <span class='ocrx_word' id='word_1_788' title='bbox 1685 5369 1815 5422; x_wconf 89' lang='lat' dir='ltr'>lanocent.</span> <span class='ocrx_word' id='word_1_789' title='bbox 1834 5371 1878 5432; x_wconf 92' lang='grc'><strong>111,</strong></span> <span class='ocrx_word' id='word_1_790' title='bbox 1897 5371 1929 5420; x_wconf 94' lang='grc'>11.</span> <span class='ocrx_word' id='word_1_791' title='bbox 1944 5367 1978 5420; x_wconf 87' lang='grc'>66</span> <span class='ocrx_word' id='word_1_792' title='bbox 1998 5371 2076 5420; x_wconf 84' lang='lat' dir='ltr'>Sacro</span> <span class='ocrx_word' id='word_1_793' title='bbox 2099 5369 2187 5422; x_wconf 89' lang='lat' dir='ltr'>altaris</span> <span class='ocrx_word' id='word_1_794' title='bbox 2201 5369 2341 5434; x_wconf 80' lang='lat' dir='ltr'>mysterio,</span> <span class='ocrx_word' id='word_1_795' title='bbox 2361 5383 2383 5424; x_wconf 91' lang='grc'>6.</span> <span class='ocrx_word' id='word_1_796' title='bbox 2401 5369 2452 5422; x_wconf 76' lang='grc'>696</span> 
     </span>
     <span class='ocr_line' id='line_1_103' title="bbox 1501 5453 2452 5526; baseline 0.007 -20"><span class='ocrx_word' id='word_1_797' title='bbox 1501 5455 1552 5508; x_wconf 83' lang='lat' dir='ltr'>Sed</span> <span class='ocrx_word' id='word_1_798' title='bbox 1579 5455 1689 5508; x_wconf 89' lang='lat' dir='ltr'>latitudo</span> <span class='ocrx_word' id='word_1_799' title='bbox 1716 5455 1805 5512; x_wconf 87' lang='lat' dir='ltr'>cordis</span> <span class='ocrx_word' id='word_1_800' title='bbox 1831 5457 1866 5510; x_wconf 88' lang='lat' dir='ltr'>ab</span> <span class='ocrx_word' id='word_1_801' title='bbox 1890 5453 2102 5526; x_wconf 79' lang='grc'><strong>6161666666116]</strong></span> <span class='ocrx_word' id='word_1_802' title='bbox 2121 5459 2221 5524; x_wconf 85' lang='lat' dir='ltr'>aulugit</span> <span class='ocrx_word' id='word_1_803' title='bbox 2240 5465 2264 5512; x_wconf 87' lang='lat' dir='ltr'>et</span> <span class='ocrx_word' id='word_1_804' title='bbox 2284 5461 2370 5524; x_wconf 88' lang='lat' dir='ltr'>latuit,</span> <span class='ocrx_word' id='word_1_805' title='bbox 2391 5473 2452 5512; x_wconf 88' lang='lat' dir='ltr'>cum</span> 
     </span>
     <span class='ocr_line' id='line_1_104' title="bbox 1500 5545 2451 5612; baseline 0.004 -16"><span class='ocrx_word' id='word_1_806' title='bbox 1500 5557 1590 5596; x_wconf 89' lang='lat' dir='ltr'>omues</span> <span class='ocrx_word' id='word_1_807' title='bbox 1610 5545 1745 5610; x_wconf 89' lang='lat' dir='ltr'>discipuli,</span> <span class='ocrx_word' id='word_1_808' title='bbox 1762 5545 1852 5598; x_wconf 89' lang='lat' dir='ltr'>relicto</span> <span class='ocrx_word' id='word_1_809' title='bbox 1872 5545 2010 5612; x_wconf 81' lang='lat' dir='ltr'>magistro,</span> <span class='ocrx_word' id='word_1_810' title='bbox 2023 5549 2146 5612; x_wconf 84' lang='lat' dir='ltr'>sugerunt</span> <span class='ocrx_word' id='word_1_811' title='bbox 2159 5549 2338 5612; x_wconf 72' lang='grc'><strong>6616666666</strong></span> <span class='ocrx_word' id='word_1_812' title='bbox 2356 5553 2380 5602; x_wconf 91' lang='lat' dir='ltr'>et</span> <span class='ocrx_word' id='word_1_813' title='bbox 2393 5547 2451 5600; x_wconf 91' lang='lat' dir='ltr'>ideo</span> 
     </span>
     <span class='ocr_line' id='line_1_105' title="bbox 1499 5631 2453 5702; baseline 0.006 -20"><span class='ocrx_word' id='word_1_814' title='bbox 1499 5637 1560 5698; x_wconf 88' lang='lat' dir='ltr'>past</span> <span class='ocrx_word' id='word_1_815' title='bbox 1577 5639 1726 5698; x_wconf 90' lang='lat' dir='ltr'>susceptam</span> <span class='ocrx_word' id='word_1_816' title='bbox 1756 5631 1870 5686; x_wconf 90' lang='lat' dir='ltr'>oblatam</span> <span class='ocrx_word' id='word_1_817' title='bbox 1889 5635 2012 5688; x_wconf 88' lang='lat' dir='ltr'>sacerdos</span> <span class='ocrx_word' id='word_1_818' title='bbox 2030 5635 2169 5688; x_wconf 87' lang='lat' dir='ltr'>abscondit</span> <span class='ocrx_word' id='word_1_819' title='bbox 2187 5635 2384 5702; x_wconf 88' lang='lat' dir='ltr'>subcorporali</span> <span class='ocrx_word' id='word_1_820' title='bbox 2410 5649 2453 5700; x_wconf 93' lang='lat' dir='ltr'>pa·</span> 
     </span>
     <span class='ocr_line' id='line_1_106' title="bbox 1500 5725 1651 5774; baseline 0 0"><span class='ocrx_word' id='word_1_821' title='bbox 1500 5725 1651 5774; x_wconf 85' lang='grc'><strong>16666616.</strong></span> 
     </span>
    </p>

    <p class='ocr_par' dir='ltr' id='par_1_32' title="bbox 1499 5809 2468 6310">
     <span class='ocr_line' id='line_1_107' title="bbox 1571 5809 2452 5882; baseline 0 -16"><span class='ocrx_word' id='word_1_822' title='bbox 1571 5809 1596 5876; x_wconf 87' lang='grc'>11</span> <span class='ocrx_word' id='word_1_823' title='bbox 1615 5813 1690 5866; x_wconf 90' lang='lat' dir='ltr'>Vers.</span> <span class='ocrx_word' id='word_1_824' title='bbox 1709 5813 1737 5866; x_wconf 91' lang='grc'><strong>9.</strong></span> <span class='ocrx_word' id='word_1_825' title='bbox 1749 5841 1783 5852; x_wconf 88' lang='grc'>-</span> <span class='ocrx_word' id='word_1_826' title='bbox 1797 5815 1886 5866; x_wconf 86' lang='lat' dir='ltr'>Glossa</span> <span class='ocrx_word' id='word_1_827' title='bbox 1905 5809 2049 5868; x_wconf 87' lang='lat' dir='ltr'>ordinaria</span> <span class='ocrx_word' id='word_1_828' title='bbox 2063 5813 2103 5882; x_wconf 87' lang='lat' dir='ltr'>(ex</span> <span class='ocrx_word' id='word_1_829' title='bbox 2116 5815 2199 5878; x_wconf 88' lang='lat' dir='ltr'>Beda,</span> <span class='ocrx_word' id='word_1_830' title='bbox 2213 5815 2259 5880; x_wconf 91' lang='lat' dir='ltr'>qui</span> <span class='ocrx_word' id='word_1_831' title='bbox 2272 5813 2389 5880; x_wconf 79' lang='lat' dir='ltr'>sequitur</span> <span class='ocrx_word' id='word_1_832' title='bbox 2403 5815 2452 5866; x_wconf 85' lang='lat' dir='ltr'>hu·</span> 
     </span>
     <span class='ocr_line' id='line_1_108' title="bbox 1500 5899 2451 5970; baseline 0.004 -18"><span class='ocrx_word' id='word_1_833' title='bbox 1500 5907 1581 5966; x_wconf 83' lang='lat' dir='ltr'>gast,</span> <span class='ocrx_word' id='word_1_834' title='bbox 1593 5901 1621 5952; x_wconf 91' lang='lat' dir='ltr'>ll.</span> <span class='ocrx_word' id='word_1_835' title='bbox 1631 5901 1682 5968; x_wconf 75' lang='grc'>66.</span> <span class='ocrx_word' id='word_1_836' title='bbox 1695 5901 1861 5966; x_wconf 79' lang='lat' dir='ltr'>Evangelior.</span> <span class='ocrx_word' id='word_1_837' title='bbox 1873 5917 1897 5968; x_wconf 89' lang='grc'>6.</span> <span class='ocrx_word' id='word_1_838' title='bbox 1909 5901 1962 5970; x_wconf 89' lang='grc'><strong>66.)</strong></span> <span class='ocrx_word' id='word_1_839' title='bbox 1975 5903 1999 5954; x_wconf 91' lang='grc'>16</span> <span class='ocrx_word' id='word_1_840' title='bbox 2012 5903 2075 5956; x_wconf 84' lang='lat' dir='ltr'>Luc.</span> <span class='ocrx_word' id='word_1_841' title='bbox 2087 5905 2135 5968; x_wconf 86' lang='grc'>66,</span> <span class='ocrx_word' id='word_1_842' title='bbox 2150 5901 2179 5954; x_wconf 88' lang='grc'>61</span> <span class='ocrx_word' id='word_1_843' title='bbox 2191 5917 2197 5952; x_wconf 91' lang='lat'>:</span> <span class='ocrx_word' id='word_1_844' title='bbox 2213 5901 2353 5968; x_wconf 79' lang='grc'><strong>0666616616</strong></span> <span class='ocrx_word' id='word_1_845' title='bbox 2366 5899 2451 5956; x_wconf 82' lang='lat' dir='ltr'>iacias</span> 
     </span>
     <span class='ocr_line' id='line_1_109' title="bbox 1499 5987 2453 6058; baseline -0.004 -14"><span class='ocrx_word' id='word_1_846' title='bbox 1499 5987 1917 6058; x_wconf 61' lang='grc'><strong>66166166666666666666</strong></span> <span class='ocrx_word' id='word_1_847' title='bbox 1941 5989 2035 6056; x_wconf 90' lang='grc'><strong>166616,</strong></span> <span class='ocrx_word' id='word_1_848' title='bbox 2063 5995 2091 6042; x_wconf 92' lang='grc'>66</span> <span class='ocrx_word' id='word_1_849' title='bbox 2117 5991 2141 6042; x_wconf 93' lang='grc'>16</span> <span class='ocrx_word' id='word_1_850' title='bbox 2167 5989 2254 6056; x_wconf 84' lang='lat' dir='ltr'>ipsum</span> <span class='ocrx_word' id='word_1_851' title='bbox 2281 5989 2393 6054; x_wconf 82' lang='lat' dir='ltr'>dirigant</span> <span class='ocrx_word' id='word_1_852' title='bbox 2421 5991 2453 6040; x_wconf 91' lang='lat' dir='ltr'>la-</span> 
     </span>
     <span class='ocr_line' id='line_1_110' title="bbox 1499 6077 2468 6146; baseline -0.002 -16"><span class='ocrx_word' id='word_1_853' title='bbox 1499 6079 1602 6146; x_wconf 88' lang='lat' dir='ltr'>pidem,</span> <span class='ocrx_word' id='word_1_854' title='bbox 1622 6079 1646 6130; x_wconf 90' lang='lat' dir='ltr'>id</span> <span class='ocrx_word' id='word_1_855' title='bbox 1667 6085 1719 6144; x_wconf 87' lang='grc'><strong>666,</strong></span> <span class='ocrx_word' id='word_1_856' title='bbox 1739 6091 1823 6146; x_wconf 84' lang='grc'><strong>66666</strong></span> <span class='ocrx_word' id='word_1_857' title='bbox 1841 6079 1877 6132; x_wconf 87' lang='lat' dir='ltr'>ad</span> <span class='ocrx_word' id='word_1_858' title='bbox 1893 6079 1983 6142; x_wconf 88' lang='lat' dir='ltr'>ipsum</span> <span class='ocrx_word' id='word_1_859' title='bbox 2001 6079 2146 6142; x_wconf 87' lang='lat' dir='ltr'>perducant</span> <span class='ocrx_word' id='word_1_860' title='bbox 2171 6077 2337 6130; x_wconf 86' lang='lat' dir='ltr'>intentionem</span> <span class='ocrx_word' id='word_1_861' title='bbox 2363 6077 2468 6142; x_wconf 67' lang='lat' dir='ltr'>Legis,</span> 
     </span>
     <span class='ocr_line' id='line_1_111' title="bbox 1499 6163 2454 6234; baseline -0.002 -14"><span class='ocrx_word' id='word_1_862' title='bbox 1499 6181 1567 6234; x_wconf 86' lang='grc'><strong>6666</strong></span> <span class='ocrx_word' id='word_1_863' title='bbox 1584 6169 1681 6232; x_wconf 86' lang='lat' dir='ltr'>scripta</span> <span class='ocrx_word' id='word_1_864' title='bbox 1699 6173 1755 6220; x_wconf 90' lang='lat' dir='ltr'>erat</span> <span class='ocrx_word' id='word_1_865' title='bbox 1772 6167 1800 6220; x_wconf 91' lang='grc'>16</span> <span class='ocrx_word' id='word_1_866' title='bbox 1818 6167 1905 6232; x_wconf 87' lang='lat' dir='ltr'>lapide</span> <span class='ocrx_word' id='word_1_867' title='bbox 1931 6169 1980 6218; x_wconf 91' lang='grc'><strong>666.</strong></span> <span class='ocrx_word' id='word_1_868' title='bbox 1997 6193 2033 6204; x_wconf 90' lang='lat'>-</span> <span class='ocrx_word' id='word_1_869' title='bbox 2053 6167 2179 6232; x_wconf 88' lang='lat' dir='ltr'>Superius</span> <span class='ocrx_word' id='word_1_870' title='bbox 2206 6181 2255 6230; x_wconf 93' lang='lat' dir='ltr'>pro</span> <span class='ocrx_word' id='word_1_871' title='bbox 2283 6163 2372 6220; x_wconf 83' lang='grc'><strong>6166616</strong></span> <span class='ocrx_word' id='word_1_872' title='bbox 2394 6169 2454 6220; x_wconf 84' lang='lat' dir='ltr'>arei</span> 
     </span>
     <span class='ocr_line' id='line_1_112' title="bbox 1499 6241 2145 6310; baseline 0 0"><span class='ocrx_word' id='word_1_873' title='bbox 1499 6257 1557 6310; x_wconf 86' lang='lat' dir='ltr'>Vat.</span> <span class='ocrx_word' id='word_1_874' title='bbox 1574 6253 1699 6310; x_wconf 79' lang='grc'><strong>61666616</strong></span> <span class='ocrx_word' id='word_1_875' title='bbox 1718 6259 1784 6310; x_wconf 85' lang='lat' dir='ltr'>oret.</span> <span class='ocrx_word' id='word_1_876' title='bbox 2143 6241 2145 6246; x_wconf 10' lang='grc' dir='ltr'>Χ</span> 
     </span>
    </p>

    <p class='ocr_par' dir='ltr' id='par_1_33' title="bbox 1498 6339 2451 6500">
     <span class='ocr_line' id='line_1_113' title="bbox 1569 6339 2451 6410; baseline 0 -14"><span class='ocrx_word' id='word_1_877' title='bbox 1569 6343 1591 6374; x_wconf 83' lang='grc'>11</span> <span class='ocrx_word' id='word_1_878' title='bbox 1612 6345 1687 6398; x_wconf 85' lang='lat' dir='ltr'>Vers.</span> <span class='ocrx_word' id='word_1_879' title='bbox 1706 6345 1749 6394; x_wconf 86' lang='grc'>66.</span> <span class='ocrx_word' id='word_1_880' title='bbox 1767 6371 1805 6382; x_wconf 90' lang='grc'><strong>-</strong></span> <span class='ocrx_word' id='word_1_881' title='bbox 1827 6343 1954 6408; x_wconf 84' lang='lat' dir='ltr'>Superius</span> <span class='ocrx_word' id='word_1_882' title='bbox 1977 6355 2025 6406; x_wconf 89' lang='lat' dir='ltr'>pro</span> <span class='ocrx_word' id='word_1_883' title='bbox 2044 6339 2208 6410; x_wconf 82' lang='lat' dir='ltr'>postulantis</span> <span class='ocrx_word' id='word_1_884' title='bbox 2234 6343 2285 6394; x_wconf 80' lang='lat' dir='ltr'>BG</span> <span class='ocrx_word' id='word_1_885' title='bbox 2310 6339 2451 6408; x_wconf 82' lang='lat' dir='ltr'>eieceritis,</span> 
     </span>
     <span class='ocr_line' id='line_1_114' title="bbox 1498 6425 1742 6500; baseline 0 -16"><span class='ocrx_word' id='word_1_886' title='bbox 1498 6431 1579 6486; x_wconf 79' lang='lat' dir='ltr'>aab</span> <span class='ocrx_word' id='word_1_887' title='bbox 1598 6425 1742 6500; x_wconf 79' lang='lat' dir='ltr'>alapantes.</span> 
     </span>
    </p>

    <p class='ocr_par' dir='ltr' id='par_1_34' title="bbox 1569 6517 1820 6582">
     <span class='ocr_line' id='line_1_115' title="bbox 1569 6517 1820 6582; baseline -0.012 -7"><span class='ocrx_word' id='word_1_888' title='bbox 1569 6517 1704 6574; x_wconf 80' lang='grc'><strong>11666166.</strong></span> <span class='ocrx_word' id='word_1_889' title='bbox 1725 6517 1774 6582; x_wconf 84' lang='grc'>79,</span> <span class='ocrx_word' id='word_1_890' title='bbox 1796 6523 1820 6572; x_wconf 92' lang='grc'>6.</span> 
     </span>
    </p>

    <p class='ocr_par' dir='ltr' id='par_1_35' title="bbox 1569 6607 2230 6672">
     <span class='ocr_line' id='line_1_116' title="bbox 1569 6607 2230 6672; baseline 0 -10"><span class='ocrx_word' id='word_1_891' title='bbox 1569 6607 1591 6638; x_wconf 81' lang='grc'>11</span> <span class='ocrx_word' id='word_1_892' title='bbox 1611 6611 1703 6662; x_wconf 85' lang='lat' dir='ltr'>Psalm.</span> <span class='ocrx_word' id='word_1_893' title='bbox 1725 6609 1790 6672; x_wconf 90' lang='grc'><strong>669,</strong></span> <span class='ocrx_word' id='word_1_894' title='bbox 1810 6607 1834 6660; x_wconf 83' lang='grc'>1.</span> <span class='ocrx_word' id='word_1_895' title='bbox 1855 6613 1879 6660; x_wconf 91' lang='grc'>66</span> <span class='ocrx_word' id='word_1_896' title='bbox 1897 6607 1994 6662; x_wconf 84' lang='lat' dir='ltr'>deinde</span> <span class='ocrx_word' id='word_1_897' title='bbox 2011 6607 2099 6660; x_wconf 89' lang='lat' dir='ltr'>Matth.</span> <span class='ocrx_word' id='word_1_898' title='bbox 2119 6609 2168 6672; x_wconf 89' lang='grc'>66,</span> <span class='ocrx_word' id='word_1_899' title='bbox 2187 6609 2230 6662; x_wconf 79' lang='grc'>66.</span> 
     </span>
    </p>

    <p class='ocr_par' dir='ltr' id='par_1_36' title="bbox 1497 6695 2453 6940">
     <span class='ocr_line' id='line_1_117' title="bbox 1568 6695 2451 6766; baseline -0.002 -16"><span class='ocrx_word' id='word_1_900' title='bbox 1568 6695 1591 6728; x_wconf 81' lang='lat'>¹⁶</span> <span class='ocrx_word' id='word_1_901' title='bbox 1611 6699 1686 6752; x_wconf 90' lang='lat' dir='ltr'>Vers.</span> <span class='ocrx_word' id='word_1_902' title='bbox 1705 6697 1748 6748; x_wconf 87' lang='lat'>38.</span> <span class='ocrx_word' id='word_1_903' title='bbox 1760 6725 1797 6738; x_wconf 95' lang='lat'>-</span> <span class='ocrx_word' id='word_1_904' title='bbox 1810 6697 1863 6750; x_wconf 86' lang='lat' dir='ltr'>Ch.</span> <span class='ocrx_word' id='word_1_905' title='bbox 1880 6697 1917 6748; x_wconf 91' lang='lat' dir='ltr'>lll.</span> <span class='ocrx_word' id='word_1_906' title='bbox 1931 6699 2001 6750; x_wconf 87' lang='lat' dir='ltr'>Seut.</span> <span class='ocrx_word' id='word_1_907' title='bbox 2018 6697 2046 6748; x_wconf 89' lang='lat' dir='ltr'>d.</span> <span class='ocrx_word' id='word_1_908' title='bbox 2065 6695 2107 6748; x_wconf 77' lang='lat' dir='ltr'>tr.</span> <span class='ocrx_word' id='word_1_909' title='bbox 2126 6709 2151 6748; x_wconf 89' lang='grc'>6.</span> <span class='ocrx_word' id='word_1_910' title='bbox 2171 6699 2193 6748; x_wconf 89' lang='grc'>6.</span> <span class='ocrx_word' id='word_1_911' title='bbox 2213 6713 2240 6766; x_wconf 90' lang='lat' dir='ltr'>q.</span> <span class='ocrx_word' id='word_1_912' title='bbox 2258 6699 2290 6760; x_wconf 91' lang='lat'>3,</span> <span class='ocrx_word' id='word_1_913' title='bbox 2308 6697 2355 6752; x_wconf 91' lang='lat' dir='ltr'>abi</span> <span class='ocrx_word' id='word_1_914' title='bbox 2373 6699 2451 6750; x_wconf 93' lang='lat' dir='ltr'>etiam</span> 
     </span>
     <span class='ocr_line' id='line_1_118' title="bbox 1499 6785 2453 6850; baseline 0 -12"><span class='ocrx_word' id='word_1_915' title='bbox 1499 6785 1610 6838; x_wconf 87' lang='lat' dir='ltr'>dicitur:</span> <span class='ocrx_word' id='word_1_916' title='bbox 1633 6789 1689 6838; x_wconf 75' lang='grc' dir='ltr'>«Ει</span> <span class='ocrx_word' id='word_1_917' title='bbox 1706 6785 1893 6838; x_wconf 88' lang='lat' dir='ltr'>attendendam</span> <span class='ocrx_word' id='word_1_918' title='bbox 1914 6791 1967 6848; x_wconf 91' lang='lat' dir='ltr'>est,</span> <span class='ocrx_word' id='word_1_919' title='bbox 1986 6785 2142 6850; x_wconf 85' lang='lat' dir='ltr'>quadratio</span> <span class='ocrx_word' id='word_1_920' title='bbox 2161 6787 2188 6838; x_wconf 91' lang='lat' dir='ltr'>in</span> <span class='ocrx_word' id='word_1_921' title='bbox 2207 6787 2329 6850; x_wconf 87' lang='lat' dir='ltr'>petitione</span> <span class='ocrx_word' id='word_1_922' title='bbox 2349 6787 2453 6838; x_wconf 85' lang='grc'><strong>1116666-</strong></span> 
     </span>
     <span class='ocr_line' id='line_1_119' title="bbox 1497 6871 2452 6940; baseline 0 -16"><span class='ocrx_word' id='word_1_923' title='bbox 1497 6873 1570 6924; x_wconf 76' lang='grc'><strong>66616</strong></span> <span class='ocrx_word' id='word_1_924' title='bbox 1586 6875 1698 6926; x_wconf 83' lang='lat' dir='ltr'>lerinam</span> <span class='ocrx_word' id='word_1_925' title='bbox 1718 6871 1856 6936; x_wconf 87' lang='lat' dir='ltr'>prudentis</span> <span class='ocrx_word' id='word_1_926' title='bbox 1874 6877 1899 6924; x_wconf 90' lang='lat' dir='ltr'>et</span> <span class='ocrx_word' id='word_1_927' title='bbox 1917 6873 2000 6924; x_wconf 85' lang='lat' dir='ltr'>tidelis</span> <span class='ocrx_word' id='word_1_928' title='bbox 2011 6871 2149 6938; x_wconf 83' lang='lat' dir='ltr'>advocati,</span> <span class='ocrx_word' id='word_1_929' title='bbox 2163 6873 2208 6940; x_wconf 89' lang='grc'>661</span> <span class='ocrx_word' id='word_1_930' title='bbox 2222 6873 2382 6928; x_wconf 87' lang='lat' dir='ltr'>desiderium</span> <span class='ocrx_word' id='word_1_931' title='bbox 2396 6887 2452 6926; x_wconf 89' lang='lat' dir='ltr'>sen·</span> 
     </span>
    </p>
   </div>
   <div class='ocr_carea' id='block_1_15' title="bbox 2478 1771 2612 1828">
    <p class='ocr_par' dir='ltr' id='par_1_37' title="bbox 2478 1771 2612 1828">
     <span class='ocr_line' id='line_1_120' title="bbox 2478 1771 2612 1828; baseline 0 -12"><span class='ocrx_word' id='word_1_932' title='bbox 2478 1771 2612 1828; x_wconf 76' lang='lat' dir='ltr'>mysterium.</span> 
     </span>
    </p>
   </div>
   <div class='ocr_carea' id='block_1_16' title="bbox 2741 1767 2784 1820">
    <p class='ocr_par' dir='ltr' id='par_1_38' title="bbox 2741 1767 2784 1820">
     <span class='ocr_line' id='line_1_121' title="bbox 2741 1767 2784 1820; baseline 0 0"><span class='ocrx_word' id='word_1_933' title='bbox 2741 1807 2742 1810; x_wconf 66' lang='lat'>,</span> <span class='ocrx_word' id='word_1_934' title='bbox 2779 1767 2784 1820; x_wconf 91' lang='grc'>1</span> 
     </span>
    </p>
   </div>
   <div class='ocr_carea' id='block_1_17' title="bbox 0 0 2954 8266">
    <p class='ocr_par' dir='ltr' id='par_1_39' title="bbox 0 0 2954 8266">
     <span class='ocr_line' id='line_1_122' title="bbox 0 0 2954 8266; baseline 0 0"><span class='ocrx_word' id='word_1_935' title='bbox 0 0 2954 8266; x_wconf 95' lang='lat' dir='ltr'> </span> 
     </span>
    </p>
   </div>
  </div>
 </body>
</html>
