5900 8266
1051 529 1245 598 COllllllENT.
1266 527 1306 596 IN
1329 525 1566 596 EVANGELlUbl
1589 521 1706 592 tecle
1731 521 1761 588 C.
1787 523 1873 590 XXll.

485 739 501 774 a
516 715 581 780 Nou
604 701 687 776 'trani
716 709 821 778 facere
852 709 1051 778 voluntatem
1068 723 1185 786 meam,
1208 703 1263 772 sed
1295 705 1437 772 volunta-

480 827 544 884 tem
569 815 636 882 eius
659 817 712 900 qui
740 817 825 884 misit
847 833 897 882 me
912 841 944 880 ε.
966 817 1101 898 Apparet
1124 813 1237 898 igitur,
1259 813 1344 896 quod
1367 830 1439 880 ora·

480 923 594 988 tionem
629 921 708 988 ratio
743 927 891 1006 tanquam
924 919 1077 988 discretus
1101 925 1132 986 et
1155 917 1276 1004 peritus
1307 917 1458 986 advoca-¹

480 1033 531 1092 tus
556 1025 720 1110 proposuit
745 1045 804 1112 pro
826 1025 1045 1102 sensualitate,
1070 1017 1194 1092 seruata
1216 1029 1321 1090 tamen
1338 1023 1439 1090 forma

389 1129 574 1198 uaturdirini
607 1129 696 1198 iuris.
729 1131 790 1196 Hoc
814 1135 919 1196 autem
942 1129 1093 1198 Dominus
1118 1129 1236 1210 oravit,
1266 1135 1305 1196 ut
1333 1135 1438 1198 osten-

478 1237 568 1304 deret
598 1235 631 1300 in
662 1255 696 1302 se
727 1235 891 1302 ueritatem
924 1237 1146 1314 humanitatis,
1181 1241 1216 1302 ut
1250 1233 1437 1304 condescen-

477 1345 567 1412 deret
589 1349 623 1408 et
643 1343 776 1408 formam
801 1341 889 1408 daret
911 1341 1062 1410 membris
1084 1343 1230 1410 infirmis.
1253 1341 1340 1408 Unde
1365 1343 1437 1408 Der-

479 1447 646 1514 nardus1:
677 1473 693 1504 a
708 1447 846 1532 Agnosco
879 1465 987 1514 uocem
1009 1453 1209 1534 aegrotorum
1236 1447 1266 1514 in
1299 1447 1437 1528 medico,

479 1551 642 1618 considero
666 1549 844 1630 caritatem,
877 1557 990 1638 stupeo
1020 1553 1268 1632 miserationem,
1302 1571 1438 1638 expave-

479 1673 531 1722 sco
555 1655 765 1740 dignationem
782 1685 813 1722 u.
836 1659 899 1726 Hoc
920 1659 1003 1726 enim
1025 1659 1189 1738 mirabile,
1211 1659 1370 1744 quomodo
1391 1661 1437 1726 sic

477 1761 663 1846 dignaretur
687 1770 811 1832 nostras
841 1765 874 1830 in
905 1783 939 1832 se
969 1765 1131 1850 suscipere
1161 1765 1369 1832 infirmitates.
1392 1801 1437 1812 --

479 1869 582 1936 Potest
614 1869 705 1944 ctiam
739 1871 853 1956 exponi
869 1871 899 1950 ²,
930 1871 1013 1956 qaod
1043 1871 1187 1938 Christus
1208 1871 1349 1938 oraverit
1377 1889 1437 1954 pro

480 1975 648 2056 membris,
674 1981 710 2042 ut
734 1981 835 2062 petat,
861 1975 945 2064 quod
970 1975 1053 2042 calix
1076 1975 1305 2056 transferatur,
1334 1975 1437 2042 idest

480 2077 663 2146 scandalum
688 2079 858 2164 passionis,
876 2081 927 2146 uel
941 2079 1035 2146 timor
1053 2081 1173 2146 mortis.
1189 2117 1232 2130 ·-
1248 2081 1313 2146 Alio
1327 2079 1435 2160 mode,

480 2185 564 2254 sicut
585 2185 692 2254 Beda3
715 2187 864 2272 exponit,
880 2185 1092 2272 prolabaris,
1119 2187 1167 2254 rel
1182 2193 1218 2254 ut
1235 2203 1291 2272 per
1307 2185 1436 2254 ludaeos

479 2293 605 2360 Christo
629 2293 705 2360 baec
730 2311 816 2360 mors
837 2311 901 2358 non
926 2293 1106 2378 infligatur,
1136 2311 1178 2360 ne
1203 2293 1248 2358 ita
1269 2309 1437 2360 excaecen-

479 2405 552 2478 tur,
585 2401 634 2466 vel
671 2405 708 2466 ut
731 2399 887 2466 excaecati
921 2405 1131 2480 revocentur;
1164 2405 1195 2466 et
1226 2399 1286 2466 boc
1319 2407 1368 2466 est
1396 2401 1437 2466 ab

479 2505 524 2572 eis
548 2505 675 2592 calicem
707 2505 882 2574 transferri.
915 2507 1002 2572 Tunc
1025 2511 1072 2572 est
1097 2503 1230 2572 sensus:
1253 2523 1276 2570 a
1304 2525 1374 2584 occ,
1405 2505 1437 2572 id

479 2618 528 2680 est
552 2613 639 2680 meis.
872 2601 873 2604 ’

571 2721 623 2786 55.
647 2719 750 2804 (Vers.
773 2719 853 2804 uti.
878 2717 994 2802 Quinto
1016 2723 1173 2804 quantum
1202 2717 1242 2784 ad
1271 2717 1436 2784 orationis

481 2825 628 2912 ciperem
659 2825 786 2892 subdit:
818 2823 991 2912 Apparuit
1013 2831 1124 2890 aatcm
1147 2823 1197 2890 illi
1219 2821 1368 2910 Acpclas
1397 2823 1437 2890 de

479 2931 569 2998 caclo
591 2929 784 3016 corifortarts
808 2951 891 2998 eam.
928 2929 1072 3018 Angeias
1104 2929 1266 3016 opportuit
1297 2929 1335 3014 ad
1367 2947 1437 2996 con-

480 3037 681 3118 fortandum,
702 3057 764 3106 non
789 3043 920 3124 propter
944 3055 1031 3104 suam
1058 3035 1273 3122 indigentiam,
1297 3037 1351 3104 sed
1367 3055 1437 3122 pro-

479 3147 552 3226 pter
573 3139 831 3208 confortationem
857 3149 1006 3208 nostram.
1027 3141 1115 3208 Unde
1129 3141 1280 3209 Glossa4:
1304 3143 1365 3208 «Si
1380 3161 1437 3210 uo-

480 3247 527 3314 bis
552 3247 649 3314 tristis
674 3253 738 3326 est,
761 3247 793 3312 id
808 3253 870 3328 est,
887 3255 1016 3334 propter
1040 3265 1098 3316 nos
1115 3247 1212 3314 tristis
1230 3253 1296 3330 est;
1310 3265 1437 3316 necesse

479 3355 546 3430 est,
570 3359 607 3418 ut
630 3351 723 3418 etiam
748 3357 878 3436 propter
902 3369 958 3418 uos
983 3353 1179 3418 confortetur
1200 3355 1337 3420 etuobis
1354 3379 1383 3432 ε,
1402 3359 1438 3418 ut

480 3475 522 3526 ex
556 3459 615 3526 boc
644 3463 813 3542 appareat,
844 3457 930 3544 quod
959 3457 1065 3542 Angeli
1094 3457 1270 3524 confortant
1295 3465 1457 3538 orantes,

481 3563 564 3628 sicut
584 3563 863 3630 diciturDanielis
884 3561 1026 3629 decimo:
1057 3561 1200 3646 «Tetigit
1221 3579 1271 3628 me
1287 3563 1376 3650 quasi
1391 3563 1437 3630 vi-

484 3669 528 3736 sio
554 3669 690 3738 bominis
711 3679 744 3736 et
767 3669 954 3736 confortavit
977 3677 1007 3736 et
1029 3667 1128 3736 dixit:
1152 3667 1220 3734 Noli
1244 3667 1373 3750 timere,
1388 3671 1437 3736 vir

464 3775 732 3858 ,desideriorum
763 3775 941 3844 confortare
963 3781 996 3844 et
1017 3781 1084 3842 esto
1109 3775 1269 3842 robustas.
1296 3777 1437 3862 Cumque

482 3881 668 3966 loqueretur
691 3897 833 3958 mecum,
860 3881 1003 3948 convalui
1028 3887 1059 3948 et
1080 3879 1166 3946 dixi:
1193 3879 1354 3964 Loquere,
1377 3881 1437 3946 Dc-

481 3985 565 4054 minc
590 3985 652 4066 mi,
686 3987 759 4072 quia
791 3985 970 4054 confortasti
996 4005 1047 4054 me
1062 4013 1092 4052 ».
1118 3985 1196 4054 llaec
1220 3985 1317 4078 igitur
1340 3989 1438 4072 Ange-

481 4093 584 4158 lorum
609 4093 795 4160 confortatio
823 4093 915 4160 nobis
944 4093 1092 4178 impetrat
1123 4093 1272 4178 vigorem.
1298 4133 1342 4144 --
1366 4095 1438 4162 Pro-

482 4203 552 4282 pter
575 4199 660 4282 quod
683 4199 714 4264 in
740 4199 836 4264 huius
860 4197 1105 4284 designationem
1127 4197 1234 4264 addit:
1262 4201 1304 4266 at
1325 4199 1439 4288 factas

481 4303 516 4368 in
541 4303 684 4390 appula,
712 4303 883 4388 pretiatur
915 4303 1058 4384 orabat;
1088 4303 1303 4390 Gregoriust:
1340 4333 1357 4366 a
1373 4307 1438 4372 Fa·
1467 4357 1468 4360 ,

480 4715 604 4770 sualitatis
623 4717 760 4782 proponit,
780 4721 885 4768 seruata
905 4721 993 4768 tamen
1010 4717 1093 4768 forma
1113 4715 1191 4770 iuris.
1215 4717 1299 4770 Dictat
1311 4719 1380 4770 enim
1394 4717 1437 4772 iac

383 4841 387 4852 .
480 4801 617 4870 cliricum,
635 4803 707 4870 qued
727 4803 812 4856 omnis
830 4803 961 4880 appetitus
990 4801 1067 4857 debet
1096 4817 1154 4856 esse
1184 4805 1237 4856 Dee
1265 4803 1437 4858 subiectus».

480 4893 525 4944 llis
545 4891 633 4946 uerbis
651 4891 726 4946 lectio
746 4891 822 4946 codd.
842 4891 949 4946 inferius
962 4891 1047 4958 posita
1061 4895 1242 4958 confirmatur,
1260 4895 1336 4948 lectio
1351 4901 1437 4948 autern

481 4983 541 5034 Vat.
560 4979 733 5048 reprobator:
752 4983 871 5050 Apparet
890 4995 969 5050 erpo,
992 4981 1064 5050 qaod
1085 4981 1224 5038 rationem
1247 4987 1378 5052 turipuara
1403 4981 1438 5036 di·

479 5073 582 5124 scrctca·
593 5071 731 5140 etpcrituc
740 5069 886 5124 advocatas
896 5069 1059 5140 praeposuit
1068 5069 1251 5136 serraradica,
1265 5075 1374 5124 servata
1385 5077 1435 5124 etc.

553 5157 562 5188 ¹
582 5159 667 5212 Serm.
687 5161 710 5212 l.
730 5161 756 5212 in
775 5161 840 5212 festo
862 5161 886 5210 S.
905 5159 1022 5212 Andreae
1046 5159 1135 5224 Apost.
1164 5173 1191 5210 11.
1214 5157 1238 5212 5.
1257 5185 1294 5200 -·
1312 5161 1438 5224 Superius

482 5261 529 5312 pro
550 5245 689 5302 ceritatem
707 5245 888 5302 lramuailatie
908 5249 965 5300 Vat.
986 5247 1125 5302 ueritatem
1142 5245 1323 5314 bumilitatim
1344 5251 1389 5302 clr.
1401 5255 1438 5302 ta·

482 5349 544 5388 men
563 5335 599 5388 lll.
620 5339 688 5390 Seni.
708 5337 735 5390 d.
756 5335 798 5390 rt.
817 5351 839 5388 a.
861 5339 885 5388 2.
904 5351 930 5404 q.
950 5337 981 5404 3,
999 5335 1047 5390 ubi
1064 5337 1156 5402 triplex
1182 5335 1248 5388 ratio
1276 5351 1323 5402 pro
1350 5339 1398 5388 bac
1424 5353 1437 5390 a

482 5425 582 5478 Cbristo
602 5427 669 5478 lacta
687 5425 804 5478 oratione
822 5425 980 5478 adducitur:
1004 5425 1105 5492 Prima,
1133 5425 1168 5476 ad
1194 5423 1438 5494 ncauiscstatioucm

481 5513 601 5568 cecitatis
612 5521 720 5566 naturae
733 5519 878 5580 assumtae,
890 5527 959 5580 quae
972 5515 1122 5566 naturaliter
1133 5513 1262 5566 refutabat
1274 5515 1438 5578 passionem3

482 5605 507 5654 et
524 5601 553 5652 in
571 5605 622 5654 boc
639 5603 755 5656 erudivit
781 5609 896 5656 nostram
921 5601 1011 5674 fidene.
1043 5601 1163 5654 Secunda
1189 5615 1268 5664 uero,
1289 5603 1320 5654 ad
1341 5601 1438 5672 confir·

482 5689 612 5746 rrraadura
630 5699 745 5746 nostram
764 5689 984 5758 imbecillitatem,
1004 5697 1033 5744 ut
1051 5705 1104 5744 nan
1118 5691 1283 5758 diffidamus,
1302 5689 1323 5742 si
1343 5691 1439 5756 passio

367 5775 373 5782 “
482 5795 546 5832 num
564 5781 680 5846 pericula
698 5783 885 5846 exhorremus5
905 5781 977 5834 etin
996 5783 1047 5832 boc
1059 5779 1137 5832 erexit
1150 5785 1265 5834 nostram
1278 5793 1362 5848 spara.
1375 5779 1439 5832 Ter-

432 5881 433 5886 *
482 5869 530 5934 tia,
551 5875 577 5924 ut
596 5871 759 5932 ostenderet,
778 5869 944 5924 obliteratam
962 5877 1078 5922 nostram
1100 5869 1203 5922 divinae
1232 5869 1357 5922 voluntati
1381 5881 1439 5920 esse

482 5973 530 6026 per
549 5959 634 6014 omnia
653 5959 873 6016 subiiciendam...
892 5965 919 6010 et
936 5959 961 6010 in
981 5962 1031 6011 boc
1050 5959 1182 6012 ordinarit
1199 5959 1225 6010 in
1245 5957 1320 6010 nobis
1340 5955 1438 6012 carita·
1501 5987 1504 5992 -

482 6051 560 6102 tam...
578 6049 653 6102 Unde
673 6049 757 6116 magis
776 6049 861 6124 oravit
878 6061 929 6112 pro
946 6047 1024 6122 nobis
1043 6049 1068 6100 in
1088 6047 1129 6100 illa
1148 6047 1277 6112 oratione,
1291 6061 1371 6114 quam
1383 6061 1439 6100 ora·

482 6141 520 6190 ret
539 6153 586 6204 pro
606 6153 643 6192 se.
661 6139 711 6192 Cir.
731 6139 795 6190 ibid.
815 6135 923 6190 dubi.

554 6225 564 6256 ²
582 6227 616 6280 Ut
632 6227 747 6280 insinuat
763 6227 849 6292 Beda,
869 6225 911 6278 tr.
931 6225 956 6276 in
975 6227 1038 6278 Luc
1066 6229 1114 6290 22,
1142 6225 1193 6280 Aa:
1222 6223 1317 6278 Aliter:
1339 6223 1438 6290 Appro-

482 6313 612 6378 piuqaans
630 6313 759 6376 passioni,
780 6315 898 6368 Salvator
918 6313 1107 6368 infirmantium
1126 6315 1152 6366 in
1171 6329 1199 6368 se
1218 6327 1311 6368 vocem
1330 6313 1437 6376 sumsit,

482 6399 588 6452 dicens:
608 6401 702 6464 Pater,
722 6399 748 6454 si
763 6397 819 6464 eir,
838 6399 958 6468 transfer
979 6399 1088 6454 calicem
1101 6415 1119 6454 a
1130 6415 1187 6468 ma,
1200 6415 1347 6466 eorumque
1361 6401 1437 6454 timo·

483 6499 555 6550 rem,
572 6491 601 6538 ut
620 6485 795 6550 abstraheret,
815 6487 939 6552 suscepit.
1398 6545 1401 6550 ,

554 6573 642 6628 fLoc.
663 6575 722 6640 cit.;
742 6577 896 6628 sententiam
925 6577 1010 6628 [ledae
1037 6577 1127 6628 Glossa
1154 6575 1298 6630 ordinaria
1314 6577 1353 6628 sic
1371 6577 1439 6628 exhi·

483 6665 544 6718 bet:
563 6663 625 6718 Orat
641 6677 694 6714 non
712 6659 765 6714 tam
785 6661 878 6714 timore
896 6661 1026 6728 patiendi,
1046 6673 1126 6730 quarn
1145 6661 1325 6716 misericordia
1344 6661 1438 6728 prioris

483 6753 585 6820 pepuli,
604 6767 636 6804 ne
655 6751 689 6802 ab
707 6751 750 6804 illo
768 6749 841 6804 bibat
869 6751 976 6802 calicem
995 6751 1164 6816 propinatum
1174 6771 1181 6814 3
1199 6751 1272 6804 unde
1292 6757 1315 6804 et
1334 6753 1439 6818 signan-

484 6849 521 6894 tcr
542 6841 602 6894 dicit
621 6839 715 6904 biara,
737 6839 762 6892 id
780 6845 819 6892 est
837 6841 929 6906 populi
941 6841 1114 6904 ludaeorum,
1127 6841 1174 6908 qui
1186 6855 1240 6892 non
1253 6841 1351 6894 babent
1364 6855 1439 6896 exca-

2390 529 2455 594 557

1497 711 1572 772 ctae
1596 709 1641 772 est
1667 701 1700 768 in
1725 699 1868 788 agonia,
1899 703 2097 788 significare,
2126 705 2213 790 quod
2243 713 2319 772 tuuc
2351 705 2456 772 anima

1499 811 1614 880 merito
1640 815 1800 888 terretur,
1830 807 1956 894 quando
1979 809 2010 874 iu
2045 809 2191 892 proximo
2224 811 2343 878 invenit
2371 811 2457 896 quod

1500 919 1533 986 iu
1556 927 1720 986 aeteruum
1742 921 1866 982 mutare
1888 935 1951 982 nou
1976 915 2072 1000 possit
2088 943 2118 980 a.
2144 917 2177 982 lu
2201 917 2259 982 boc
2277 915 2360 982 enirn
2375 917 2457 984 mira
2475 931 2606 982 uocatam.

1499 1033 1549 1094 est
1570 1045 1677 1112 pugna
1697 1025 1782 1090 inter
1805 1029 1950 1090 naturam
1976 1027 2004 1090 et
2030 1021 2179 1108 gratiam,
2204 1021 2286 1088 inter
2301 1021 2455 1090 rationem

1500 1137 1532 1198 et
1555 1133 1808 1212 sensualitatem3
1838 1149 1932 1218 qaam
1956 1129 2084 1216 quidem
2108 1129 2249 1214 agoniam
2275 1129 2456 1196 babuerunt

1499 1239 1599 1307 sancti
1622 1241 1791 1326 ttartyrcs,
1814 1245 1847 1306 et
1868 1237 1987 1306 babent
2008 1235 2068 1304 viri
2093 1235 2184 1316 iusti,
2213 1235 2385 1302 secundum
2418 1235 2455 1302 il-

1496 1345 1556 1408 ·lud
1577 1343 1698 1428 primae
1730 1345 1767 1412 ad
1799 1343 1977 1412 Corinthios
2003 1341 2132 1408 nonai:
2164 1339 2320 1420 «Omnis,
2345 1341 2406 1426 qui
2422 1339 2455 1408 iu

1499 1467 1600 1534 agone
1629 1451 1806 1528 contendit,
1837 1451 1876 1516 ab
1908 1449 2054 1516 omuibus
2085 1465 2118 1514 se
2149 1447 2329 1514 abstinet».
2360 1447 2455 1534 «Ego

1500 1555 1599 1638 igitur
1621 1553 1667 1622 sic
1688 1573 1802 1636 curro,
1825 1575 1887 1622 nou
1914 1555 2001 1642 quasi
2027 1555 2057 1622 in
2081 1547 2256 1632 in'certum3
2274 1551 2316 1618 sic
2333 1569 2454 1638 pugno,

1500 1679 1562 1726 uon
1595 1661 1683 1744 quasi
1714 1663 1819 1728 aerem
1853 1663 2069 1728 verberans».
2096 1661 2219 1744 Quanto
2240 1664 2348 1726 autem
2378 1657 2456 1726 baec

1500 1765 1612 1852 agonia
1631 1765 1743 1832 fortior
1766 1771 1830 1846 est,
1856 1773 1941 1832 tante
1965 1765 2078 1834 fortius
2099 1765 2232 1834 crationi
2247 1765 2455 1834 insistendum

1499 1879 1557 1938 est.
1580 1871 1668 1938 Unde
1683 1889 1781 1958 supra
1796 1871 1916 1936 decimo
1931 1877 2041 1938 octauo
2054 1873 2083 1936 l:
2107 1897 2122 1930 «
2138 1873 2266 1940 Dicebat
2283 1871 2361 1950 iltis,
2376 1889 2456 1956 qao-

1499 1977 1583 2042 niam
1608 1983 1734 2062 oportet
1754 1995 1848 2044 orare
1870 1993 1994 2062 semper
2018 1983 2050 2044 et
2071 1997 2132 2044 non
2158 1979 2292 2046 deficere
2306 2003 2339 2056 »3
2355 1986 2385 2045 et
2403 1997 2455 2046 su-

1499 2101 1558 2166 pra
1588 2089 1680 2150 sexto
1709 2083 1845 2162 dicitnr,
1874 2081 1960 2166 quod
1988 2107 2004 2140 r
2021 2087 2089 2148 erat
2111 2091 2298 2166 pernoctans
2322 2083 2354 2150 in
2384 2103 2456 2152 cra-

1500 2191 1584 2254 tione
1608 2189 1663 2254 Dei
1680 2213 1710 2254 u.

1590 2297 1641 2360 56.
1668 2295 1767 2376 (Vers.
1800 2293 1876 2378 ta).
1912 2293 2005 2360 Sexto
2038 2299 2190 2378 quantum
2223 2293 2261 2360 ad
2292 2293 2456 2360 orationis
2474 2311 2619 2362 maana.

1499 2401 1699 2466 uarietatem
1724 2399 1890 2468 subditur:
1919 2401 1957 2464 dr
1973 2395 2086 2486 factas
2102 2407 2148 2464 cst
2163 2401 2267 2464 cador
2283 2399 2355 2464 cias
2368 2401 2458 2464 sictut

1498 2515 1613 2592 pattac
1641 2505 1821 2592 sauguinis
1850 2505 2055 2572 decurrentis
2078 2505 2114 2572 iu
2147 2513 2283 2572 terrum.
2314 2505 2361 2572 Ex
2393 2525 2456 2592 quo

1500 2617 1648 2698 apparet,
1680 2611 1764 2698 quod
1796 2611 1993 2678 mirabilibus
2026 2611 2170 2698 suspiriis
2201 2617 2233 2678 et
2266 2611 2457 2680 clamoribus

1501 2719 1606 2786 cordis
1628 2725 1660 2786 et
1682 2717 1788 2786 anxiis
1809 2717 1973 2784 desideriis
1988 2719 2141 2784 clamabat
2157 2717 2194 2784 ad
2211 2719 2328 2800 Deum,
2346 2737 2457 2786 secun-

1499 2825 1576 2892 dum
1601 2825 1679 2892 illud
1701 2823 1862 2892 Psalmi8:
1891 2823 2070 2904 «Domine,
2104 2825 2187 2892 Deus
2217 2825 2325 2892 salutis
2350 2843 2455 2904 meae,

1499 2931 1532 2998 in
1555 2931 1605 3000 die
1627 2931 1758 3000 clamari
1782 2936 1812 2998 et
1836 2937 1926 2998 nocte
1949 2949 2055 2998 coram
2079 2937 2110 2998 te
2126 2957 2158 2998 u.
2181 2931 2251 2998 ideo
2268 2939 2372 2998 autem
2390 2949 2457 2998 san·
2536 2965 2538 2972 κ

1499 3039 1570 3124 guis
1595 3039 1785 3106 decurrebat
1806 3037 1840 3104 in
1863 3043 1999 3118 terram,
2025 3037 2062 3106 ad
2095 3037 2340 3118 ostendendam,
2371 3035 2457 3124 quod

1500 3165 1560 3232 pro
1584 3145 1720 3214 Ecclesia
1742 3145 1854 3214 orabat
1874 3151 1908 3212 et
1928 3163 1988 3232 pro
2010 3145 2063 3212 illa
2087 3145 2247 3214 effundere
2273 3145 2457 3232 sanguinem

1499 3269 1595 3320 suum
1618 3253 1780 3340 cupiebat;
1798 3253 1851 3320 lob
1865 3251 1986 3320 decimo
2009 3259 2101 3320 sexto
2114 3253 2145 3318 ⁹:
2168 3253 2310 3334 «Terra,
2329 3271 2367 3320 ne
2385 3271 2456 3340 ope·

1500 3359 1564 3424 rias
1588 3357 1770 3442 sauguinem
1802 3375 1929 3438 meum,
1956 3375 2058 3442 neque
2082 3357 2220 3424 iuveniat
2241 3355 2274 3424 in
2298 3363 2329 3424 te
2352 3359 2456 3424 locum

1502 3465 1616 3532 latendi
1640 3466 1757 3532 clamor
1781 3481 1871 3530 meus
1885 3489 1919 3528 a.
1941 3501 1986 3514 --
2007 3463 2236 3530 Attendendum
2260 3469 2307 3532 est
2330 3471 2435 3532 actem
2499 3473 2586 3528 Senties

2424 3569 2430 3580 ,
2446 3515 2455 3544 ’
2471 3527 2567 3570 carastus
2582 3529 2612 3572 er·

1501 3569 1587 3654 quod
1610 3569 1761 3636 Dominus
1793 3569 1872 3636 fudit
1897 3569 2078 3656 sanguinem
2104 3587 2198 3636 suum
2223 3587 2281 3654 pro
2302 3571 2394 3636 nobis
2423 3579 2621 3678 infudigesgrmt·

1501 3673 1756 3754 circumcisione,
1790 3673 1947 3754 oratione,
1979 3673 2205 3760 flagellatione,
2237 3675 2454 3754 coronatione,

1501 3797 1654 3846 manuam
1668 3785 1696 3846 et
1709 3779 1824 3866 pedum
1842 3779 2049 3846 crucifixione
2059 3785 2091 3846 et
2103 3779 2211 3846 lateris
2226 3779 2404 3864 apertione,
2420 3787 2457 3844 ut

1502 3885 1548 3952 sic
1558 3893 1725 3970 appareret
1739 3903 1853 3952 uerum
1868 3885 1944 3952 illud
1963 3885 2073 3954 Psalmi
2089 3887 2130 3952 1⁰:
2156 3884 2274 3972 «Apud
2288 3885 2457 3952 Dominum

1501 3989 1728 4070 misericordia,
1751 3997 1784 4056 et
1805 3991 1929 4076 copiosa
1944 3991 2031 4076 apud
2045 4009 2116 4058 eum
2133 3991 2306 4076 redemptio
2323 4017 2353 4056 u.
2369 3989 2457 4058 Unde

1502 4095 1698 4164 verificatum
1717 4101 1763 4162 est
1778 4097 1857 4164 illud
1871 4097 1968 4164 Isaiae
1983 4097 2177 4182 sexagesimo
2193 4097 2302 4164 tertio:
2325 4097 2457 4180 «Quare

1502 4219 1577 4288 ergo
1602 4202 1737 4269 rubrum
1758 4209 1807 4270 est
1833 4201 2052 4270 indumentum
2084 4209 2194 4282 tuum,
2220 4207 2250 4270 et
2273 4201 2459 4270 uestimenta

1502 4313 1558 4372 tua
1580 4307 1664 4374 sicut
1684 4307 1871 4374 calcantium
1902 4307 1932 4372 in
1965 4307 2115 4374 torculari
2129 4315 2170 4374 »i
2201 4309 2282 4376 Vere
2312 4307 2457 4374 rubram

1501 4719 1627 4772 sationem
1647 4717 1809 4784 ignorantiae
1828 4719 1854 4770 in
1871 4731 1959 4772 meam
1979 4729 2105 4786 mortem,
2122 4719 2190 4786 ‘quia
2220 4717 2337 4786 quotidie
2360 4733 2459 4770 annun·

1502 4807 1553 4862 tior
1570 4807 1620 4860 illis
1640 4807 1665 4860 in
1683 4809 1753 4874 Lege
1774 4807 2004 4874 stercorabat
2025 4821 2089 4872 ergo
2108 4807 2164 4860 lieri
2181 4812 2281 4872 potest,
2300 4813 2329 4860 ut
2349 4807 2406 4860 sine
2423 4807 2459 4858 in·

1502 4899 1579 4950 teritu
1600 4897 1754 4952 ludaeorum
1775 4897 1864 4952 credat
1881 4897 2022 4950 multitudo
2042 4897 2175 4964 gentium,
2187 4911 2282 4950 recuso
2294 4897 2457 4964 passionem;

1501 4987 1524 5038 si
1543 4987 1659 5040 verpilli
1677 4987 1833 5040 excaecandi
1852 4993 1925 5050 sunt,
1937 4993 1968 5040 ut
1979 4987 2022 5038 alii
2035 4987 2155 5050 rideant,
2174 4999 2232 5042 aare
2249 4999 2325 5052 ceca,
2346 4985 2393 5040 scd
2410 4987 2458 5038 lua

1500 5073 1551 5144 piat
1568 5075 1701 5130 colantur.
1722 5103 1756 5116 -·
1775 5077 1881 5128 iuferius
1901 5079 1962 5140 post
1982 5075 2124 5144 infligatur
2154 5077 2214 5128 Vat.
2240 5075 2319 5140 legit:
2348 5087 2395 5128 ccc
2418 5071 2458 5128 ita

1501 5167 1693 5230 carcerantur,
1713 5163 1753 5218 ecl
1773 5167 1803 5218 at
1819 5179 1856 5218 ea
1873 5161 1998 5218 caecitate
2017 5167 2193 5230 rcecceatar;
2213 5167 2238 5218 ct
2255 5163 2304 5218 ltoc
2323 5167 2362 5218 cst
2373 5161 2408 5216 ab
2420 5161 2457 5216 eis

1501 5251 1613 5306 calicem
1631 5251 1783 5320 traasferra
1800 5257 1851 5306 etc.

1571 5335 1706 5392 ‘Scilicet
1728 5339 1909 5396 interlinearis
1937 5339 1979 5410 (eu
2006 5341 2097 5408 Beda).
2114 5369 2151 5382 -
2170 5341 2292 5410 Sequitur
2321 5341 2386 5392 Dan.
2413 5339 2457 5404 lb,

1504 5429 1546 5480 i8.
1564 5441 1620 5494 seq.
1638 5427 1691 5482 Cir.
1710 5429 1852 5494 bernard,
1880 5431 1964 5482 Serm.
1988 5431 2011 5482 l.
2031 5429 2055 5482 in
2075 5431 2139 5482 festo
2169 5431 2194 5482 S.
2223 5429 2343 5482 Andreae
2367 5427 2457 5494 Apost.

1502 5529 1529 5568 n.
1550 5517 1572 5566 c.
1593 5531 1648 5584 seq.

1572 5603 1584 5634 ⁵
1603 5605 1674 5658 Libr.
1686 5605 1783 5658 XXlV.
1795 5607 1881 5658 lloral.
1897 5621 1920 5660 c.
1933 5605 1976 5658 ll.
1988 5621 2016 5658 n.
2029 5605 2070 5658 32.
2084 5605 2110 5660 in
2123 5605 2183 5658 line.
2197 5607 2246 5658 Pro
2259 5605 2354 5660 rucrila
2373 5605 2458 5658 GDG

1502 5697 1597 5758 mente,
1619 5698 1645 5746 et
1665 5707 1713 5758 pro
1733 5693 1758 5748 iu
1778 5693 1906 5764 proaintc
1933 5693 1992 5746 Vat.
2021 5707 2082 5748 cum
2102 5701 2170 5748 textu
2189 5695 2309 5758 originali
2324 5697 2388 5764 post
2408 5707 2462 5762 prr-v

1501 5781 1605 5836 sillace.
2047 5839 2050 5842 ,
2184 5779 2289 5836 ⁰ilcrs.
2309 5785 2352 5836 25.
2371 5787 2398 5836 et
2415 5783 2460 5836 Ab.

1572 5865 1583 5898 ⁷
1603 5871 1679 5922 Vera.
1701 5873 1723 5934 Ι,
1742 5876 1800 5938 post
1818 5885 1899 5938 quem
1919 5871 1949 5932 li,
1971 5873 2012 5924 li.

1570 5955 1584 5988 ‘⁸
1604 5959 1697 6010 isaim.
1718 5959 1765 6022 87,
1787 5961 1811 6010 A.

1572 6043 1584 6076 ⁹
1605 6047 1677 6102 Vera.
1697 6049 1745 6114 l9,
1763 6059 1846 6114 quem
1872 6049 1996 6112 Gregor.,
2017 6047 2081 6100 Xlll.
2098 6047 2186 6100 llloral.
2206 6061 2228 6100 c.
2247 6049 2291 6098 23.
2309 6059 2337 6098 11.
2356 6049 2406 6110 aa,
2422 6047 2460 6100 ita

1501 6135 1629 6202 explicat:
1650 6137 1723 6202 Quae
1740 6137 1838 6188 scilicet
1851 6139 1918 6186 terra
1930 6135 2113 6200 Redemptoris
2133 6135 2215 6186 nostri
2232 6133 2388 6198 sanguinent
2407 6149 2459 6188 non

1501 6223 1654 6286 abscondit,
1673 6225 1734 6290 quia
1753 6221 1935 6288 unusquisque
1954 6227 2079 6292 peccator
2102 6223 2290 6286 redemptionis
2315 6235 2378 6274 suae
2404 6237 2460 6288 pre·

1501 6313 1567 6364 tium
1588 6325 1707 6376 stibrene,
1728 6311 1864 6362 confltetur
1883 6323 1915 6362 ac
1931 6309 2022 6362 laudat
2039 6313 2064 6362 et
2083 6307 2179 6376 quibus
2198 6309 2268 6362 ualet
2285 6311 2411 6376 proximis
2423 6311 2460 6364 in·

1500 6401 1618 6452 notescit.
1640 6399 1721 6450 Terra
1740 6397 1818 6450 etiam
1838 6397 1991 6460 sanguinem
2011 6399 2067 6450 eius
2084 6411 2135 6450 uon
2154 6397 2270 6464 operuit,
2289 6399 2351 6466 quia
2369 6403 2458 6452 saneta

1501 6487 1614 6540 Ecclesia
1632 6485 1821 6550 redemptionis
1841 6499 1905 6538 suae
1922 6487 2076 6552 rapstcrium
2105 6487 2128 6538 in
2159 6487 2256 6540 cunctis
2286 6487 2340 6538 iam
2367 6487 2459 6540 mundi

1501 6571 1621 6636 partibus
1640 6571 1812 6636 praedicauit.

1573 6661 1598 6694 ²⁰
1615 6663 1709 6716 Psalm.
1730 6663 1795 6730 tae,
1812 6663 1846 6734 7,
1864 6667 1908 6718 cui
1925 6663 2088 6720 subnectitur
2105 6667 2163 6718 lsai.
2181 6665 2232 6728 63,
2250 6667 2276 6718 2.
2294 6665 2334 6716 De
2356 6669 2458 6730 septem

1501 6751 1673 6808 effusionibus
1690 6755 1826 6820 sanguinis
1845 6757 1891 6808 cfr.
1910 6755 1967 6808 Lib.
1983 6755 2051 6810 Vitis
2069 6757 2179 6820 mystica
2199 6753 2277 6822 (inter
2300 6767 2382 6820 opera
2401 6753 2460 6806 lier-

1501 6843 1589 6912 nardi>
1609 6859 1632 6898 c.
1652 6845 1738 6900 dli-il.
