5908 8266
812 595 862 652 cm
1112 511 1143 526 ’“
1186 509 1224 576 hv
1246 507 1842 582 440044440Το444θὸ356444474444444
2165 603 2227 658 (30ss
2300 507 2301 510 '
2351 513 2357 528 '
2448 513 2514 578 719

517 683 593 738 altari
605 687 645 736 est
658 681 732 738 cibus
749 687 922 740 eucharistiae
939 689 973 740 74
986 687 1038 740 557
1052 689 1083 752 0,
1095 687 1122 750 3,
1146 683 1160 738 4
1251 683 1451 740 004000οε0000
1477 715 1515 724 -
1538 687 1657 738 Defectus
1679 687 1838 752 circumspe·
1865 729 1866 732 ,
1928 689 2050 744 Cicerrus
2069 719 2103 728 -
2128 703 2180 744 uon
2204 689 2283 744 debet
2298 705 2403 758 gerere·
2417 689 2515 742 bellum

522 799 555 812 -
574 771 750 838 poenitentiae
769 781 806 828 est
827 775 987 828 medicinalis
1013 779 1161 828 etesiae
1198 773 1290 828 ctionis
1308 775 1377 828 circa
1397 777 1500 830 hostem
1513 761 1756 830 consideranduset
1768 774 1839 840 plan·
1878 777 1918 828 744
1942 775 1980 826 47
2011 775 2043 830 34
2073 803 2106 814 «-
2131 775 2221 830 Clerici
2251 777 2380 830 Christum
2402 779 2429 830 in
2451 775 2517 828 Scri·

515 861 693 926 grotantium,
713 861 788 916 cibus
800 863 1122 918 iustitiaeestnutritivus
1136 869 1161 916 et
1199 863 1302 928 gendos
1323 865 1355 916 74
1376 865 1421 918 074
1449 866 1479 917 43
1877 863 1959 928 040440
1977 861 2295 926 agnoscuntetmanibus
2309 869 2467 918 contrectant
2486 863 2512 914 in

519 949 596 1004 cibus
613 947 799 1020 laborantium,
818 953 896 1008 cibus
913 951 1051 1018 patientiae
1071 955 1109 1004 0οι
1128 953 1160 1004 ci·
1258 951 1384 1006 04040004
1402 953 1505 1006 --Per
1523 953 1659 1004 cisternam
1691 949 1838 1014 intelligitur
1877 949 2066 1018 sacramenia,
2084 955 2109 1002 et
2135 953 2221 1002 tarnen
2248 949 2334 1004 minus
2352 953 2465 1004 credunt
2490 957 2517 1004 et

521 1039 571 1094 bus
590 1039 688 1094 solidus
708 1043 885 1106 perlectorum
905 1039 937 1096 40.
959 1043 973 1092 3
996 1061 1000 1074 -’
1112 1039 1134 1044 ”
1198 1043 1368 1106 congregatio
1379 1039 1685 1108 opulentiaemundanae
1699 1039 1774 1092 7407
1784 1039 1838 1092 vni
1875 1043 2034 1090 0000400404
2054 1049 2136 1104 00040
2153 1037 2275 1088 mulieres
2288 1044 2315 1108 et
2331 1039 2388 1092 laici
2408 1039 2459 1092 000
2479 1037 2514 1090 00

572 1157 607 1170 --
631 1127 804 1183 distribuente
831 1127 942 1182 Domino
966 1127 1097 1194 abundat,
1124 1129 1161 1182 di·
1250 1127 1365 1182 Civis-
1379 1131 1500 1184 Naturale
1512 1135 1550 1182 est
1562 1127 1635 1182 cives
1652 1125 1757 1180 civibus
1775 1127 1838 1178 invi·
1871 1145 1908 1164 ··-—
1928 1123 2023 1178 Clerici
2033 1125 2132 1178 debent
2143 1113 2314 1190 suppeditare
2330 1139 2449 1180 aurorem
2462 1127 2515 1190 pri·

518 1217 663 1270 stribuente
680 1231 744 1268 vero
765 1217 870 1270 homine
891 1217 971 1270 esurit
993 1219 1108 1284 populus
1127 1217 1160 1272 Vl
1198 1217 1262 1272 0000
1274 1217 1318 1270 744
1334 1219 1380 1272 404
1395 1217 1422 1270 54
1442 1217 1573 1282 -Cives,
1586 1217 1632 1284 004
1645 1215 1757 1268 0004004
1768 1213 1837 1268 Chri·
1868 1217 1951 1266 votae
1967 1211 2132 1266 excellentiae
2150 1213 2202 1266 550
2222 1213 2257 1266 37
2330 1227 2331 1230 ¹

523 1307 605 1360 5654
856 1325 860 1330 ¹·
903 1325 904 1328 ¹
1071 1335 1074 1340 ·
1188 1313 1277 1370 stum,
1295 1313 1355 1360 sunt
1383 1307 1484 1374 ludaei,
1514 1307 1560 1374 004
1586 1307 1675 1370 potius
1698 1301 1836 1358 debuerint
1925 1331 1962 1340 -
1979 1299 2097 1354 Christus
2117 1301 2229 1354 maxime
2244 1301 2379 1356 damnabit
2396 1301 2424 1354 in
2442 1301 2515 1354 cleri-

574 1421 607 1432 -·
626 1409 642 1446 a
661 1407 773 1460 corpore
790 1393 934 1460 glorificato
955 1403 1092 1460 susceptus
1112 1401 1161 1448 sta·
1198 1409 1260 1448 eum
1277 1395 1389 1460 diligere
1408 1395 1459 1448 470
1478 1397 1508 1448 04
1529 1421 1567 1436 ··-
1585 1395 1610 1446 iu
1631 1393 1740 1458 regione
1764 1391 1836 1446 dissi·
1874 1391 1911 1444 cis
1937 1389 2074 1442 avaritiam
2096 1393 2122 1442 ct
2145 1389 2289 1454 0044004040
2306 1389 2452 1442 0404004040Π
2467 1391 2512 1442 744

521 1483 578 1534 tim·
593 1481 757 1534 consumitur
781 1483 878 1536 virtute
902 1483 1030 1550 spirituali
1055 1483 1169 1540 74504
1188 1483 1350 1536 militudinis
1367 1483 1506 1548 etpeccati
1519 1483 1618 1536 estille
1631 1481 1677 1550 004
1692 1481 1836 1548 inpeccato
1874 1481 1924 1532 408
1944 1479 1977 1532 70
1998 1507 2031 1520 -
2057 1477 2142 1544 llagni
2168 1477 2269 1544 clerici,
2297 1493 2358 1532 cum
2387 1493 2441 1532 non
2465 1481 2512 1532 ha-

514 1571 553 1624 03
567 1567 993 1634 -Corpusglorificatumbabet
1007 1577 1159 1638 potestatem
1198 1571 1358 1624 mansionem
1388 1575 1541 1636 perpetuam
1572 1571 1708 1624 collocavit
1730 1571 1781 1622 300
1802 1569 1835 1622 07
1872 1569 1936 1622 bant
1961 1569 2035 1636 0000
2068 1568 2172 1634 004004,
2197 1565 2316 1620 facillime
2338 1567 2508 1632 indignantur

518 1649 687 1722 comedendi,
701 1659 747 1712 sed
762 1673 815 1712 non
826 1661 1004 1714 necessitatem
1017 1659 1049 1714 44.
1066 1661 1110 1726 07,
1125 1661 1158 1714 03
1196 1689 1230 1700 -
1251 1659 1319 1712 40400
1336 1659 1386 1712 hos
1398 1657 1469 1712 cives
1481 1673 1550 1712 unus
1569 1665 1593 1712 et
1606 1659 1708 1724 primus
1726 1665 1767 1712 est
1778 1657 1836 1724 ipse
1874 1657 1905 1712 74
1926 1658 1958 1711 40
1977 1673 2005 1712 v.
2024 1659 2058 1710 l8
2069 1684 2105 1698 -
2120 1657 2175 1710 Non
2189 1655 2262 1710 decet
2280 1655 2403 1710 clericum
2423 1655 2511 1708 vestiri

573 1745 891 1802 Cinaram-Cicatrices
903 1755 1053 1802 manserunt
1067 1751 1092 1802 40
1103 1763 1159 1804 cor·
1197 1745 1319 1812 diabolus
1343 1745 1406 1800 ibid.
1423 1775 1460 1786 -
1484 1761 1553 1800 uuus
1577 1755 1617 1800 est
1643 1749 1689 1814 qui
1714 1749 1836 1814 concupi·
1873 1751 1899 1800 ut
1918 1747 2054 1800 mulierem
2074 1747 2117 1800 vel
2136 1751 2163 1798 04
2177 1745 2328 1800 histrionem
2347 1745 2390 1798 Vll
2406 1745 2457 1796 446
2478 1745 2511 1796 38

521 1849 585 1902 0000
597 1833 700 1888 'Christi
721 1835 809 1890 divina
830 1837 1035 1904 dispensatione,
1054 1853 1105 1892 non
1129 1851 1159 1890 ex
1197 1835 1300 1890 scentiis
1314 1835 1421 1887 terrenis
1434 1835 1527 1888 merito
1537 1835 1674 1898 pravitatis
1686 1849 1750 1886 snae
1763 1849 1835 1902 prac-
1925 1835 2031 1888 004000
2052 1863 2085 1874 -
2104 1835 2214 1888 exterior
2227 1835 2377 1890 violentiam
2389 1833 2462 1900 ponit
2475 1831 2509 1886 Vl

455 1913 456 1916 ¹
521 1925 685 1990 impotentia,
704 1925 750 1976 seri
766 1931 792 1980 nt
811 1927 915 1994 signum
930 1925 1055 1990 triumphi
1073 1931 1100 1978 04
1114 1923 1159 1976 404·
1197 1923 1310 1992 positae,
1328 1921 1556 1990 princepsmundi
1577 1927 1686 1976 vocatur
1703 1921 1765 1976 thid.
1874 1921 1918 1974 334
1943 1921 1977 1974 79
2000 1924 2026 1975 l'

516 2013 675 2066 -sericorrliae
705 2015 834 2066 exhibitae
864 2015 953 2066 etad
979 2013 1158 2066 confusionem
1250 2009 1350 2064 Crvrrrs
1371 2037 1405 2050 -·
1424 2011 1554 2076 siguificat
1575 2011 1664 2070 sedem
1689 2011 1834 2078 0040044040
1925 2009 2511 2078 Caecus-deputatusestabilebraeisignl

518 2101 730 2154 damnandorum
759 2103 791 2156 74
822 2101 873 2156 547
901 2099 936 2152 04
962 2129 1000 2140 -
1021 2099 1158 2152 Cicatrices
1197 2101 1229 2152 74
1251 2097 1300 2150 444
1321 2113 1345 2150 v.
1365 2097 1835 2150 04-00440000005703-Ρεο
1874 2105 1897 2148 et
1917 2099 2016 2150 aetheri
2035 2099 2070 2150 Vl
2087 2099 2140 2150 307
2159 2113 2187 2152 0.
2205 2101 2240 2152 04

519 2187 637 2240 Christus
660 2191 777 2242 servavit
803 2187 975 2256 quatuorde
1001 2187 1086 2240 causis
1115 2187 1158 2240 744
1197 2187 1329 2242 0404404004
1361 2185 1512 2254 intelligitur
1531 2185 1650 2242 ,Ecclesia
1678 2183 1711 2238 78
1737 2199 1764 2238 v.
1793 2187 1836 2240 45.
1928 2183 2011 2238 eoem
2027 2213 2067 2224 -
2089 2187 2138 2239 erit
2164 2187 2190 2238 in
2217 2189 2304 2242 lutura
2322 2177 2511 2242 resurrectione

522 2275 573 2328 600
589 2275 622 2328 50
1198 2273 1310 2328 744543
1331 2273 1364 2328 45
1384 2303 1419 2314 -
1439 2273 1549 2328 Ecclesia
1577 2281 1617 2328 est
1638 2273 1730 2328 civitas
1754 2285 1835 2338 parva
1874 2271 1905 2324 74
1926 2273 1976 2324 503
1997 2273 2028 2324 00
2050 2301 2083 2312 -
2102 2279 2141 2326 est
2160 2273 2279 2340 ingloria
2294 2275 2345 2330 545
2360 2279 2512 2342 3-prae·

572 2363 829 2418 Crassus-Anima
842 2363 926 2418 000440
936 2361 1014 2418 004404
1023 2363 1158 2430 praecingi
1197 2379 1244 2432 per
1263 2363 1437 2418 humilitatem
1455 2363 1489 2418 74
1508 2363 1542 2414 73
1569 2377 1593 2414 0.
1617 2363 1649 2418 45
1667 2363 1769 2416 -Per
1793 2363 1836 2416 de·
1871 2367 1962 2426 parata
1982 2375 1998 2414 a
2014 2359 2118 2414 Christo
2136 2367 2177 2414 est
2192 2363 2299 2418 reiectio
2317 2369 2431 2432 aeterna,
2442 2379 2515 2418 sum·

519 2453 586 2520 pelle
602 2453 809 2508 mortificationis
832 2453 859 2504 in
878 2465 968 2518 carne,
990 2455 1051 2506 lone
1073 2451 1158 2506 obser·
1188 2465 1255 2506 -cem
1275 2453 1394 2506 clvitates
1412 2453 1590 2518 intelliguntur
1609 2453 1711 2504 animae
1736 2449 1835 2504 beatill·
1873 2461 1915 2500 400
1934 2453 1959 2500 el
1979 2447 2130 2502 affimavit
2150 2449 2200 2500 370
2225 2449 2259 2504 36
2277 2481 2314 2502 -2-
2332 2465 2429 2516 magna
2447 2451 2511 2504 dici·

520 2543 623 2596 vantiae
641 2543 819 2606 regularisin
841 2541 1158 2602 conversatione,linteo
1196 2547 1269 2594 ratae
1279 2548 1326 2595 aut
1338 2555 1386 2606 per
1398 2541 1481 2594 verba
1495 2541 1572 2606 Legis
1583 2541 1618 2594 ad
1631 2543 1742 2606 gratiam
1755 2541 1836 2594 Evan-
1871 2543 1923 2606 tur,
1951 2537 2014 2606 0040
2034 2537 2232 2592 400004404040440
2258 2545 2284 2594 ει
2314 2537 2512 2594 4040440400444440

520 2633 644 2686 castitatis
667 2633 695 2684 in
721 2637 824 2696 400040,
848 2645 913 2684 4000
943 2645 1022 2684 044400
1045 2631 1158 2684 caritatis
1197 2631 1256 2696 gelli
1274 2631 1459 2696 pervenientes
1478 2629 1593 2684 744480
1614 2631 1647 2682 03
1781 2651 1785 2664 >
1874 2623 2035 2680 4040*Αο
2052 2629 2120 2682 44000
2137 2641 2248 2680 0000040
2272 2627 2346 2684 multi
2369 2635 2431 2684 sunt
2447 2629 2512 2682 invi·

520 2721 620 2788 ubique
647 2723 680 2774 74
706 2721 757 2774 508
776 2723 791 2774 3
812 2747 846 2762 -··
868 2721 1003 2786 praecingi
1030 2719 1158 2774 debemus
1250 2745 1284 2758 *-
1304 2719 1455 2774 Secundum
1468 2719 1678 2772 convenientiam
1694 2719 1719 2770 40
1733 2717 1836 2784 iegibus
1875 2717 1920 2768 tati
1937 2729 1986 2782 per
2004 2715 2097 2780 00004,
2111 2715 2157 2768 000
2171 2717 2249 2780 00004
2262 2717 2336 2770 electi
2356 2723 2462 2784 propter
2475 2731 2512 2770 00-

512 2809 597 2864 linteo
615 2809 768 2874 munditiae,
786 2815 817 2864 ut
835 2809 890 2864 Deo
905 2809 1096 2876 ministremus,
1117 2823 1158 2862 ac·
1196 2813 1221 2862 04
1239 2809 1358 2862 moribus
1379 2807 1722 2862 consistit-unitascivitatis
1742 2807 1774 2858 74
1789 2809 1830 2860 34
1873 2805 2009 2858 veritatem
2036 2801 2126 2858 iudicii
2153 2803 2188 2858 40.
2213 2805 2249 2858 37
2277 2833 2315 2846 -·
2341 2807 2410 2860 Hora
2435 2807 2512 2860 huius

520 2897 590 2964 cingi
608 2897 699 2964 gladio
720 2897 859 2962 institiae,
874 2903 900 2952 ut
917 2897 1053 2954 diabolum
1078 2913 1158 2964 0400-
1197 2899 1284 2952 -Ex
1310 2912 1407 2952 amore,
1429 2897 1542 2952 caritatis
1569 2903 1594 2950 04
1612 2897 1725 2950 libidinis
1754 2897 1835 2950 oritur
1873 2907 1968 2948 coenae
1989 2897 2037 2948 004
2055 2893 2115 2948 finis
2140 2893 2253 2958 saeculi,
2274 2897 2324 2948 hoc
2352 2901 2390 2948 est
2408 2901 2512 2960 tempus

521 2999 646 3052 gnemus,
663 2987 781 3052 succingi
800 2987 888 3040 tunica
902 2987 1032 3052 passionis
1051 2987 1159 3040 munda·
1196 2987 1287 3040 civitas
1307 2989 1446 3042 ierusalem
1463 2995 1493 3042 et
1508 2987 1647 3052 Babylonis
1667 2985 1730 3042 ibid.
1873 2989 1958 3038 sextae
1972 2983 2067 3038 aetatis
2086 2981 2121 3038 ib.
2134 2983 2169 3034 38
2182 3011 2216 3020 —-
2235 2985 2273 3038 40
2293 2983 2515 3050 000000000004-

511 3087 582 3140 000,
600 3079 630 3126 04
649 3073 777 3128 mundum
806 3081 1007 3128 contemnamus
1032 3073 1099 3128 lhl
1126 3103 1158 3114 -
1247 3097 1282 3132 ,-¹
1303 3077 1424 3142 Egressio
1438 3079 1470 3130 de
1490 3077 1593 3130 civitate
1605 3077 1736 3140 significat
1748 3089 1835 3140 egres·
1873 3079 1974 3128 catores
1992 3073 2100 3152 invitant
2126 3087 2173 3140 per
2190 3071 2327 3128 internum
2354 3073 2513 3128 desiderium

500 3161 708 3226 ¹praecingendi
730 3173 819 3226 renas,
837 3161 918 3214 lumbi
945 3167 969 3216 et
995 3167 1087 3230 pectus
1111 3179 1158 3230 004
1196 3179 1257 3218 0004
1274 3167 1344 3218 04400
1364 3167 1503 3220 saecularis
1522 3171 1549 3218 at
1567 3165 1714 3230 ingressum
1736 3161 1836 3230 religio·
1874 3167 1898 3214 et
1917 3161 2083 3216 devotionem
2105 3161 2166 3216 ibid.
2298 3213 2300 3218 .

520 3249 675 3302 nrunditiam
695 3251 836 3302 allectionis
854 3257 881 3302 et
900 3251 1086 3304 continentiam
1106 3267 1159 3304 car·
1196 3253 1236 3308 040
1255 3253 1297 3306 744
1327 3253 1374 3306 lit
1406 3257 1441 3308 03
1461 3281 1496 3292 -
1516 3253 1566 3320 Qui
1592 3255 1686 3308 volunt
1711 3255 1835 3308 docaria
1927 3279 1961 3290 —-
1982 3251 2019 3304 00
2040 3265 2149 3304 coenam
2169 3251 2280 3304 excitant
2303 3265 2351 3318 per
2366 3251 2514 3306 considera·

441 3353 446 3362 ·
520 3337 603 3390 04004
623 3335 777 3390 munditiam
797 3339 960 3402 cogitationis
978 3337 1013 3392 40.
1031 3341 1048 3392 0
1196 3339 1299 3396 Christo
1318 3341 1415 3396 debent
1440 3343 1586 3408 0044000000
1613 3341 1721 3396 civitatis
1741 3343 1836 3394 tumul·
1861 3339 1971 3392 tionem
1991 3341 2170 3404 praemiorum
2189 3329 2233 3392 vu
2252 3341 2299 3392 374
2322 3343 2356 3392 30
2375 3369 2411 3390 „-
2428 3341 2513 3404 repul·

524 3451 531 3476 ι
574 3425 641 3480 Ciuis
658 3455 695 3466 -
713 3425 828 3478 minutus
852 3433 879 3480 et
901 3425 1159 3494 amarussignificat
1197 3433 1253 3482 tunt
1272 3429 1308 3482 74
1326 3431 1378 3482 007
1397 3429 1432 3482 50
1682 3439 1699 3456 ³
1874 3429 1909 3482 sis
1928 3427 2064 3494 superbis,
2081 3433 2251 3494 acceptantur
2274 3431 2385 3482 1444044400
2408 3427 2457 3482 373
2480 3427 2511 3482 45

513 3521 691 3580 0000οι00040
714 3513 880 3580 singulorum
898 3513 1108 3568 recordationem
1134 3519 1159 3568 et
1250 3515 1353 3570 Cnxuon
1373 3543 1407 3556 -··
1433 3521 1470 3570 est
1496 3517 1672 3582 impatientiae
1690 3523 1715 3570 et
1734 3523 1836 3572 conten·
1874 3545 1910 3554 -
1928 3517 1970 3570 Ari
1988 3529 2096 3570 coenam
2116 3517 2201 3568 44444400
2220 3517 2344 3580 pertingit
2363 3517 2412 3570 0404
2424 3515 2511 3568 4444404-

513 3603 702 3656 contritionem
721 3601 861 3656 Vincet
881 3633 916 3642 -
935 3605 1048 3670 04004044
1070 3605 1159 3656 mortis
1196 3603 1274 3656 tionis
1298 3611 1323 3656 et
1343 3605 1614 3658 clamoraifectuosae
1634 3604 1836 3670 praedicationis
1874 3605 1905 3656 lis
1925 3605 1977 3656 374
2002 3603 2094 3656 50-
2113 3609 2261 3656 reservatur
2284 3605 2436 3658 timentibus
2459 3605 2513 3656 Do·
2591 3599 2594 3608 ⁴

513 3691 662 3758 imaginem
684 3691 723 3744 744
745 3691 795 3744 000
816 3695 936 3746 03-οι
953 3691 1068 3746 cilicium
1085 3705 1158 3746 arma
1197 3693 1230 3746 Vl
1258 3691 1311 3746 348
1338 3691 1374 3746 44
1392 3721 1428 3732 -
1451 3693 1498 3746 nd,
1518 3693 1665 3746 orationem
1692 3695 1835 3746 clamosam
1873 3691 1973 3766 4040040
1997 3689 2165 3746 ibid-nb
2183 3695 2232 3746 hac
2250 3707 2331 3746 coena
2351 3695 2510 3758 repelluntur

488 3821 489 3824 ¹
520 3785 580 3834 suut
597 3779 786 3844 poenitentium
806 3779 870 3834 ibid.
1196 3783 1290 3834 stultus
1308 3795 1361 3834 non
1385 3779 1546 3834 0440004470
1571 3797 1599 3834 0.
1626 3783 1658 3834 li
1678 3809 1711 3820 -
1732 3787 1835 3836 sanctae
1873 3779 1982 3848 superbi
2000 3781 2054 3834 375
2072 3781 2106 3832 50
2159 3811 2162 3818 ·
2377 3783 2380 3792 ’

573 3867 708 3922 6444004000
731 3869 852 3936 -Quae
872 3869 897 3920 in
923 3869 1031 3922 circuitu
1052 3879 1159 3922 currunt
1196 3863 1398 3934 praedicationis
1417 3869 1509 3922 excitat
1526 3869 1578 3920 538
1599 3885 1625 3922 0.
1645 3871 1674 3922 ll
1925 3869 2070 3936 -triplex
2099 3875 2205 3934 paratur
2225 3869 2250 3920 in
2269 3869 2363 3934 triplici
2385 3871 2509 3936 paschate

441 3971 442 3974 ¹
520 3957 652 4010 adfinem
671 3971 724 4010 000
743 3959 898 4022 perveniunt
917 3959 952 4010 Vl
973 3959 1005 4010 43
1028 3973 1058 4010 0.
1083 3957 1101 4010 7
1124 3987 1159 3996 -
1250 3955 1428 4010 04404440-
1445 3963 1485 4010 004
1503 3959 1553 4012 000
1570 3963 1699 4024 otrentum
1723 3959 1758 4010 ad
1776 3957 1837 4012 sub·
1873 3957 1905 4010 74
1927 3957 1978 4010 507
1997 3959 2012 4010 0
2033 3985 2066 3998 --
2084 3955 2227 4022 0004400440
2239 3965 2347 4022 paratur
2364 3973 2414 4024 per
2430 3959 2511 4022 gemi-

520 4047 579 4100 llali
603 4045 767 4100 circumeunt
784 4047 840 4100 sine
859 4049 950 4114 000040
968 4045 1030 4102 inid.
1050 4075 1084 4088 ·-
1103 4047 1157 4114 Spi·
1196 4045 1317 4100 stantiam
1336 4047 1454 4112 corporis
1474 4047 1507 4100 74
1522 4047 1573 4100 407
1586 4061 1616 4100 0.
1632 4047 1649 4100 7
1664 4075 1696 4086 -
1710 4053 1750 4100 est
1762 4061 1835 4112 prae·
1873 4051 1929 4100 turn
1947 4045 2157 4112 compunctionis
2176 4045 2292 4100 internae
2306 4047 2351 4100 744
2365 4047 2411 4100 434
2430 4047 2463 4100 40
2478 4075 2511 4086 -

520 4137 585 4190 ritus
604 4141 708 4188 sanctus
734 4135 829 4190 dicitur
847 4137 886 4190 440
904 4135 932 4190 40
955 4135 1077 4204 04400440,
1096 4137 1158 4204 0040
1197 4137 1274 4202 cipue
1295 4137 1342 4190 dos
1362 4137 1555 4202 resurgentium
1568 4135 1614 4190 vu
1632 4137 1683 4190 033
1703 4137 1734 4190 54
1755 4137 1835 4190 -in
1874 4135 1973 4202 gratiae
1991 4139 2099 4202 paratur
2125 4133 2234 4198 40404400
2260 4135 2287 4188 40
2313 4139 2432 4190 thalamo
2452 4151 2511 4190 con·

520 4239 569 4278 uos
594 4223 654 4276 facit
683 4219 793 4276 circuire
816 4225 849 4276 74
876 4223 906 4276 43
938 4223 954 4276 b
978 4253 1014 4264 —
1038 4223 1161 4280 Considc-
1197 4223 1278 4288 gloria
1299 4229 1336 4276 est
1355 4223 1446 4288 040000
1463 4225 1498 4276 74
1517 4223 1569 4278 477
1589 4225 1622 4278 40
1872 4223 2003 4292 004004400,
2022 4223 2193 4278 eucharistiae
2218 4223 2329 4278 exterius
2348 4223 2512 4280 4040440000-

433 4351 434 4356 .
510 4313 620 4366 :raudus
641 4313 765 4366 circuitus
779 4313 924 4376 ΙΙ4040044440,
952 4313 1075 4366 040004400
1100 4325 1160 4376 gra·
1247 4338 1287 4352 ,...
1306 4313 1375 4364 fleus
1393 4313 1617 4368 nonciarificatnr
1632 4313 1716 4378 inse,
1730 4313 1775 4364 sed
1790 4325 1836 4378 per
1873 4315 1932 4366 culo
1950 4313 2095 4376 Ecclesiae,
2114 4313 2212 4380 gloriae
2231 4313 2352 4382 superius
2371 4315 2397 4368 in
2415 4313 2511 4380 palatio

520 4403 572 4454 tiae
588 4407 615 4454 et
634 4399 732 4464 gloriae
752 4397 813 4456 fht'd.
830 4431 867 4442 -
885 4401 985 4466 gloriae
999 4405 1038 4454 est
1057 4401 1081 4452 40
1103 4415 1176 4456 con-¹
1197 4401 1434 4454 manifestationem
1461 4401 1562 4464 gloriae
1589 4413 1654 4454 suae
1678 4401 1709 4452 74
1731 4401 1782 4452 503
1803 4399 1835 4454 40
1874 4403 1975 4466 gloriae
2001 4403 2036 4454 Vl
2063 4389 2147 4454 5074
2171 4429 2206 4442 ω-
2225 4403 2323 4466 gratiae
2343 4403 2455 4468 pertinet
2480 4403 2513 4454 acl

520 4489 692 4556 siderationa,
722 4489 803 4556 0000
824 4487 912 4542 onmia
941 4503 957 4542 a
988 4475 1042 4548 Deo
1070 4493 1095 4542 et
1125 4487 1159 4542 ad
1194 4517 1233 4528 -
1251 4489 1320 4542 0000
1338 4487 1495 4542 clarificatur
1511 4487 1539 4540 in
1565 4487 1672 4540 bomine
1689 4501 1765 4540 suam
1785 4489 1836 4544 cla·
1860 4489 2042 4556 incipientes,
2068 4489 2241 4544 eucharistiae
2268 4493 2304 4544 ad
2331 4491 2511 4558 proficientes,

515 4581 603 4632 Deum
624 4575 687 4632 ibid.
1132 4595 1133 4600 ¹
1195 4577 1418 4632 ritatemhomini
1444 4577 1602 4644 revelando,
1619 4591 1669 4642 per
1687 4577 1836 4642 hominem,
1873 4577 1974 4644 gloriae
1993 4581 2026 4632 ad
2045 4579 2229 4646 pervenientes
2249 4577 2311 4634 ibid.
2329 4606 2366 4620 ·-
2383 4581 2411 4632 40
2429 4593 2513 4634 00000

511 4715 514 4720 ,,
572 4667 832 4720 ciaconus—naen
849 4681 901 4720 000
915 4661 995 4722 hahet
1007 4667 1041 4720 74
1056 4667 1086 4718 43
1103 4665 1158 4718 0.7
1175 4725 1176 4728 ¹
1196 4679 1257 4718 cum
1277 4681 1325 4732 per
1352 4667 1499 4719 illumaliis
1523 4667 1689 4732 propalatum
1713 4665 1835 4718 sednon
1873 4667 1973 4730 gratiae
1999 4671 2079 4720 homo
2099 4665 2295 4732 0044040000ιο
2312 4667 2348 4720 de
2365 4681 2414 4720 suo
2431 4681 2512 4732 opera

519 4787 556 4798 -
574 4757 600 4808 40
621 4755 700 4808 rebus
718 4757 782 4810 falso
795 4757 901 4822 ponitur
917 4757 1052 4810 circulatio
1070 4763 1160 4808 secun·
1196 4755 1353 4808 clarificatur
1365 4753 1398 4806 ab
1412 4755 1516 4808 bomine
1536 4755 1655 4808 ut'danle
1667 4755 1709 4806 vel
1723 4759 1836 4820 augente
1873 4757 2015 4818 virtutum,
2036 4755 2154 4808 Christus
2171 4755 2206 4808 00
2224 4769 2271 4808 000
2285 4757 2355 4810 dona
2366 4757 2513 4822 gratiarum

518 4847 583 4900 dum
603 4859 826 4912 egressumque
845 4847 935 4900 omnia
951 4849 1113 4898 renoventur
1126 4841 1159 4894 47
1197 4843 1246 4896 Dei
1264 4841 1375 4908 gloriam
1395 4843 1452 4894 343
1467 4843 1500 4894 30
1513 4869 1551 4884 ·-
1561 4841 1668 4896 llomini
1684 4841 1752 4896 iusto
1766 4855 1836 4896 com·
1872 4841 1934 4898 ibid.

517 4949 546 5004 q.
565 4935 579 4986 3
599 4949 656 5000 arg.
677 4935 741 4986 3—-
754 4935 837 4989 llotus
850 4933 984 4990 circularis
1001 4937 1087 5000 potest
1101 4945 1160 4986 cou-
1197 4931 1347 4984 munientur
1366 4931 1469 4984 claritas
1492 4931 1649 4996 sapientiae,
1669 4931 1781 4998 gratiae,
1800 4933 1836 4982 la·
1926 4931 2094 4986 0000400400
2111 4961 2148 4972 -
2167 4933 2215 4984 000
2232 4935 2405 4986 coenaculum
2425 4931 2514 4986 intelli-

511 5021 685 5082 timueritis
704 5037 732 5076 0.
751 5023 817 5076 47
1002 5063 1003 5066 ,
1120 5043 1121 5046 ¹
1198 5033 1258 5072 04οε
1277 5019 1528 5084 etgloriaeblli
1871 5021 1944 5084 gitur
1964 5021 2051 5074 anima
2069 5027 2160 5074 sancta
2177 5021 2223 5082 744
2240 5021 2292 5074 343
2313 5021 2348 5076 45

572 5107 1037 5178 Cracuucrsro-eratpraascripta
1058 5111 1172 5174 tarega
1251 5107 1368 5164 0440000
1383 5137 1421 5150 -··
1438 5109 1558 5174 designat
1570 5109 1797 5162 deordinutionem
1808 5107 1836 5162 in
1926 5105 2059 5162 Coorrxmo
2078 5109 2307 5174 -Cogitationes
2336 5115 2396 5164 sunt
2419 5109 2514 5162 intelle·

511 5205 611 5252 0οι040
629 5199 674 5252 744
692 5197 726 5252 35
751 5195 918 5258 4035440
941 5219 978 5240 —···
1000 5201 1093 5264 044040Ι
1115 5199 1161 5252 4044
1198 5197 1383 5266 04000000οᾰ0
1403 5199 1446 5252 744
1469 5195 1518 5252 477
1540 5197 1571 5250 46
1591 5225 1626 5238 -
1643 5201 1704 5252 0004
1720 5197 1766 5264 004
1779 5211 1837 5264 pec·
1865 5199 1959 5252 ctivae
1978 5197 2109 5252 00404004
2129 5201 2319 5252 memorativae
2347 5197 2439 5252 mentis
2468 5199 2513 5252 744

520 5287 661 5352 praecepta
680 5285 851 5342 0440000074
867 5289 975 5342 34530.
994 5287 1047 5342 346
1064 5287 1160 5352 34,35
1196 5293 1255 5342 0004
1274 5287 1520 5354 perimpotentiam
1540 5287 1573 5340 74
1598 5287 1650 5340 305
1673 5285 1760 5338 ll-
1780 5299 1837 5354 pec·
1874 5287 1926 5340 007
1946 5285 1980 5340 43
1997 5285 2228 5342 -fiurmittuutur
2249 5287 2275 5342 in
2294 5301 2341 5342 cor
2357 5301 2373 5340 a
2392 5285 2514 5342 sensibus

454 5401 456 5406 ·
521 5373 653 5426 -nebu
672 5361 809 5432 iunctave
831 5379 927 5432 dicad
950 5375 1160 5444 designationem
1196 5379 1256 5430 cant
1270 5387 1317 5440 per
1331 5375 1509 5440 impotentiam
1524 5375 1575 5430 560
1589 5375 1644 5428 v.3
1662 5375 1671 5428 4
1687 5375 1838 5430 -Claudi
1875 5375 1908 5428 74
1926 5375 1980 5430 535
1998 5375 2008 5426 l
2436 5419 2437 5422 ,

521 5467 630 5516 octavae
647 5465 741 5516 aetatis
763 5467 808 5520 744
833 5465 869 5520 55
887 5465 921 5518 43
941 5495 977 5504 --
995 5465 1080 5520 danda
1106 5471 1161 5520 crat
1195 5465 1263 5518 catio
1283 5469 1321 5518 est
1340 5465 1497 5518 inordinatio
1515 5465 1545 5516 40
1562 5465 1656 5516 ellectu
1674 5463 1746 5518 the
1925 5493 1964 5504 -
1987 5465 2117 5532 significat
2146 5479 2224 5532 00000
2252 5465 2373 5520 404004040
2402 5465 2434 5516 74
2462 5463 2513 5518 445

520 5547 636 5604 Sabbata
656 5549 689 5602 Vl
708 5549 761 5610 345
776 5555 824 5606 30.
840 5553 891 5606 340
913 5555 965 5606 30
1030 5575 1032 5582 v
1249 5551 1401 5608 Cnnnsrnuu
1414 5581 1447 5594 --
1460 5559 1499 5606 est
1512 5559 1727 5618 monumentum,
1744 5553 1837 5622 40000
1873 5567 1901 5606 0.
1920 5553 1935 5606 4
1954 5581 1990 5594 ι·-
2007 5555 2140 5608 001004000
2159 5560 2325 5620 0004004οι00
2342 5553 2432 5606 ovium
2446 5567 2511 5606 sono

575 5667 609 5676 -
629 5643 684 5690 erat
701 5639 788 5704 ligura
811 5639 1016 5696 circumcisionis
1035 5641 1069 5696 ab
1088 5639 1176 5696 omni
1196 5645 1277 5700 homo
1296 5641 1437 5708 spiritualis
1455 5641 1536 5696 debet
1553 5641 1657 5708 sepeliri
1679 5643 1712 5696 74
1732 5643 1784 5696 040
1805 5643 1812 5694 4
1873 5641 1950 5694 suavi
1970 5644 2016 5696 004
2040 5655 2066 5694 0.
2087 5643 2118 5696 43
2132 5641 2355 5708 -Cogitandum
2367 5641 2454 5696 00400
2468 5643 2513 5694 Sa-

511 5729 598 5792 ¹culpa
623 5731 648 5778 et
674 5725 796 5794 miseria,
818 5741 888 5794 0000
919 5729 968 5780 0444
995 5729 1020 5780 40
1046 5745 1161 5784 0000000-
1249 5731 1395 5784 044000040
1408 5731 1596 5786 -exteriores
1608 5731 1766 5784 conveniunt
1780 5745 1838 5784 con·
1873 5731 1972 5796 pientia
1989 5745 2043 5784 non
2060 5729 2174 5796 simplici
2195 5731 2366 5798 cogitatione,
2386 5731 2433 5786 sed
2454 5731 2514 5784 alie·

521 5817 608 5870 ctione
630 5813 675 5866 Vll
694 5813 729 5866 55
755 5813 788 5868 48
812 5843 848 5854 -
872 5817 919 5870 4044
942 5817 1051 5882 signum
1074 5817 1104 5870 in
1121 5829 1176 5870 rer
1195 5819 1356 5882 templativis
1373 5819 1409 5872 74
1427 5821 1460 5872 00
1480 5835 1506 5874 0.
1527 5821 1542 5872 3
1715 5831 1716 5834 ’
1873 5821 1941 5874 ctiva
1965 5819 2013 5874 443
2032 5833 2058 5872 v.
2079 5821 2111 5872 46
2130 5817 2253 5874 -bona
2275 5819 2353 5876 habet
2369 5819 2462 5874 merila
2474 5819 2504 5872 74

521 5905 640 5960 medium
660 5901 711 5954 575
738 5903 769 5954 33
791 5909 897 5956 -erat
917 5905 993 5972 00004
1015 5907 1160 5960 cauterium
1249 5905 1340 5960 Canus
1358 5935 1393 5944 -
1412 5913 1482 5960 errat
1499 5915 1525 5960 et
1543 5921 1595 5960 000
1613 5907 1712 5972 000044,
1730 5909 1853 5976 quando
1874 5921 1902 5962 v.
1921 5909 1930 5960 l
1955 5935 1990 5950 —
2008 5921 2101 5962 omnes
2118 5913 2179 5960 sunt
2204 5909 2229 5960 in
2252 5911 2337 5966 Deum
2359 5909 2514 5962 referendae

511 5995 653 6050 latronum
672 5989 735 6044 tttd.
1175 6007 1176 6010 ’
1197 5993 1275 6048 solvit
1293 5995 1365 6062 0000
1384 5995 1459 6050 Deus
1478 6009 1530 6048 000
1547 5995 1704 6062 vivificavit,
1730 5999 1774 6050 vel
1793 5997 1839 6050 mi·
1873 5995 2108 6060 perdilectionem
2129 5997 2171 6048 744
2190 5995 2241 6048 067
2264 5995 2295 6050 48
2314 6001 2426 6050 —sunt
2439 5995 2514 6050 recti·

564 6087 685 6134 -ecat
701 6079 737 6134 ad
758 6079 978 6146 distinguendum
998 6079 1035 6132 74
1055 6079 1109 6134 344
1126 6081 1161 6134 05
1197 6083 1330 6146 uestigat,
1343 6095 1424 6150 quam
1442 6083 1477 6134 sit
1487 6083 1622 6148 ligandum
1643 6083 1676 6136 74
1689 6083 1741 6136 544
1762 6083 1795 6136 40
1808 6083 1839 6134 3*
1874 6083 2045 6136 4400000070
2066 6081 2094 6134 44

520 6201 558 6210 -
575 6169 719 6236 praecipue
738 6167 799 6222 data
821 6175 863 6222 est
885 6167 921 6220 ad
944 6166 1161 6232 distinguendum
1192 6195 1236 6226 ,-
1252 6169 1368 6222 Potestas
1385 6169 1500 6222 clavium
1520 6171 1580 6224 data
1600 6171 1730 6236 apostolis
1748 6173 1784 6224 ad
1800 6171 1839 6224 di·
1927 6169 2043 6226 -mala
2057 6167 2093 6220 ab
2105 6169 2213 6222 homine
2224 6173 2337 6236 est,sed
2348 6169 2514 6224 bonaabeo

521 6261 666 6324 populum,
683 6257 718 6308 00
731 6271 785 6324 000
798 6257 943 6310 nasciturus
956 6259 1011 6308 erat
1031 6255 1163 6318 Chr-istm,
1199 6257 1451 6322 mittenda-peccata
1472 6257 1523 6308 513
1544 6257 1586 6310 43.
1605 6257 1649 6309 744
1668 6257 1720 6310 470
1739 6257 1773 6308 43
1874 6257 1909 6308 74
1928 6257 1980 6310 003
1999 6247 2061 6308 03
2088 6283 2123 6296 -
2141 6257 2210 6308 40040
2228 6259 2353 6322 pervertit
2380 6257 2514 6310 bominem

521 6345 705 6404 anationibus
732 6347 782 6398 340
806 6345 841 6398 35
861 6371 894 6384 -
914 6347 951 6398 est
977 6345 1081 6410 signum
1101 6343 1163 6398 fidei
1251 6343 1397 6398 Ccsusuua
1416 6369 1452 6384 --
1471 6343 1628 6398 Clementiae
1646 6345 1737 6398 dulcor
1759 6343 1840 6398 debet
1875 6345 1909 6398 48
1927 6359 1957 6398 0.
1975 6345 2008 6396 45
2027 6371 2062 6384 -
2081 6343 2256 6410 Cogitationes
2283 6359 2422 6412 perversae
2451 6345 2514 6398 fidei

521 6431 657 6498 4444004400,
677 6433 800 6488 meritum
822 6431 1001 6496 obedientiae,
1027 6433 1164 6500 distinguit
1199 6445 1257 6486 esse
1276 6437 1398 6498 respectu
1418 6437 1526 6488 naturae
1545 6433 1588 6484 vu
1607 6431 1708 6486 04034
1730 6457 1767 6472 ·-·
1788 6433 1839 6498 Qui
1865 6437 1901 6486 et
1918 6447 2024 6486 morum
2050 6437 2174 6500 separant
2201 6447 2217 6484 a
2243 6433 2297 6488 Deo
2327 6435 2354 6486 44
2362 6433 2377 6486 0
2396 6449 2421 6486 v.
2443 6435 2514 6486 3-

512 6523 663 6588 0004444404,
676 6521 798 6574 medetur
809 6521 942 6588 originali,
956 6521 1085 6606 significat
1097 6527 1164 6576 octa·
1198 6521 1297 6586 refugit
1316 6521 1404 6586 legem
1430 6521 1584 6574 clementiae
1602 6521 1671 6572 cadit
1699 6521 1734 6572 in'
1751 6521 1838 6586 legem
1874 6519 2049 6584 Cogitationes
2068 6521 2095 6574 in
2112 6521 2180 6574 malo
2199 6521 2336 6576 induratae
2352 6527 2412 6576 sunt
2430 6521 2515 6576 insen·

511 6623 585 6672 {vam
605 6609 816 6674 resurrectionis,
834 6611 913 6674 docet
931 6611 1074 6664 castitatem
1101 6607 1164 6664 4040.
1199 6609 1311 6664 400444400
1330 6611 1376 6662 084
1403 6611 1435 6662 45
1455 6639 1490 6650 -
1507 6609 1652 6678 requiritur
1671 6609 1698 6662 in
1724 6609 1839 6674 praelato
1874 6615 1947 6662 satae
1967 6611 2017 6662 480
2036 6623 2064 6662 0.
2085 6611 2115 6662 46

521 6725 558 6760 ,-
576 6701 636 6750 0040
650 6695 882 6756 4000440040000040
897 6699 1032 6764 Evangelii
1049 6697 1164 6752 habebat
1199 6701 1234 6754 Vl
1252 6699 1304 6754 578
1323 6699 1341 6752 5
1361 6719 1395 6738 —¹-·
1414 6713 1482 6766 0000
1491 6697 1644 6752 attribuitur
1661 6697 1769 6764 Spiritui
1783 6713 1840 6752 san·
1868 6747 1870 6750 .
1928 6701 2077 6766 -ligatur
2093 6713 2150 6766 004
2172 6707 2328 6764 peccatum,
2345 6705 2372 6752 ut
2388 6701 2516 6766 peccator
2575 6695 2576 6698 ’

521 6787 643 6846 ellectum
664 6787 807 6840 00040034
830 6789 867 6848 til
903 6825 905 6830 .
950 6781 951 6786 ’
1057 6811 1059 6816 ·
1113 6817 1116 6822 -
1200 6789 1348 6844 040004οἰ0
1367 6795 1506 6844 conservat
1526 6791 1576 6844 480
1595 6803 1622 6842 0.
1642 6789 1669 6844 04
1847 6777 1928 6842 ’000
1948 6791 2034 6846 valeat
2050 6789 2085 6844 de
2102 6789 2159 6844 Deo
2170 6791 2315 6854 recogitare
2330 6789 2360 6844 74
2373 6789 2426 6842 503
2438 6803 2466 6842 v.
2477 6787 2515 6844 44
