5908 8266
525 599 590 688 444
690 625 691 628 ¹
874 669 876 686 ᾗ
1362 601 1721 672 4444444444·

809 687 875 740 FUM
983 701 984 704 ’
2165 693 2232 748 6644

524 775 568 828 644
587 775 639 828 439
658 773 693 828 49
710 805 747 814 -
766 775 872 830 divinae
893 775 1008 828 iustitiae
1024 775 1059 828 ad
1078 779 1162 830 malos
1199 807 1236 816 -
1255 777 1306 844 Qui
1323 777 1470 832 inordinate
1486 779 1635 844 ingreditur
1658 783 1699 832 lur
1717 785 1757 832 est
1774 777 1837 834 ibid.
1929 807 1963 820 -·
1984 785 2010 832 ut
2027 785 2128 834 certum
2153 781 2373 844 exprimiturper
2390 781 2514 846 praeteri·

523 871 625 916 4444444
648 865 761 918 444444444
777 871 804 916 44
822 863 906 918 bonos
925 879 978 918 non
1003 871 1110 930 tangent
1131 867 1161 916 64
1200 895 1236 926 -,-
1255 865 1306 934 Qui
1323 879 1377 940 non
1394 865 1470 920 intrat
1499 879 1548 934 per
1571 865 1703 920 Christum
1734 869 1772 920 444
1802 871 1839 918 444
1877 875 1932 920 tum
1951 871 1986 934 64
2003 867 2056 920 459
2084 871 2118 922 99
2135 897 2174 908 --
2189 871 2316 924 Futurum
2346 875 2450 934 ternpus
2466 875 2513 922 est

524 951 576 1006 443
593 967 622 1004 4.
641 955 680 1004 99-
715 967 716 970 ’
1202 955 1254 1008 386
1273 955 1307 1006 40
1325 983 1362 994 -
1382 955 1456 1008 'venit
1484 955 1554 1008 hona
1580 955 1734 1020 temporalia
1751 959 1839 1006 *extor-
1876 957 2070 1022 periculosum,
2087 957 2148 1024 quia
2177 947 2240 1028 nou¹
2256 959 2343 1022 potest
2363 955 2512 1022 praevideri

576 1043 659 1096 Funus
678 1069 713 1084 ·-
731 1047 771 1096 est
785 1055 873 1108 vapor
885 1041 978 1108 igneos
992 1041 1024 1096 61
1040 1041 1089 1094 449
1104 1045 1155 1112 444
1200 1040 1308 1108 quando
1323 1047 1352 1100 ,et
1372 1041 1492 1096 subditos
1509 1043 1687 1108 temporaliter
1698 1041 1839 1106 affligendo
1877 1045 1910 1096 66
1929 1057 1956 1096 4.
1970 1045 1991 1096 4
2008 1041 2184 1108 —cogrtare
2212 1045 2326 1096 laturum
2357 1049 2394 1096 est
2414 1045 2514 1096 utilissi-

523 1159 560 1168 -
578 1135 677 1198 quanto
698 1129 781 1196 magis
801 1129 1016 1198 44444644,44444
1028 1129 1115 1194 magis
1128 1131 1164 1186 di·
1201 1115 1236 1184 ib.
1256 1131 1287 1182 49
1308 1157 1341 1170 -
1361 1131 1497 1184 salsitatem
1519 1129 1582 1184 dicit
1601 1137 1627 1184 ct
1652 1143 1718 1188 ories
1746 1115 1839 1182 644444-
1877 1145 1950 1184 mum
1976 1131 2012 1184 55
2042 1147 2066 1182 v.
2096 1133 2166 1184 3-
2183 1133 2280 1186 Furtua
2307 1147 2361 1182 non
2387 1131 2515 1202 scireest

524 1219 657 1286 spergitur
673 1229 702 1294 et
718 1219 852 1272 evanescit
874 1219 924 1272 596
944 1219 959 1270 6
975 1247 1015 1284 ¹-
1032 1219 1164 1284 significat
1200 1225 1242 1272 rat
1259 1219 1311 1272 388
1330 1219 1365 1270 97
1385 1233 1547 1286 -gregem
1571 1217 1680 1270 abducit
1696 1219 1749 1270 589
1766 1219 1785 1270 6
1804 1245 1838 1256 -
1877 1221 1953 1274 valde
1973 1219 2129 1272 damnosum
2150 1221 2183 1272 85
2201 1235 2229 1272 v.
2249 1219 2283 1270 44

524 1309 732 1362 excaecationem
745 1307 873 1360 acarnali
886 1307 1095 1372 concupiscentia
1112 1309 1161 1360 443
1200 1307 1284 1372 pascit
1303 1307 1437 1372 seipsum
1454 1309 1507 1360 696
1522 1321 1554 1360 Ι4.
1568 1307 1608 1358 46
1928 1337 1965 1350 -
1983 1309 2065 1360 Homo
2084 1321 2136 1360 444
2156 1307 2203 1360 scit
2224 1311 2323 1372 4444444,
2338 1309 2385 1360 4444
2401 1309 2513 1360 homino

523 1411 551 1450 4.
570 1395 585 1448 4
603 1421 642 1436 -
657 1395 787 1462 signisscal
816 1399 948 1448 humanae
963 1397 1033 1450 ritae
1055 1395 1163 1450 brevita-
1197 1381 1200 1392 ²
1253 1395 1355 1450 Forum
1375 1423 1412 1434 -
1436 1401 1498 1448 sunt
1520 1395 1623 1448 occulta
1640 1409 1674 1446 ex
1691 1393 1839 1448 conditione
1875 1399 2007 1450 revelante
2026 1409 2074 1462 per
2094 1397 2204 1462 gratiam
2228 1397 2259 1450 64
2282 1397 2313 1448 53
2333 1411 2361 1450 4.
2379 1397 2390 1448 l
2416 1423 2450 1434 -
2470 1399 2513 1448 So·

523 1491 577 1538 4444
597 1483 643 1536 444
663 1501 696 1538 ,4.
714 1483 867 1546 464-6444
877 1489 906 1544 44
919 1489 1002 1546 status
1018 1483 1162 1550 impiorum
1200 1485 1327 1560 temporis
1346 1487 1373 1536 44
1388 1483 1491 1536 ratione
1508 1495 1604 1536 causae
1622 1483 1722 1534 latentis
1736 1483 1766 1534 64
1790 1483 1837 1534 469
1875 1485 1917 1540 444
1934 1485 2003 1538 Deus
2021 1487 2109 1536 lutura
2126 1485 2262 1550 cognoscit
2287 1491 2309 1536 44
2333 1487 2430 1538 revelat
2450 1483 2512 1540 ibid.

450 1607 453 1612 -
522 1573 619 1626 dicitnr
635 1575 725 1626 ,lumus
755 1577 863 1638 propter
890 1573 1021 1626 rationalis
1040 1573 1164 1626 04444444-
1201 1587 1230 1626 4.
1247 1573 1271 1638 4,
1287 1575 1308 1624 8
1322 1601 1362 1634 ¹-
1380 1571 1512 1636 Sapientia
1531 1573 1623 1624 divina
1639 1570 1676 1624 de
1690 1571 1784 1624 laturis
1797 1585 1838 1624 ae-
1875 1601 1912 1612 -
1931 1573 2043 1638 Spiritus
2056 1573 2108 1624 Dei
2126 1573 2202 1626 docet
2221 1573 2358 1626 veritatem
2371 1573 2514 1626 defuturis

522 1663 621 1714 tionem
639 1663 737 1716 4964.
757 1661 772 1714 6
923 1697 924 1700 ,
1200 1661 1289 1714 stimat
1307 1661 1518 1736 certitudiualiler
1537 1657 1571 1714 ib.
1588 1675 1617 1712 4.
1635 1659 1650 1708 8
1876 1663 1928 1714 459
1956 1663 1990 1714 96
2015 1691 2057 1724 ‚-·
2079 1663 2159 1728 Quod
2183 1663 2300 1714 turturum
2327 1669 2367 1714 est
2393 1661 2514 1714 iamluit

576 1751 765 1802 Funnnuanruu
782 1777 819 1788 -
836 1749 944 1814 ponitur
966 1763 1014 1814 per
1040 1751 1120 1804 iidem
1138 1755 1164 1804 44
1253 1779 1289 1812 -ς-
1310 1735 1493 1824 contingentia
1515 1763 1568 1802 non
1600 1755 1725 1814 generant
1748 1749 1839 1802 simili·
1877 1753 1911 1804 46
1929 1753 1990 1804 449

522 1835 621 1890 bonam
638 1837 939 1912 operationemVl1378
956 1837 1041 1890 59-
1053 1837 1164 1890 44646444
1199 1837 1318 1892 tudinem
1334 1837 1377 1892 sui
1395 1837 1422 1888 in
1440 1851 1535 1900 sensu,
1554 1851 1602 1890 nec
1621 1851 1668 1904 per
1681 1849 1707 1888 se
1721 1851 1770 1890 nec
1784 1851 1838 1912 ,per
1928 1867 1965 1878 -
1983 1843 2008 1892 ln
2027 1837 2199 1912 prosperitate
2219 1839 2299 1890 laturi
2316 1839 2442 1904 temporis
2462 1853 2514 1892 me·

523 1923 665 1990 spiritualis
679 1925 795 1978 4446644
815 1929 839 1978 et
859 1925 914 1990 ipse
934 1923 1163 1980 666444449469
1199 1913 1310 2002 causam
1319 1927 1518 1980 determinatam
1538 1925 1734 1978 antecedentem
1751 1927 1786 1978 61
1805 1925 1838 1996 64
1876 1929 1960 1982 muria
1985 1927 2106 1980 habenda
2131 1933 2172 1980 est
2198 1927 2231 1980 64
2258 1927 2293 1978 96
2317 1941 2346 1978 y.
2372 1927 2443 1978 8-
2464 1927 2514 1994 Qui

575 2013 649 2068 Funis
666 2043 702 2052 -
719 2015 750 2066 ln
765 2015 827 2066 lune
845 2011 1008 2080 significatur
1019 2013 1165 2068 46444444-
1200 2029 1229 2084 q.
1247 2019 1262 2070 9
1282 2045 1318 2058 -
1334 2017 1480 2068 intellectus
1505 2021 1593 2068 noster
1612 2029 1664 2068 non
1685 2019 1770 2080 potest
1793 2029 1839 2090 per
1876 2021 1980 2072 futurus
1996 2023 2037 2072 est
2053 2017 2106 2070 iam
2123 2021 2235 2070 vocatus
2261 2021 2301 2068 est
2324 2023 2454 2082 quantum
2479 2013 2514 2068 46

521 2101 560 2166 444
577 2103 706 2180 regularis
725 2103 759 2154 64
776 2101 828 2154 598
848 2101 866 2152 3
1199 2119 1230 2158 44
1245 2107 1272 2158 in
1294 2107 1440 2160 itrlurorum
1458 2103 1634 2178 cognitionem
1662 2103 1752 2156 venire
1776 2101 1839 2158 ibid.
1876 2113 2008 2160 aeternam
2023 2107 2174 2160 electionem
2193 2105 2228 2158 63
2246 2119 2274 2158 v.
2294 2105 2327 2156 46
2348 2131 2380 2142 -
2400 2105 2457 2156 Non
2475 2107 2514 2162 est

577 2191 684 2242 Fun-
701 2191 817 2242 alienum
835 2203 915 2242 suum
935 2191 998 2246 dicit
1015 2191 1050 2244 64
1074 2191 1163 2246 3839
1200 2221 1236 2258 ··.·
1253 2195 1397 2249 intellectus
1415 2195 1548 2260 possibilis
1564 2197 1650 2260 potest
1677 2191 1701 2246 iu
1727 2205 1755 2246 se
1772 2191 1840 2246 reci·
1876 2197 2080 2262 exspectandum
2098 2197 2238 2260 44444444,
2267 2195 2332 2248 dum
2350 2199 2456 2260 tempus
2474 2195 2513 2244 est

521 2305 560 2318 -
576 2279 711 2344 ingressus
732 2279 796 2332 iuris
814 2293 867 2332 non
878 2285 919 2332 est
932 2293 978 2346 per
991 2281 1085 2334 ostium
1100 2279 1163 2336 ibid.
1199 2287 1262 2350 pare
1278 2285 1371 2338 ,omnia
1390 2287 1478 2338 luttrra
1495 2283 1557 2354 ibid.
1874 2283 1911 2338 44
1929 2299 1956 2338 r.
1979 2285 2008 2338 46
2244 2293 2248 2300 ’

1311 2475 1537 2646 ..G

575 2813 709 2866 Garumna
725 2811 1163 2878 -interprelatursublimitasVl
1199 2811 1307 2876 stigium
1333 2809 1368 2864 ib.
1398 2813 1431 2864 58
1460 2839 1496 2848 -
1524 2811 1637 2864 ostendit
1666 2809 1840 2862 necessariam
1875 2809 2009 2862 nitentium
2036 2817 2127 2874 agente
2153 2811 2287 2878 quomodo
2312 2811 2511 2876 intelligendum

472 2959 473 2962 Ἴ
519 2897 574 2968 499
596 2899 630 2950 44
647 2929 684 2964 ,·,·
701 2907 758 2952 erat
775 2901 849 2952 locus
869 2899 954 2952 iudicii
976 2897 1040 2952 ibid.
1199 2911 1275 2952 suam
1295 2899 1488 2950 conclusionem
1507 2899 1542 2950 96
1566 2899 1602 2950 66
1619 2925 1656 2936 -
1673 2897 1839 2962 propositum
1875 2899 1920 2950 Vll
1938 2899 1989 2950 386
2010 2897 2043 2950 44
2061 2925 2098 2938 ·-
2115 2899 2230 2962 nuptiale
2248 2897 2345 2950 dicitur
2365 2899 2513 2950 reinventio

575 2989 686 3040 Gneurat
701 3015 739 3028 -
755 2987 880 3040 tortitudo
906 2989 952 3038 Dei
979 2989 1164 3050 interpretatur
1199 2999 1279 3038 suurn
1306 2991 1440 3038 assecutus
1462 2989 1507 3040 est
1529 2985 1560 3036 94
1579 2983 1619 3038 46
1634 3013 1669 3024 -
1686 2983 1841 3038 discessita
1875 2985 1983 3036 humani
2002 2987 2106 3052 generis
2123 2983 2159 3040 ib.
2179 2987 2213 3038 43
2293 3043 2297 3046 „

524 3073 568 3126 Vll
589 3077 621 3124 48
640 3077 670 3126 el
693 3077 773 3126 -lu
794 3075 852 3138 ipso
876 3073 1113 3136 notaturdignilas
1136 3073 1165 3126 in
1200 3073 1277 3126 beata
1296 3073 1419 3140 Virgine,
1436 3073 1485 3126 sed
1511 3073 1635 3128 remansit
1664 3087 1725 3126 4444
1743 3085 1775 3124 44
1795 3073 1840 3126 644
1928 3073 2127 3126 -llundusin
2144 3073 2272 3140 praesenti
2290 3073 2390 3138 gaudet
2407 3075 2439 3126 64
2462 3073 2512 3126 469

524 3163 674 3214 assistendo
686 3169 711 3214 et
724 3161 899 3214 auctoritasin
910 3161 1088 3214 denuntiando
1102 3157 1164 3214 ibid.
1198 3163 1278 3214 Filius
1301 3157 1362 3214 ibid.
1389 3189 1426 3222 -ε
1449 3161 1569 3214 discessit
1592 3179 1607 3214 a
1627 3161 1707 3214 Maria
1731 3161 1842 3226 Virgine
1876 3163 1906 3214 34
1938 3189 1973 3200 -·
2000 3161 2197 3228 hypocritarum
2222 3167 2247 3214 et
2276 3147 2469 3216 mundanorum
2496 3175 2513 3214 a

524 3279 560 3292 -
578 3257 634 3304 erat
659 3249 728 3304 inter
751 3251 901 3304 assistentes
921 3253 1014 3304 throno
1035 3247 1079 3302 Dei
1100 3247 1164 3304 ibid
1199 3253 1326 3318 quantum
1349 3251 1380 3304 ad
1401 3251 1581 3316 apparentiam
1601 3247 1662 3304 ibid.
1785 3259 1786 3262 ’
1875 3243 2118 3316 gaudiobonorum
2142 3251 2226 3320 dlliert
2245 3251 2287 3304 644
2306 3251 2340 3302 49
2360 3253 2394 3304 93
2411 3281 2449 3288 -
2468 3253 2514 3304 hu·

522 3367 559 3406 e-
575 3345 632 3392 erat
651 3339 716 3392 inter
736 3339 826 3392 millies
845 3343 952 3392 centena
967 3337 1165 3406 milliaquias-
1252 3341 1338 3392 64444
1357 3369 1391 3378 -
1412 3343 1449 3392 444
1469 3341 1664 3392 munimentum
1690 3339 1785 3404 capitis
1804 3339 1841 3392 Vl
1877 3341 1918 3392 ius
1947 3339 2038 3394 muudi
2066 3339 2308 3392 citissime'transit
2337 3337 2389 3392 494
2416 3339 2451 3390 69
2477 3369 2515 3378 -

524 3425 648 3480 sistebant
668 3433 726 3480 ante
745 3429 828 3480 ileum
849 3425 912 3482 ibid.
931 3455 968 3466 -
989 3435 1045 3478 erat
1061 3425 1097 3478 de
1115 3441 1165 3478 nu·
1201 3427 1251 3480 449
1272 3441 1299 3480 4.
1317 3427 1353 3478 96
1565 3439 1566 3442 ’
1876 3427 2040 3480 mundanum
2057 3431 2097 3480 est
2111 3427 2334 3480 contemnendum
2353 3427 2405 3480 495
2424 3427 2459 3480 69
2476 3457 2513 3466 -

524 3529 600 3568 meru
613 3517 715 3570 illorum
729 3517 776 3584 qui
788 3521 848 3570 sunt
860 3515 1071 3570 administratorii
1092 3515 1165 3580 spiri·
1247 3517 1425 3578 Gulussa-
1439 3515 1633 3580 transmigratio
1655 3517 1841 3582 interpretatur
1875 3517 1911 3568 de
1928 3515 1998 3568 huno
2026 3515 2172 3580 transitorio
2193 3521 2232 3568 est
2249 3517 2388 3568 ruinosum
2407 3517 2459 3568 963
2477 3517 2514 3568 33

524 3611 566 3658 444
578 3605 604 3658 44
623 3607 795 3658 ministerium
808 3605 880 3658 missi
893 3603 1113 3658 ibid-missus
1124 3613 1166 3660 est
1200 3607 1234 3658 vl
1253 3605 1351 3658 9968.
1369 3605 1413 3658 644
1431 3603 1484 3658 434
1499 3607 1547 3658 99.
1568 3605 1619 3658 664
1638 3603 1788 3666 ividem
1799 3611 1841 3658 est
1927 3631 1966 3646 -
1982 3605 2040 3658 Non
2057 3601 2097 3658 est
2114 3603 2285 3670 gaudendum
2314 3605 2341 3656 in
2364 3603 2515 3674 miraculis,

524 3693 1164 3764 elloquietexplieareibid.-apparuitlianieli
1200 3691 1275 3760 quod
1302 3693 1497 3758 transmigratio
1517 3693 1771 3758 4444444444444444,
1795 3699 1841 3746 aul
1876 3693 1924 3746 sed
1952 3693 2085 3758 potiusin
2103 3693 2238 3744 tormentis
2267 3699 2291 3744 44
2318 3691 2443 3746 conviciis
2469 3691 2514 3744 Vll

527 3785 675 3838 allocutus
691 3789 733 3836 est
749 3783 773 3834 ei
794 3783 971 3836 docens·eum
994 3781 1056 3836 ibid.
1075 3782 1106 3834 94
1128 3783 1164 3836 49
1199 3787 1256 3836 4444
1276 3781 1333 3844 4444
1352 3781 1476 3834 volubilis
1492 3781 1527 3832 Vl
1546 3781 1597 3854 545
1615 3781 1632 3834 5
1652 3809 1685 3820 -
1706 3787 1760 3834 erat
1780 3779 1840 3834 con·
1875 3783 1926 3834 963
1949 3783 1980 3834 33
1998 3811 2034 3820 -
2052 3781 2108 3834 Non
2128 3785 2167 3834 est
2185 3781 2355 3846 gaudendum
2384 3781 2416 3832 de
2443 3781 2514 3834 dono

492 3925 496 3932 s
572 3901 613 3936 ¹-
629 3871 679 3946 Per
696 3861 845 3924 Gabrielem
870 3871 1024 3936 mysterium
1049 3871 1164 3924 incarna·
1200 3871 1293 3924 finium
1312 3869 1470 3922 ludaeorum
1496 3869 1668 3934 algentium
1686 3869 1838 3938 6449143
1874 3871 1932 3922 licet
1952 3869 2079 3922 divinitus
2096 3883 2234 3932 concesso,
2255 3883 2288 3922 ne
2306 3869 2340 3922 sit
2356 3871 2461 3922 occasio
2471 3883 2516 3920 su-

524 3961 603 4014 444444
627 3947 793 4024 praedictum
820 3961 869 4012 luit
893 3961 993 4014 Danieli
1013 3960 1055 4012 Vll
1074 3961 1104 4016 94
1129 3959 1164 4012 49
1199 3967 1235 4000 ω’
1253 3961 1283 4012 44
1301 3957 1413 4034 Galilaea
1431 3955 1550 4012 Christus
1566 3957 1717 4024 concipitur
1735 3957 1785 4010 494
1804 3957 1839 4010 49
1874 3955 1983 4022 perblac
2001 3963 2028 4010 44
2043 3969 2092 4020 per
2110 3969 2275 4024 consequens
2293 3957 2386 4010 ruinae
2403 3953 2466 4010 ibid.
2477 3967 2515 3994 —-‘

574 4077 613 4114 ,-
629 4049 787 4116 confortavit
812 4049 967 4102 Zachariam
993 4063 1043 4112 per
1064 4031 1165 4102 denun·
1252 4067 1289 4086 ν-
1306 4047 1377 4100 blare
1396 4047 1525 4100 Galilaeae
1538 4047 1631 4102 dicitur
1647 4063 1665 4120 a
1682 4045 1791 4126 regione
1803 4047 1839 4100 Vl
1874 4045 2050 4102 Gaudendum
2070 4051 2122 4108 est,
2142 4045 2204 4112 qrria
2221 4045 2328 4098 numina
2344 4045 2441 4112 scripta
2455 4051 2516 4098 sum

525 4137 660 4192 tialionem
679 4137 757 4192 loturi
787 4127 930 4204 conceptus
957 4139 1000 4192 644
1023 4137 1055 4190 46
1076 4139 1110 4212 49
1127 4169 1165 4178 -
1202 4139 1251 4192 348
1274 4139 1297 4190 9.
1316 4135 1368 4188 549
1388 4139 1404 4188 9
1428 4177 1429 4180 ,
1875 4135 1901 4190 in
1919 4135 1985 4190 libro
2004 4135 2075 4188 vilae
2091 4131 2125 4188 ib.
2145 4131 2231 4186 34-
2251 4133 2331 4188 debet
2347 4147 2405 4188 esse
2416 4135 2445 4186 44
2458 4135 2516 4198 Spi-

523 4227 643 4300 instrunt
662 4227 813 4280 Zachariam
833 4227 1010 4294 praedicendo
1023 4227 1124 4292 prolem
1139 4235 1166 4282 et
1252 4255 1289 4264 —-
1303 4225 1412 4276 Galilaei
1428 4225 1551 4278 dicuntur
1569 4223 1707 4278 credentes
1724 4223 1749 4276 in
1769 4225 1840 4278 Chri·
1875 4225 1925 4278 ritu
1946 4231 2046 4288 444444,
2065 4237 2116 4294 4444
2138 4223 2162 4274 44
2181 4237 2260 4276 carne
2277 4223 2329 4276 964
2347 4225 2382 4276 36
2401 4223 2516 4276 -Gau

523 4315 636 4368 nominis
655 4315 851 4380 impositionem
868 4313 904 4368 ib.
923 4315 956 4370 96
970 4315 1167 4370 -consolatur
1201 4321 1270 4370 stum
1289 4313 1322 4366 64
1344 4313 1395 4366 369
1414 4311 1448 4364 46
1469 4339 1502 4352 --
1522 4313 1625 4366 Galilaei
1654 4315 1728 4366 eraut
1750 4311 1841 4366 durio·
1875 4315 1993 4366 dandum
2011 4313 2046 4376 de
2065 4311 2236 4378 providentia.
2259 4309 2304 4364 Dei
2330 4309 2515 4378 irreprehensi·
2597 4343 2600 4352 „

523 4405 675 4470 Zachariam
685 4405 894 4470 praenuntiando
904 4419 1074 4460 communem
1082 4407 1167 4460 exsul·
1201 4417 1242 4458 res
1262 4403 1296 4456 46
1313 4401 1478 4456 credendum
1490 4401 1542 4454 366
1555 4401 1590 4454 69
1603 4429 1639 4442 -
1651 4401 1756 4456 Galilaei
1770 4399 1840 4456 Chri·
1875 4399 1919 4456 bili
1938 4399 1971 4456 ib.
1990 4403 2025 4454 38
2043 4429 2079 4438 -
2096 4399 2271 4454 Gaudendum
2288 4405 2329 4454 444
2343 4399 2386 4470 64·
2397 4399 2515 4466 potentia

523 4495 646 4558 tationem
667 4491 700 4546 ib.
722 4495 748 4548 94
773 4523 807 4536 -
827 4495 924 4548 missus
947 4495 995 4548 luit
1014 4495 1047 4548 ad
1066 4507 1166 4564 annun·
1201 4499 1271 4548 stum
1293 4491 1427 4558 paulisper
1457 4493 1585 4544 honorare
1610 4495 1756 4558 coeperunt
1782 4505 1841 4556 pro·
1877 4491 1922 4544 Dei
1943 4489 2199 4554 incomprehensibili
2217 4489 2270 4542 966
2288 4489 2379 4540 39·-
2395 4489 2515 4554 Gaudeo·

452 4631 453 4636 ,
523 4583 639 4636 liandam
658 4565 825 4636 ,nativitatem
848 4583 948 4636 loannis
973 4583 1104 4648 Baptistae
1129 4585 1164 4636 48
1202 4587 1258 4648 pter
1278 4579 1404 4634 miracula
1415 4601 1419 4620 ι
1430 4577 1467 4634 ib.
1482 4579 1514 4630 44
1537 4609 1573 4618 -
1592 4579 1696 4632 Galilaei
1721 4579 1839 4646 quodam
1876 4581 1941 4636 dum
1960 4579 1993 4632 de
2012 4579 2157 4646 praeseutia
2175 4577 2222 4630 Dei
2240 4575 2406 4632 desiderabili
2426 4575 2460 4632 ib.
2480 4575 2510 4628 44

524 4673 553 4724 34
577 4671 685 4738 -qula
699 4671 822 4726 tortitudo
836 4671 881 4724 liei
895 4673 1164 4738 interpretatur,mis-
1201 4669 1282 4722 modo
1300 4667 1457 4732 credebant,
1469 4669 1588 4734 quodam
1600 4669 1679 4722 modo
1693 4681 1744 4720 non
1759 4667 1791 4720 ib.
1804 4665 1839 4722 49
1875 4699 1911 4708 -
1928 4681 2025 4720 verum
2041 4681 2075 4718 ex
2092 4673 2206 4732 quatuor
2222 4665 2310 4718 causis
2328 4665 2381 4718 963
2399 4665 2434 4718 34

499 4751 500 4756 ’
524 4775 568 4814 444
595 4759 641 4812 4444
669 4763 815 4814 4444444444
845 4761 972 4826 pavidum
998 4761 1164 4814 sacerdotem
1202 4787 1235 4798 --
1254 4757 1358 4810 Galilaei
1378 4761 1452 4810 erant
1469 4757 1560 4810 rustici
1579 4755 1629 4810 968
1651 4757 1698 4810 464
1928 4787 1965 4796 --
1981 4753 2162 4808 Gaudentihus
2181 4769 2198 4806 a
2214 4753 2327 4808 Domino
2349 4753 2445 4806 dicitur
2462 4765 2514 4804 444

524 4849 677 4902 Zachariam
695 4847 759 4902 ibid.
779 4877 812 4888 --
831 4849 964 4916 loqrrendo
977 4849 1104 4914 expressit
1120 4863 1164 4906 ve·
1254 4849 1362 4900 (4444444
1380 4873 1417 4886 -·
1433 4861 1481 4900 sua
1494 4845 1591 4910 pietate
1603 4849 1629 4898 et
1642 4843 1775 4908 vigilantia
1787 4857 1841 4898 mo·
1877 4847 1911 4900 64
1929 4847 1964 4898 56
1980 4859 2010 4898 4.
2021 4843 2037 4896 5
2049 4873 2085 4882 -
2096 4843 2187 4898 Plures
2205 4847 2308 4906 oportet
2326 4841 2419 4894 tristari
2432 4855 2514 4908 quam

524 4939 641 5002 ritatem,
661 4939 864 5002 evangelizando
878 4937 1163 4992 nuntiavilhouitatem
1201 4941 1279 4990 vetur
1295 4935 1330 4990 ad
1354 4937 1440 5000 pullos
1465 4939 1489 4988 et
1518 4947 1562 4988 eos
1590 4939 1731 4998 congregat
1751 4939 1776 4986 et
1792 4933 1841 4984 alis
1879 4931 2130 5000 gunderamni
2352 4939 2354 4942 ·

524 5021 588 5080 itia
827 5037 828 5040 ’
1201 5023 1316 5080 64444644
1336 5023 1378 5076 644
1399 5023 1451 5076 364
1469 5021 1503 5074 44
1931 5047 1965 5060 μ
1982 5025 2023 5072 444
2040 5019 2134 5084 triplex
2151 5019 2185 5070 Vl
2205 5017 2257 5068 668
2274 5031 2303 5068 4.
2323 5017 2354 5068 94
2368 5045 2403 5056 -
2414 5022 2515 5080 lempu-

575 5143 612 5152 -
629 5115 727 5168 missus
749 5115 800 5168 ¹luit
828 5115 863 5168 ad
890 5113 1101 5170 anntrnliandum
1128 5115 1164 5168 in·
1253 5113 1350 5164 4444444
1367 5139 1403 5150 -
1419 5109 1548 5176 significat
1568 5109 1777 5174 praedicatorem
1805 5107 1840 5158 Vl
1877 5109 1930 5160 rate
1949 5119 2001 5160 uon
2020 5111 2060 5158 est
2077 5105 2235 5170 petendum,
2262 5105 2325 5170 44444
2342 5111 2383 5158 444
2400 5119 2514 5170 vanum,

524 5203 681 5256 carnationis
694 5203 857 5268 mysterium,
870 5209 900 5254 44
911 5203 1044 5266 reparatio
1055 5215 1164 5266 respon·
1202 5199 1287 5254 6446
1456 5205 1463 5218 “
1877 5195 2004 5258 mixtum,
2021 5191 2316 5246 momentaneum-ibid.
2333 5191 2514 5258 -spirituale

523 5291 585 5344 deat
602 5291 687 5356 lapsui
707 5297 732 5344 et
749 5291 866 5354 impletio
885 5289 1054 5354 promissioni
1074 5289 1116 5340 644
1128 5293 1158 5342 94
1253 5287 1370 5338 Gadaum
1389 5311 1423 5344 ···,
1442 5295 1488 5356 cer
1508 5283 1597 5336 dilatat
1614 5289 1641 5334 et
1662 5281 1780 5344 ¹calefacit
1805 5281 1839 5332 ab
1876 5287 1914 5336 444
1933 5281 2126 5348 appetendum,
2144 5287 2184 5332 est
2202 5281 2292 5346 triplex
2312 5279 2374 5334 ibid.
2387 5311 2421 5320 —
2435 5287 2514 5334 aeter·

524 5377 604 5430 li-
622 5377 895 5442 lpsisolirerelatum
913 5377 962 5430 luit
979 5375 1163 5430 incarnationis
1203 5371 1318 5426 interiori
1338 5357 1380 5422 iu
1400 5367 1452 5422 344
1473 5369 1507 5422 43
1525 5397 1561 5416 -
1579 5369 1737 5422 44444444444
1751 5369 1783 5422 64
1805 5369 1839 5422 96
1877 5371 1934 5422 nale
1959 5375 2000 5442 est
2025 5369 2211 5436 postulandum
2241 5375 2266 5422 et
2293 5369 2514 5434 desiderandum,

524 5465 678 5530 mysterium
698 5469 759 5518 ante
777 5465 964 5516 revelationem
990 5461 1085 5514 heatae
1110 5463 1164 5516 lla·
1202 5461 1256 5512 449
1275 5487 1310 5520 <—
1329 5457 1437 5510 44444444
1457 5455 1552 5522 decipit
1571 5455 1633 5512 ibid.
1877 5459 1940 5528 qttia
1957 5465 1997 5512 est
2014 5467 2124 5526 rerum,
2150 5460 2268 5524 plenum,
2280 5465 2423 5514 ¹aeternum
2450 5457 2514 5514 ibid.

522 5551 576 5604 riae
594 5551 696 5616 vlrgiui
717 5553 826 5616 4444444,
845 5555 870 5602 44
888 5551 949 5602 4644
969 5549 1019 5614 ipsi
1037 5563 1164 5614 congrue·
1252 5545 1363 5598 -Non
1384 5545 1575 5612 gundacare,
1601 5545 1652 5598 nisi
1675 5545 1722 5612 qui
1742 5545 1839 5610 gaudet
1875 5577 1909 5588 --
1929 5547 1994 5602 caeli
2012 5555 2050 5602 est
2073 5547 2200 5614 gaudium
2227 5563 2336 5614 verum,
2364 5549 2426 5616 quia
2450 5563 2514 5614 gau·

523 5637 566 5692 bat
587 5641 704 5692 olllcium
721 5637 858 5704 legationis
876 5635 940 5692 ibid.
959 5665 992 5674 -
1007 5635 1102 5690 missus
1116 5639 1164 5692 luit
1202 5635 1227 5688 in
1245 5635 1328 5688 corde
1346 5635 1379 5686 64
1399 5633 1451 5686 668
1468 5649 1495 5686 4.
1515 5633 1548 5686 94
1568 5663 1602 5672 --
1622 5633 1670 5702 Qui
1688 5637 1839 5700 plenegau·
1876 5639 1950 5692 dium
1967 5637 2055 5692 cordis
2073 5635 2135 5692 ibid.
2152 5667 2189 5676 -
2206 5637 2339 5704 spirituale
2351 5637 2466 5704 disponit
2478 5637 2514 5692 ad

470 5759 471 5762 ,
520 5725 547 5778 44
575 5725 708 5780 civilatem
734 5725 864 5778 Galilaeae
896 5725 928 5780 ed
948 5725 1163 5792 significandum,
1201 5725 1244 5778 det
1262 5725 1334 5786 vult,
1351 5723 1414 5776 alios
1432 5737 1524 5776 secum
1541 5721 1658 5788 gaudere
1679 5721 1730 5776 987
1752 5725 1784 5776 59
1803 5751 1840 5766 -
1876 5731 1949 5782 aetus
1964 5727 2115 5794 spirituales
2133 5725 2248 5788 644664
2267 5727 2301 5780 66

521 5815 684 5882 qarodillum
705 5815 779 5868 yenit
796 5815 1027 5880 annuntiasset
1048 5815 1163 5880 promis
1201 5813 1290 5866 Nullus
1308 5811 1407 5878 gaudet
1424 5813 1538 5878 perlecta
1558 5813 1605 5866 nisi
1625 5825 1749 5866 excausa
1762 5817 1785 5866 et
1799 5827 1838 5866 ra·
1889 5823 1890 5828 ’
1928 5845 1962 5854 -
1985 5817 2097 5870 Eilectus
2126 5815 2267 5870 mansionis
2295 5817 2322 5870 in
2347 5815 2449 5872 Christo
2474 5821 2514 5888 est

522 5917 566 5956 sus
586 5907 641 5956 erat
659 5899 781 5956 abranae
806 5901 842 5956 ib.
870 5903 904 5956 43
923 5901 1005 5956 -in
1029 5903 1162 5958 denuntia·
1200 5903 1271 5958 lione
1288 5903 1333 5956 Vll
1352 5901 1385 5956 49
1404 5899 1440 5956 94
1457 5903 1610 5970 -plenum
1625 5901 1740 5956 consistit
1754 5903 1779 5956 44
1793 5903 1838 5956 do·
1875 5905 2002 5972 gaudium
2020 5905 2048 5956 in
2066 5905 2195 5970 praesenti
2207 5911 2234 5956 et
2247 5905 2375 5970 gaudium
2387 5905 2414 5956 44
2427 5907 2513 5958 lutura

522 5991 592 6050 bone
608 5999 753 6058 conceptus
782 5991 860 6046 444444
889 5991 1010 6058 procedit
1035 5997 1162 6060 tanquam
1201 5989 1271 6046 libus
1296 5991 1401 6046 animae
1427 5997 1455 6046 et
1478 5993 1598 6058 corporis
1627 5991 1659 6046 64
1680 5989 1730 6044 464
1751 5991 1782 6046 38
1803 6019 1838 6032 -
1877 5993 1907 6046 64
1928 5991 1977 6044 448
1999 5991 2030 6044 49
2043 6005 2190 6056 -purum
2208 5995 2262 6058 est,
2279 6005 2333 6058 quo
2352 5993 2433 6044 humo
2451 6005 2514 6056 gau·

521 6079 607 6134 bonus
625 6084 715 6134 rhetor
732 6081 809 6136 valde
829 6081 1000 6136 4464444499
1022 6079 1060 6134 46
1201 6079 1454 6136 desiderandumin
1478 6079 1603 6148 onrnibus
1629 6079 1690 6136 ibid.
1708 6109 1745 6120 -
1764 6079 1838 6132 l'leue
1875 6081 1962 6136 64444
1981 6079 2108 6144 Domino,
2128 6093 2181 6132 non
2204 6079 2232 6132 in
2259 6079 2361 6132 mundo
2387 6075 2451 6132 ibid.
2476 6107 2514 6136 ,-

574 6199 609 6208 -
627 6183 644 6222 a
662 6169 816 6224 salutatione
836 6171 860 6224 ln
881 6185 928 6224 suo
949 6171 1070 6236 ingressu
1089 6185 1161 6226 sum·
1201 6171 1299 6238 gaudet
1323 6169 1368 6238 qui
1391 6169 1470 6242 habel
1485 6169 1560 6238 ,quod
1580 6169 1711 6224 desiderat
1729 6167 1783 6222 984
1803 6167 1836 6222 59
1875 6175 1992 6224 nostrum
2011 6169 2168 6236 impletura
2196 6169 2294 6234 gaudio
2318 6169 2423 6222 Domini
2449 6165 2512 6224 ibid.

521 6259 573 6326 psit
591 6259 728 6314 exordium
747 6261 839 6312 64499
858 6257 893 6312 46
911 6289 948 6302 -
964 6259 990 6330 in
1010 6259 1162 6322 salutatione
1199 6289 1234 6298 -
1260 6259 1396 6324 Optimum
1413 6259 1521 6326 signum
1539 6265 1593 6324 est,
1612 6271 1674 6312 cum
1698 6259 1759 6324 uuis
1775 6269 1838 6322 gau·
1874 6285 1909 6300 -·
1928 6259 2048 6310 Gaudere
2069 6259 2148 6312 debet
2166 6261 2248 6310 homo
2265 6259 2392 6310 memoria
2411 6259 2513 6310 laturae

522 6351 607 6412 captat
626 6349 743 6412 Virginis
763 6347 986 6412 benevolentiam,
1006 6347 1083 6412 erigit
1104 6349 1162 6402 eius
1201 6349 1245 6414 del
1264 6349 1296 6400 de
1324 6347 1430 6418 alterius
1457 6347 1608 6400 exaltatione
1637 6361 1698 6400 cum
1721 6361 1770 6400 sua
1796 6345 1838 6400 de·
1876 6347 1972 6414 gloriae
2001 6345 2028 6398 94
2053 6349 2115 6400 4.8

467 6485 469 6492 .
521 6435 708 6490 confidentiam
721 6441 746 6490 et
759 6435 863 6490 exhibet
876 6433 1161 6490 eirererentiamt'bld.
1200 6421 1336 6502 pressione
1352 6433 1389 6490 ib.
1406 6433 1442 6488 53
1694 6447 1695 6452 ’
1811 6485 1812 6488 ,
1928 6463 1962 6482 -
1979 6433 2143 6502 quadruplex
2162 6433 2192 6488 in
2209 6433 2293 6500 gloria
2306 6433 2350 6488 644
2366 6433 2415 6488 469
2430 6435 2462 6488 89
2477 6463 2511 6472 -

521 6553 556 6566 --
575 6525 702 6580 salutatio
720 6525 839 6592 angelica
861 6523 1012 6580 continebat
1028 6521 1163 6590 44464464-
1253 6553 1288 6586 -ψ
1307 6523 1388 6580 debet
1407 6529 1557 6592 temperare
1575 6523 1704 6578 tristitiam
1729 6525 1764 6580 Vl
1785 6523 1836 6578 463
1875 6523 1914 6578 dd
1937 6523 2065 6590 gaudium
2083 6519 2253 6578 beatitudinis
2279 6523 2386 6578 venient
2403 6523 2450 6592 qui
2469 6537 2513 6576 ve·

521 6619 601 6666 44444
618 6611 764 6678 melantiae
782 6613 816 6664 aa
836 6595 918 6664 aa'-
930 6613 1110 6666 denuntiando
1124 6613 1163 6666 m·
1201 6613 1233 6666 44
1252 6643 1288 6652 -
1307 6597 1427 6666 candere
1447 6613 1473 6664 n
1493 6613 1702 6668 urnurauonmus
1718 6619 1838 6678 estopus
1875 6613 1977 6666 444444
2005 6613 2130 6680 auarum,
2156 6613 2268 6678 diligunt
2287 6619 2313 6666 er
2336 6611 2436 6666 rectum
2458 6611 2511 6664 aar

428 6699 432 6710 ⁸
522 6699 680 6754 carnationis
699 6701 853 6764 mysterium
868 6699 990 6766 exprimit
1004 6697 1110 6752 divinae
1123 6713 1163 6752 ac·
1199 6701 1387 6770 arduissimum
1414 6703 1459 6754 Vll
1489 6701 1539 6754 456
1562 6701 1595 6754 55
1615 6703 1696 6756 -in
1721 6715 1770 6768 spe
1799 6715 1837 6754 ex·
1877 6703 1909 6754 69
1928 6729 1962 6740 -—
1982 6701 2075 6754 Omnia
2093 6705 2171 6754 444444
2189 6701 2331 6766 gaudium,
2351 6703 2457 6770 quando
2471 6701 2513 6754 tri·

521 6787 649 6850 ceptionis
671 6787 883 6852 heneplacitum,
908 6785 1056 6838 salutiferae
1077 6789 1161 6840 iacun·
1199 6789 1338 6842 auditionis
1357 6789 1555 6856 concipituer
1576 6787 1627 6844 479
1646 6789 1681 6844 95
1701 6789 1837 6846 -estin
1875 6789 1944 6848 stitia
1958 6793 2077 6844 vertetur
2090 6787 2259 6854 ingaudium
2277 6789 2376 6844 64669
2389 6787 2464 6842 mil
2477 6815 2512 6828 -

521 6871 634 6928 dationis
660 6871 835 6940 beneficium,
859 6873 1010 6928 nasciturae
1027 6873 1108 6938 prolis
1128 6877 1161 6928 la·
1200 6875 1352 6930 contritione
1372 6877 1400 6930 34
1424 6877 1487 6934 4.,44
1507 6877 1592 6932 -de
1616 6883 1755 6944 peccatore
1777 6891 1837 6944 pue,-
1876 6881 1974 6932 Servus
1991 6877 2076 6932 fidelis
2094 6891 2148 6930 non
2160 6879 2247 6932 solum
2258 6877 2355 6942 accipit
2369 6877 2511 6942 gaudium,
