5900 8266
982 545 1176 612 COMMENT.
1198 543 1238 610 IN
1258 543 1499 610 avuncunlum
1521 541 1638 610 Lucan
1664 541 1694 608 C.
1720 540 1767 608 XI.

392 721 694 810 appropinquarit,
709 721 778 790 ideo
801 723 937 790 maxime
958 721 1059 790 verba
1079 721 1146 790 eius
1164 721 1302 804 suscepit
1316 725 1348 788 et

391 829 459 894 aliis
483 829 666 920 reservavit.
684 829 759 892 Nam
773 845 873 912 supra
887 829 1024 894 secundo
1038 829 1050 868 ¹
1064 825 1196 894 dieitur:
1220 853 1237 886 c
1251 825 1347 892 illaria

392 933 595 998 conservabat
627 931 732 998 omnia
755 931 852 1000 rerba
883 933 959 1000 haec
985 959 1014 998 n.
1039 931 1125 1000 Unde
1150 939 1238 1000 recte
1266 931 1347 998 desi-

391 1045 483 1124 gnata
506 1037 567 1106 fuit
586 1057 646 1122 per
669 1057 788 1106 urrant
810 1035 952 1124 foederis
978 1039 1130 1118 Domini,
1152 1039 1193 1106 de
1223 1057 1286 1126 qua
1309 1037 1348 1104 ad

391 1145 546 1212 Hebraeos
578 1147 771 1210 normula
803 1165 868 1230 qna
896 1153 964 1212 erat
988 1163 1071 1212 urna
1100 1165 1197 1214 aurea
1229 1147 1347 1214 babens

391 1267 507 1316 manna
525 1275 563 1330 »,
592 1267 650 1334 per
681 1250 812 1316 multam
844 1249 1043 1316 devotionum
1073 1251 1249 1330 curitotis,·
1277 1277 1295 1310 c
1316 1257 1347 1318 et

392 1355 480 1440 virga
511 1355 611 1422 Aaron
634 1381 666 1434 u,
690 1373 748 1438 per
772 1357 903 1424 multam
935 1355 1163 1422 rectitudinem
1193 1357 1347 1434 uirtutis,-

396 1485 412 1518 α
428 1465 459 1526 61
482 1459 606 1526 tabulae
638 1459 804 1526 testimonii
825 1485 857 1538 u,
887 1477 944 1544 per
974 1461 1105 1528 multam
1133 1461 1348 1546 sepultionem

391 1563 673 1648 contemplacionis
695 1563 853 1630 ueritatis.
872 1599 913 1612 -···
935 1563 970 1630 Et
995 1563 1062 1648 ipsa
1081 1565 1176 1630 etiam
1197 1565 1257 1630 luit
1285 1583 1348 1630 ma-

391 1667 476 1734 xime
500 1667 750 1754 contemplativa.
773 1667 861 1736 Unde
878 1667 1063 1736 'bernardus
1073 1669 1101 1736 2:
1131 1693 1146 1726 (ι
1171 1669 1347 1734 866161116-

391 1773 439 1840 616
466 1773 742 1858 profundissimam
764 1775 888 1840 divinae
919 1775 1105 1860 sapientiae,
1121 1777 1221 1840 ‘ultra
1250 1793 1345 1860 qnam

391 1879 474 1946 credi
500 1879 619 1958 valeat,
642 1883 818 1964 penetrarit
846 1881 1011 1966 abyssum,
1035 1887 1071 1947 ut
1102 1885 1257 1968 quantum
1280 1881 1347 1948 sine

390 1975 544 2070 personali
569 1987 686 2052 unione
704 1991 870 2052 creaturae
894 1985 1029 2052 conditio
1052 1987 1187 2070 patitur,
1208 1985 1254 2050 illi
1282 1985 1344 2052 luci

390 2091 593 2158 inaccessibili
617 2091 762 2164 rideatur
783 2091 933 2158 immersa
954 2117 986 2156 ».
1011 2093 1048 2158 Et
1070 2091 1149 2158 Beda
1163 2093 1194 2158 3:
1226 2119 1242 2152 «
1264 2091 1345 2176 Quid

390 2197 429 2264 de
452 2197 516 2264 Deo
538 2215 598 2262 non
626 2197 777 2282 sapiebat,
803 2197 918 2282 inqua
941 2197 1091 2284 sapientia
1108 2197 1162 2264 Dei
1186 2197 1301 2264 latebat
1315 2203 1346 2266 et

391 2303 481 2368 cuius
506 2299 586 2368 uteri
611 2309 735 2386 corpus
752 2301 810 2368 sibi
831 2301 957 2386 aptabat
973 2309 1014 2368 »l

2276 561 2278 568 ’
2303 555 2367 630 277

1499 721 1552 788 80.
1575 721 1613 789 Et
1628 721 1673 790 sic
1690 725 1791 806 patet,
1808 717 1965 804 quomodo
1980 719 2064 786 istud
2087 721 2287 808 Euangelium
2303 739 2366 792 non
2385 737 2516 782 Nonarum·

1411 827 1660 912 perhumanum
1691 825 1921 904 inventionem,
1944 825 1998 892 sed
2022 843 2078 910 per
2110 823 2245 892 divinam
2270 829 2366 908 inspi-

1411 931 1593 1000 rationem4
1625 931 1685 1000 luit
1719 931 1907 1000 assumtioni
1940 931 2076 1018 Virginis
2109 931 2364 1018 appropriatum,

1411 1037 1487 1124 quia
1508 1039 1642 1124 Spiritus
1664 1045 1791 1108 sanetus
1805 1037 1918 1106 clausit
1938 1037 1972 1104 in
1994 1055 2032 1104 eo
2049 1037 2184 1124 Virginis
2207 1051 2365 1104 commcn-

1410 1143 1565 1210 dationem
1588 1147 1691 1230 quoad
1715 1145 1947 1212 multitudinem
1981 1143 2294 1230 praerogativarum
2325 1145 2365 1210 ad

1411 1267 1548 1336 quarum
1577 1249 1846 1320 conservationem
1881 1251 2045 1336 subiungit
2073 1249 2106 1318 in
2136 1249 2221 1316 tine:
2251 1247 2366 1318 lturic

1411 1355 1569 1438 optimum
1583 1363 1714 1438 purtem
1739 1355 1848 1440 elegit,
1865 1375 1948 1442 quoe
1972 1375 2038 1422 666
2053 1351 2228 1442 auferetur
2249 1353 2292 1420 uit
2314 1369 2364 1420 cu.

1411 1459 1508 1544 Elegit
1532 1459 1614 1528 enim
1635 1459 1785 1544 optimam
1796 1467 1922 1546 partem
1943 1463 2040 1528 Maria
2061 1467 2094 1528 et
2116 1459 2262 1546 ingratia
2288 1465 2316 1526 et
2333 1457 2365 1528 in

1410 1563 1523 1648 glorian
1550 1565 1579 1630 in
1596 1581 1659 1648 qna
1682 1563 1839 1630 clauditur
1857 1565 1992 1650 Virginis
2007 1567 2076 1632 laus
2093 1567 2232 1652 perlecta
2246 1571 2277 1630 et
2294 1579 2365 1648 pro·

1411 1667 1501 1752 pria3
1525 1667 1712 1734 sicutenim
1739 1667 1812 1734 dicit
1842 1669 2092 1754 Hieronymtrs⁵:
2122 1697 2138 1730 c
2163 1671 2247 1738 Siout
2279 1683 2388 1736 com:

1410 1771 1570 1858 paratione
1592 1771 1647 1838 Dei
1676 1789 1766 1838 nemo
1791 1773 1906 1852 bonna,
1934 1773 1980 1840 sic
1997 1777 2229 1858 comparatione
2258 1775 2365 1846 blatris

1409 1879 1533 1944 Domini
1568 1879 1655 1942 nulla
1687 1877 1848 1944 invenitur
1878 1879 2034 1964 perlecta,
2069 1889 2364 1966 quantumcumque

1409 1985 1580 2052 virtutibus
1605 1983 1721 2050 eximia
1741 1985 1962 2068 comprobetur
1980 2011 2008 2050 u.
2027 1985 2097 2052 Ideo
2119 1987 2365 2058 intermulieres

1409 2091 1477 2176 ipsa
1500 2091 1565 2158 sola
1586 2095 1634 2158 est
1657 2091 1782 2176 optimu
1802 2107 1860 2176 per
1880 2091 2089 2158 omnimodam
2108 2093 2365 2176 superabundan-

1410 2197 1499 2276 tiam,
1521 2197 1641 2262 ratione
1663 2197 1778 2264 cuiusi
1808 2221 1823 2254 «
1839 2215 1896 2264 neo
1921 2197 2053 2282 primam
2068 2197 2200 2264 similem
2226 2197 2292 2264 risa
2317 2209 2364 2270 est

1409 2321 1465 2370 neo
1490 2301 1608 2368 babere
1629 2309 1812 2388 sequentem
1828 2329 1861 2368 ».

1258 2565 1442 2632 Cururunun
1464 2565 1512 2632 XI.

533 2831 626 2888 Tertia
642 2841 704 2902 pars
721 2831 780 2902 agii
800 2831 828 2886 dc
847 2831 929 2886 16666
947 2829 1035 2884 urendi
1056 2829 1207 2902 tripliciter.

482 3051 511 3114 1.
525 3049 567 3114 Et
580 3045 708 3134 suctum
725 3057 786 3126 est,
805 3067 882 3114 curn
896 3055 975 3112 esset
992 3049 1026 3114 in
1043 3049 1188 3136 666666
1201 3031 1270 3112 ’1666
1284 3053 1354 3126 616.

391 3157 557 3238 Postquam
581 3155 708 3220 tradidit
730 3155 891 3238 discipulis
914 3155 1047 3220 formam
1071 3153 1200 3220 docendi
1229 3159 1260 3220 et
1282 3153 1345 3220 ior-

391 3277 472 3326 mam
498 3259 636 3338 uiuendi,
655 3261 689 3326 in
708 3259 766 3326 bat
784 3265 876 3344 parte
894 3259 1006 3326 tribuit
1020 3257 1169 3346 formum
1189 3259 1312 3324 orandi
1322 3259 1345 3338 ⁷,

391 3381 447 3448 per
469 3381 565 3448 quam
590 3363 777 3450 impetratur
800 3365 900 3448 gratia
917 3365 1120 3450 cognoscendi
1144 3373 1176 3430 et
1199 3363 1344 3430 666166-

391 3469 494 3534 66661.
518 3469 615 3534 Habet
637 3475 741 3534 antem
773 3469 851 3536 haec
875 3487 948 3554 pars
977 3469 1083 3556 partes
1106 3475 1188 3550 tres;
1211 3469 1245 3536 in
1267 3487 1345 3554 qua-

391 3593 463 3640 rum
488 3571 588 3660 prima
611 3573 1216 3660 61666111116666611661666666166
1244 3577 1273 3640 in
1299 3593 1345 3640 se-

391 3679 493 3746 cunda
516 3695 590 3744 nero
606 3679 732 3744 additur
756 3679 1005 3756 documentum,
1029 3679 1116 3744 ibii:
1135 3681 1173 3744 lit
1196 3681 1247 3746 uit
1261 3677 1344 3746 illis:

350 3873 351 3878 ἵ
393 3783 474 3850 Cum
500 3781 603 3850 crutis
628 3789 704 3862 etc.;
728 3783 761 3848 in
783 3781 877 3850 tertia
899 3781 1101 3868 subiungitur
1125 3785 1273 3852 orationis
1295 3783 1346 3850 in·

391 3893 622 3970 citumentum,
647 3889 705 3956 ibi:
723 3893 764 3956 m
786 3889 836 3956 uit
852 3889 897 3956 od
920 3889 1009 3956 illos:
1028 3891 1110 3972 Quis
1126 3899 1269 3958 uestrum
1286 3895 1344 3958 616.

478 3997 569 4062 Circa
597 3997 762 4062 orationis
790 3995 973 4080 66666166
997 3997 1061 4062 666
1082 3995 1343 4062 introducuntur:

225 4115 375 4162 morarius
391 4101 528 4186 primum
554 4107 600 4168 est
630 4099 814 4168 sollicitudo
838 4099 972 4166 Domini
1004 4101 1049 4168 66
1079 4097 1266 4180 erundum,
1300 4117 1347 4166 se·
1368 4155 1373 4174 a„

245 4171 359 4318 ιὲῗιὲἔὲιιιῗν
392 4207 530 4274 eundum
561 4213 607 4272 est
635 4205 891 4292 promptitudo⁹
923 4207 1165 4292 discipulorum
1198 4207 1244 4272 ud
1271 4205 1345 4270 imi-

326 4309 331 4320 '
392 4313 540 4378 tondum.

479 4411 630 4502 alvers.
656 4417 709 4502 1.).
738 4417 840 4484 Primo
865 4417 960 4504 igitur
984 4423 1138 4503 quantum
1162 4417 1200 4484 ad
1228 4417 1347 4484 sollici·

267 4515 371 4584 Primum·
392 4525 537 4592 tudinem
566 4525 698 4590 Domini
717 4523 753 4588 in
776 4525 903 4590 arundo
928 4513 1119 4590 6161166111
1138 4519 1267 4608 fuctum
1283 4531 1344 4602 est,

392 4631 472 4696 666
486 4631 513 4670 ¹⁰
535 4637 615 4696 esset
636 4629 672 4696 in
688 4629 831 4716 quodum
852 4627 919 4696 luco
937 4639 1059 4706 oruns;
1075 4627 1239 4714 quodum,
1255 4627 1284 4694 id
1301 4637 1348 4696 est

392 4735 529 4800 solitario
553 4741 584 4800 et
599 4739 735 4812 secreto,
753 4733 827 4818 quia
842 4733 915 4798 talia
936 4733 1003 4798 luca
1019 4739 1092 4800 sum
1112 4731 1345 4816 6666616616,

392 4839 567 4906 secundum
589 4839 666 4904 illud
698 4837 842 4906 ltattbaei
875 4845 982 4906 sexto:
1013 4839 1091 4902 «Tu
1124 4843 1243 4918 autem,
1274 4855 1346 4904 cum

402 5209 404 5214 ’
463 5225 471 5258 ¹
493 5227 570 5278 Vers.
589 5225 631 5278 19.
648 5221 814 5278 -Subinde
831 5225 958 5290 allegatur
978 5223 1062 5278 11616.
1079 5225 1109 5290 9,
1130 5225 1152 5276 l.

463 5309 627 5366 'sermm
654 5311 788 5366 Dominioa
817 5313 883 5366 intra
909 5311 1035 5366 Octavam
1055 5313 1169 5366 Assumt.
1196 5313 1225 5364 B.
1251 5315 1280 5366 V.
1301 5315 1349 5364 1116-

393 5403 462 5466 riae,
479 5417 507 5456 n.
526 5403 550 5454 3.
571 5401 715 5468 Respicitur
734 5403 753 5454 1.
767 5403 836 5454 Tim.
858 5403 890 5466 6,
913 5403 963 5452 rc:
983 5403 1080 5454 Lucem
1092 5399 1220 5452 inhabitat
1238 5401 1349 5454 inacces-

394 5491 506 5546 sibilem.
531 5519 568 5532 -
594 5493 720 5558 Superius
746 5505 793 5556 pro
823 5491 858 5546 Et
881 5491 941 5560 ipsu
965 5491 1047 5544 elium
1071 5489 1125 5560 snit
1140 5487 1260 5544 666166
1284 5487 1349 5558 [un

393 5577 527 5644 666166]
548 5581 605 5632 Vat.
626 5593 687 5632 cum
705 5581 726 5632 H
746 5581 808 5648 ipsu
827 5577 898 5632 enim
914 5575 969 5646 suit
985 5577 1106 5632 666166
1127 5575 1161 5644 [Η
1180 5577 1326 5648 6661661

464 5663 573 5722 ³Card.
590 5669 666 5734 Ilugo
688 5667 749 5734 (boc
772 5659 874 5722 166616
898 5665 970 5734 Luc)
992 5669 1085 5734 allegat
1110 5663 1350 5734 6666616666-

394 5755 470 5808 betur
488 5761 576 5808 tamen
594 5757 621 5808 in
640 5757 768 5824 nescim,
785 5755 918 5810 116611.9.
939 5755 962 5806 16
974 5757 1036 5810 Luc.
1053 5755 1098 5818 10,
1120 5755 1161 5808 38.
1175 5767 1263 5820 seam,
1280 5769 1349 5820 quiae

325 5909 327 5914 ,
395 5841 524 5896 invenitur
541 5845 620 5896 etiam
640 5845 665 5896 in
684 5845 834 5896 Humiliario
853 5845 942 5910 (Hom.
961 5841 1003 5896 18.
1022 5845 1058 5896 66
1076 5841 1186 5910 Sanctis)
1205 5843 1275 5894 Pauli
1294 5843 1350 5894 Dia·

287 5961 288 5966 1
395 5931 453 5982 6661
472 5929 582 5996 (iligne,
600 5929 729 5994 patrolog.
750 5923 803 5984 Lat.
824 5935 888 5984 tom.
905 5933 950 5986 95.
968 5945 993 5984 6.
1015 5933 1083 5984 1505
1101 5931 1203 5998 scum),
1222 5931 1268 5998 qui
1288 5937 1350 5984 tem·

395 6031 459 6082 pore
476 6015 561 6070 Caroli
575 6017 660 6082 Magni
679 6019 752 6070 vixit.
764 6019 903 6084 Quomodo
921 6021 987 6070 baec
1000 6019 1119 6086 bomilia,
1133 6019 1152 6070 si
1166 6023 1206 6070 est
1220 6017 1347 6082 Anselmi,

395 6107 419 6158 in
440 6109 489 6160 boc
509 6105 657 6158 llomiliario
676 6105 764 6156 locum
782 6107 903 6158 inuenit?
921 6105 969 6158 1161
988 6119 1004 6158 6
1021 6119 1161 6172 66666666,
1182 6105 1203 6158 61
1220 6111 1261 6158 est
1277 6107 1350 6158 Pauli

395 6193 516 6260 11166661,
535 6207 588 6246 666
605 6197 646 6244 est
662 6193 786 6244 Anselmi.
838 6189 840 6192 ’

464 6281 476 6312 ⁴
495 6283 579 6336 Codd.
596 6281 678 6334 ACD
689 6283 716 6344 11
727 6283 849 6334 omittunt
867 6279 1078 6346 inspirationem.

464 6367 475 6398 ⁵
494 6371 576 6436 Epist.
593 6371 618 6420 9.
638 6367 672 6420 66
697 6369 801 6420 Paulam
827 6373 852 6418 et
871 6367 1054 6434 Eustochium,
1079 6367 1113 6420 66
1132 6367 1297 6420 assumtione
1322 6371 1348 6420 Β.

395 6457 488 6508 litaniae
508 6457 582 6522 Virg.
601 6457 685 6524 (inter
704 6469 783 6520 opera
806 6453 921 6520 Hieron.)
943 6469 966 6508 6.
986 6455 1033 6506 ro:
1059 6453 1137 6508 Siout
1158 6451 1189 6506 in
1212 6465 1350 6520 comparu-

396 6543 465 6598 tione
482 6543 557 6598 Dei...
571 6545 607 6598 itu
621 6547 645 6598 61
657 6543 687 6598 16
698 6541 924 6614 comparatione...
938 6541 1062 6610 quumvis
1075 6537 1217 6594 uirtutibus
1235 6541 1349 6598 euimiis.

447 6627 477 6692 ,⁶,
495 6631 581 6694 Beda,
600 6631 642 6684 111.
660 6631 687 6682 16
705 6633 768 6684 Luc.
787 6633 829 6694 il,
848 6629 898 6694 17,
916 6631 963 6696 qui
980 6631 1043 6700 61161
1061 6627 1211 6692 Sadalam,
1223 6629 1253 6682 ll.
1265 6627 1351 6682 Carm.

396 6721 486 6784 pascb.
506 6719 536 6770 V.
557 6719 600 6770 68.
807 6769 808 6772 ,

467 6799 476 6832 ’
497 6805 546 6860 Cir.
567 6819 647 6870 supra
665 6819 688 6858 6.
709 6807 751 6860 10.
770 6821 795 6876 n,
818 6807 842 6860 1.
861 6801 1350 6870 -16161666666166666666,

1409 2829 1566 2908 66666616,
1591 2829 1675 2896 intra
1695 2829 1727 2896 in
1751 2829 1932 2896 cubiculum
1957 2839 2067 2910 tunm,
2093 2837 2123 2898 et
2138 2833 2245 2900 clauso
2268 2833 2362 2914 ostio,

1409 2955 1465 3004 ora
1489 2939 1612 3004 Patrem
1634 2944 1726 3004 tuum
1756 2935 1790 3002 in
1811 2937 1992 3006 abscondito
2012 2963 2043 3004 n.
2067 2935 2143 3004 Orat
2174 2947 2279 3006 antem
2303 2938 2527 3018 lto-aunuum,

1410 3043 1514 3112 nrinns
1530 3045 1563 3110 in
1577 3051 1813 3130 argumentum
1824 3061 1923 3110 uerno
1934 3039 2166 3124 dumurtitutis,
2177 3043 2267 3110 iuxta
2280 3045 2363 3130 quod
2382 3007 2527 3106 pertenuem

1409 3149 1524 3216 dicitur
1542 3149 1622 3216 intra
1636 3149 1786 3236 vigesimo
1809 3151 1944 3216 secundo
1958 3151 2001 3216 ¹1:
2024 3175 2040 3208 c
2056 3151 2167 3220 Factus
2182 3151 2214 3218 in
2238 3151 2361 3236 agonia,

1411 3253 1567 3340 prolixius
1588 3251 1697 3320 orabat
1713 3279 1745 3320 u.
1763 3255 1799 3318 ln
1820 3253 2050 3322 adiumentum
2063 3263 2197 3322 nostroe
2222 3253 2364 3338 infirmi-

1412 3361 1509 3440 totic,
1533 3359 1704 3426 secundum
1728 3359 1806 3424 illud
1827 3361 1866 3424 ad
1889 3359 2045 3426 Hebraeus
2071 3357 2196 3442 quinto:
2228 3385 2243 3416 «
2259 3359 2364 3424 Eran—
2438 3391 2439 3394 ¹

1410 3467 1496 3532 ditus
1517 3471 1565 3532 est
1592 3465 1625 3532 in
1658 3465 1805 3532 omnibus
1830 3483 1888 3550 pro
1921 3481 1978 3532 sua
2000 3467 2228 3544 reuerentiam
2262 3475 2295 3532 et
2323 3469 2364 3532 ad

1411 3573 1564 3638 Romanos
1598 3577 1724 3638 octavo:
1754 3597 1769 3630 «
1791 3571 1871 3664 Quid
1892 3559 2039 3650 cremum,
2071 3573 2245 3640 secundum
2280 3575 2364 3658 quud

1412 3683 1554 3760 oportet,
1576 3677 1747 3756 nescimus;
1769 3677 1824 3742 sed
1847 3677 1914 3760 ipse
1944 3677 2131 3760 Spiritus»,
2157 3679 2272 3746 scilicet
2302 3679 2365 3744 Do-

1409 3781 1487 3846 mini
1506 3781 1589 3860 Iesu,
1614 3781 1768 3846 «adiuvat
1786 3781 1998 3847 irtfirmitatem
2017 3787 2154 3848 nostram
2168 3811 2195 3848 u.
2214 3783 2365 3850 166666-

1407 3887 1503 3972 6166
1522 3885 1689 3972 perfectue
1718 3885 1873 3964 61616116,Ι
1895 3885 1980 3952 unde
2003 3887 2119 3954 dicitur
2150 3889 2294 3954 blaithaei
2317 3889 2364 3954 vi-

1410 3991 1527 4078 gesimo
1559 3997 1648 4056 sextu
1664 3991 1710 4054 1²:
1744 3991 1908 4076 Postquam
1942 3991 2061 4070 orarit,
2096 3991 2172 4076 ipsis
2204 3993 2365 4078 discipulis

1411 4099 1471 4162 ait:
1502 4095 1661 4180 «Vigilate
1685 4101 1714 4162 et
1738 4101 1837 4174 orate,
1862 4103 1896 4164 ut
1922 4113 1983 4162 nou
2014 4097 2135 4162 intretis
2167 4099 2197 4162 in
2222 4097 2365 4164 tentatio-

1410 4221 1484 4270 nem
1499 4229 1528 4266 ».
1556 4201 1602 4268 Ob
1632 4203 1712 4268 hanc
1745 4201 1835 4268 etiam
1862 4219 1988 4270 causam
2017 4201 2151 4270 orationi
2178 4201 2365 4294 frequenter

1411 4309 1564 4390 instabat,
1586 4315 1624 4374 ut
1652 4307 1797 4388 doceret,
1831 4325 1954 4392 semper
1987 4309 2159 4390 orandum,
2189 4309 2364 4378 secundum

1411 4415 1489 4480 illud
1505 4413 1624 4498 primae
1638 4413 1678 4480 ad
1694 4413 1983 4480 Thessalonicenses
2005 4413 2116 4498 quinto
2129 4415 2171 4480 1³:
2198 4443 2214 4474 «
2233 4415 2366 4482 816616-

1412 4519 1768 4588 1666166166666616».
1796 4519 1829 4584 Et
1848 4519 1980 4606 proiice
2007 4519 2102 4586 etiam
2125 4521 2251 4602 orabat,
2285 4521 2366 4588 siout

1412 4625 1526 4692 dicitur
1552 4643 1647 4710 supra
1671 4631 1777 4692 sexto:
1808 4627 1965 4692 «Factum
1990 4633 2035 4692 est
2052 4651 2086 4704 »;
2117 4633 2185 4694 «et
2207 4627 2274 4712 ipse
2298 4631 2366 4692 erat

1412 4739 1599 4816 pernoctans
1622 4733 1652 4798 in
1685 4731 1824 4798 oratione
1847 4759 1878 4798 22.
1904 4733 1940 4798 Et
1967 4733 2036 4798 ideo
2069 4733 2201 4800 tortasse
2227 4735 2366 4818 tangitur

1412 4837 1463 4904 bic
1493 4837 1581 4904 locas
1612 4837 1767 4926 qnidam,
1793 4845 1827 4906 ut
1859 4839 2055 4918 ostendatur,
2087 4841 2173 4926 qttod
2201 4839 2366 4906 orantibus

1412 5227 1486 5294 quod
1505 5227 1525 5278 H
1545 5227 1651 5292 omittit,
1674 5227 1731 5278 Vat.
1749 5229 1772 5280 61
1790 5227 1860 5280 recle
1883 5225 2025 5280 iudicandi.
2048 5227 2136 5278 Glossa
2162 5223 2304 5280 ordinario
2323 5225 2364 5292 (ex

1411 5315 1494 5382 Beda)
1507 5313 1532 5366 in
1546 5317 1608 5366 Luc.
1624 5313 1668 5378 10,
1690 5315 1698 5364 1
1710 5331 1716 5366 t
1737 5317 1854 5380 ipsarum
1868 5315 1992 5380 pertento
2009 5315 2124 5368 vitarum
2137 5311 2252 5382 [activae
2267 5321 2367 5366 61666-

1412 5401 1591 5470 completivae]
1612 5417 1660 5456 non
1681 5407 1775 5458 nostris
1794 5401 1905 5468 viribus,
1926 5403 1973 5456 sed
1991 5399 2115 5468 precibus
2132 5409 2172 5456 est
2189 5399 2338 5456 obtinenda.
2399 5463 2400 5466 Ἴ

1484 5485 1587 5542 ⁸Vers.
1608 5493 1641 5554 23
1661 5491 1734 5542 tertia
1753 5505 1815 5554 pars
1832 5489 1942 5544 babetur
1959 5505 1989 5542 v.
2009 5491 2034 5542 5.

1483 5575 1495 5606 ⁹
1512 5575 1576 5630 Cod.
1595 5577 1618 5628 ll
1637 5575 1696 5644 (Da
1715 5577 1829 5630 secunda
1843 5577 1935 5646 manu)
1952 5575 2120 5644 6616611666,
2133 5577 2205 5644 quod
2223 5577 2288 5630 intra
2301 5593 2324 5628 n.
2340 5577 2366 5628 3.
2439 5579 2441 5584 '

1412 5665 1491 5716 etiam
1510 5665 1552 5716 alii
1570 5665 1646 5718 codd.
1666 5663 1786 5718 exhibent
1796 5685 1803 5728 ;
1821 5665 1843 5716 G
1862 5665 1983 5728 superius
1996 5669 2019 5716 et
2038 5665 2117 5730 paulo
2135 5665 2242 5716 interius
2255 5677 2304 5728 pro
2316 5661 2368 5716 sul·

1390 5779 1391 5782 ¹
1413 5751 1521 5806 liclludo
1540 5751 1649 5806 Domini
1666 5751 1800 5807 substituit
1816 5751 1932 5808 solitudo
1949 5751 2067 5806 Domini.

1484 5837 1790 5906 101166666611616616
1812 5853 1891 5908 666,
1918 5845 1964 5894 cir.
1987 5857 2011 5894 n.
2036 5845 2059 5894 1.
2078 5847 2105 5894 61
2122 5855 2201 5906 supra
2220 5855 2282 5906 pag.
2303 5839 2368 5902 152,

1412 5934 1474 5980 nota
1494 5929 1518 5980 6.
1530 5957 1566 6000 ,-
1579 5927 1696 5980 Subinde
1707 5929 1833 5992 allegatur
1851 5929 1938 5980 blattb.
1951 5929 1983 5992 6,
1996 5929 2019 5980 6.
2033 5929 2102 5980 Vide
2114 5941 2193 5992 supra
2211 5941 2236 5980 6.
2248 5929 2271 5978 9.
2286 5941 2311 5978 6.
2324 5925 2368 5976 16.

1484 6011 1506 6046 ²²
1527 6017 1602 6070 Vers.
1624 6015 1665 6068 13.
1685 6043 1719 6056 -
1737 6017 1793 6068 Duo
1812 6017 1954 6082 sequiori
1973 6023 2034 6070 sunt
2052 6013 2131 6070 Hebr.
2153 6017 2183 6078 5,
2200 6015 2228 6066 7.
2247 6019 2273 6066 61
2292 6017 2368 6066 Rom.

1413 6107 1445 6168 8,
1463 6103 1620 6158 aa-dm
1637 6105 1759 6156 1118661.
1778 6105 1806 6158 d.
1820 6103 1862 6156 r7.
1879 6119 1902 6154 a.
1921 6107 1944 6156 1.
1964 6119 1992 6170 q.
2012 6105 2040 6170 1,
2060 6101 2106 6156 ubi
2124 6109 2238 6168 quratuor
2254 6103 2370 6156 rationes

1388 6191 1392 6200 ‘
1413 6205 1462 6256 pro
1483 6193 1648 6244 condecentia
1669 6193 1792 6244 orationis
1811 6191 1903 6244 Cbristi
1916 6193 2071 6256 afferuntur,
2090 6191 2144 6242 scil.
2165 6191 2370 6254 66111616,νί6-

1413 6281 1474 6332 tutis
1501 6281 1663 6344 exemplum,
1688 6279 1806 6330 veritatis
1829 6277 1974 6344 [numanae
1998 6279 2117 6344 naturae]
2139 6283 2324 6342 argumentum
2345 6283 2370 6332 et

1413 6367 1529 6420 officinm
1550 6365 1714 6430 explendum.
1733 6393 1767 6406 -
1788 6367 1914 6430 Superius
1934 6379 1983 6430 pro
2000 6377 2079 6418 6666
2097 6363 2282 6426 inormitatis,
2297 6367 2370 6432 quod

1414 6451 1513 6506 babent
1529 6453 1596 6516 BH,
1616 6455 1642 6504 in
1661 6453 1717 6504 attis
1737 6459 1762 6506 et
1780 6455 1838 6506 Vat.
1859 6467 1938 6508 cerae
1955 6451 2129 6508 humilitatis.
2177 6471 2179 6476 ’

1487 6537 1509 6570 ²²
1528 6541 1602 6592 Vers.
1624 6539 1665 6592 11.
1679 6567 1714 6580 -
1726 6541 1817 6594 Glossa
1835 6539 1977 6596 ordinario
1992 6541 2033 6610 (ex
2045 6539 2125 6608 Beda)
2145 6541 2172 6592 in
2190 6541 2251 6594 Luc
2273 6543 2319 6606 -10,
2339 6541 2370 6594 t:

1414 6629 1475 6682 1666
1495 6641 1574 6694 saepe
1591 6631 1709 6682 Salvator
1728 6643 1807 6684 orans
1825 6631 1968 6700 inducitur,
1988 6637 2016 6682 ut
2033 6631 2177 6696 discipulos
2195 6631 2229 6684 ad
2248 6631 2371 6686 orationis

1415 6717 1530 6772 studium
1547 6717 1660 6772 inducet.

1486 6805 1509 6838 ¹³
1527 6809 1603 6862 Vers.
1625 6809 1665 6864 tr.
1685 6837 1718 6850 -
1738 6809 1855 6864 Subinde
1869 6811 2000 6876 ,allegatur
2016 6811 2078 6864 Luc.
2091 6811 2128 6878 ,6,
2148 6811 2190 6862 ll.
