5900 8266
1108 599 1301 668 COhlhlENT.
1323 601 1363 666 ΙΝ
1384 597 1623 666 EVhNGELthI
1646 597 1763 664 nuche
1789 599 1818 664 C.
1846 597 1932 664 XVlL

529 767 813 842 inordinatissimae
836 775 973 844 libidinis
1001 775 1181 840 incendium
1204 781 1238 842 et
1259 775 1422 842 loetorem.
1444 775 1490 840 De

531 877 694 958 incendio,
709 883 750 960 ad
765 883 921 948 Romanos
943 881 1084 966 primol:
1116 881 1346 946 «Exarsernnt
1368 881 1402 946 in
1417 897 1491 946 oon-

520 985 735 1070 eupiseentiis
767 987 849 1054 suis
870 985 898 1052 in
933 985 1083 1064 invicem,
1110 985 1240 1062 maseuli
1270 985 1302 1058 in
1333 985 1491 1052 masculos

532 1093 760 1174 turpitudinem
783 1097 949 1176 operantes
965 1115 981 1150 a
990 1115 997 1170 ;
1013 1089 1053 1156 de
1067 1087 1200 1178 foetore,
1218 1091 1313 1158 Isaiae
1328 1091 1491 1174 trigesimo

532 1205 664 1280 quarto:
696 1221 710 1252 «
726 1199 770 1262 De
795 1195 1001 1262 cadaueribus
1015 1213 1126 1262 eornm
1142 1195 1288 1264 ascendet
1312 1195 1427 1274 loetor,
1443 1203 1490 1262 ta-

530 1301 660 1368 bescent
684 1305 805 1366 montes
827 1315 844 1362 a
869 1299 1019 1384 sangnine
1035 1319 1146 1366 eorum
1164 1327 1181 1360 u
1199 1309 1269 1380 etc.;
1287 1307 1319 1368 et
1334 1301 1489 1368 Psalmns:

537 1431 555 1464 ε(
572 1405 716 1488 Correpti
743 1410 818 1468 sunt
839 1407 872 1468 et
886 1403 1112 1472 abominabiles
1127 1405 1198 1472 laeti
1216 1411 1320 1472 sunt»
1341 1411 1398 1472 eto.
1418 1407 1493 1474 Pro-

533 1519 604 1596 pter
630 1513 705 1578 haee
728 1509 840 1576 merito
866 1519 939 1576 sunt
961 1511 1032 1596 igne
1057 1519 1086 1578 et
1111 1513 1264 1596 sulphure
1280 1513 1468 1578 concremati
1481 1537 1490 1594 ;

530 1615 616 1682 unde
640 1613 858 1680 bernardum:
881 1617 1045 1682 «Flamma
1067 1615 1266 1702 gehennalis,
1292 1635 1410 1682 moram
1428 1637 1491 1684 non

532 1719 705 1800 sustinens,
729 1721 955 1788 exsecrabilem
974 1723 1064 1790 istam
1081 1723 1244 1806 praevenit
1259 1723 1370 1790 tollere
1390 1723 1492 1790 natio-

530 1843 603 1890 nem
629 1843 686 1892 nec
708 1843 769 1898 lton
794 1827 887 1894 eliam
913 1827 1059 1894 tellurem
1076 1827 1192 1912 ipsam,
1208 1831 1317 1912 utpote
1333 1827 1490 1912 consciam

528 1931 865 2014 tantae-confusionis,
888 1933 1042 2000 absumsit
1066 1933 1145 2018 iguis
1169 1939 1200 2000 et
1223 1933 1355 2018 spiritus
1371 1933 1493 2018 procel-

533 2037 686 2104 larum».

534 2195 535 2198 .
624 2147 674 2212 Sl.
700 2145 801 2226 (Vers.
830 2145 906 2230 Sti).
941 2145 1044 2240 Tertio
1067 2155 1221 2230 quantum
1245 2145 1283 2212 ad
1307 2149 1493 2232 exemplum

410 2265 515 2310 Tertium.
533 2251 655 2318 subdit:
682 2251 873 2320 Secundum
896 2251 1002 2318 Ιιιιι3
1023 2253 1105 2330 erit,
1130 2271 1198 2340 qno
1220 2251 1273 2318 die
1304 2251 1413 2318 Filius
1437 2251 1493 2318 ιιι-

531 2357 636 2424 minis
656 2357 867 2424 revelabitur.
891 2359 969 2428 llaec
995 2365 1041 2428 est
1065 2359 1131 2426 dies
1152 2359 1277 2438 iudicii,
1303 2359 1332 2424 in
1358 2359 1494 2444 quatiet

533 2463 695 2538 revelatio,
711 2465 812 2548 ipsius
833 2465 948 2532 Christi
968 2473 1010 2532 ut
1025 2465 1212 2530 Soluntoris
1230 2471 1377 2548 respectu
1395 2465 1494 2530 bono-

533 2587 625 2648 rum;
649 2571 769 2656 primae
793 2571 875 2638 Petri
899 2571 1015 2656 primo:
1046 2569 1277 2638 «Custodimini
1307 2589 1364 2656 per
1387 2571 1493 2650 ladem,

533 2677 566 2742 in
590 2679 722 2746 salutern
760 2683 898 2764 paratam
936 2677 1068 2746 revelari
1103 2685 1245 2764 tempore
1274 2677 1444 2746 nouissimo
1460 2705 1492 2742 ».

533 2785 597 2852 Fiet
622 2785 714 2852 etiam
740 2785 889 2852 revelatio
911 2785 1034 2854 Christi
1061 2785 1184 2852 indicis
1216 2791 1364 2870 respectu
1394 2785 1493 2852 malo-

533 2911 626 2978 rum;
650 2893 770 2976 primae
793 2891 832 2958 ad
868 2893 1045 2974 Corinthios
1076 2893 1235 2978 quartur:
1264 2893 1396 2958 «Nolite
1421 2899 1493 2958 ante

533 3007 658 3086 tempus
679 3001 838 3080 indicare,
863 2999 1070 3088 quoadusque
1099 3001 1217 3068 veniat.
1240 3001 1408 3080 Dominus,
1438 2999 1492 3086 qui

527 3095 567 3174 'et
589 3109 778 3174 illuminabit
802 3109 982 3174 abscondita
1006 3109 1208 3176 tenebrarum
1233 3115 1263 3176 et
1279 3109 1493 3176 manifestabit

534 3211 662 3306 consilia
687 3213 828 3278 cordium
843 3239 876 3278 a.
900 3213 946 3280 De
967 3221 1105 3298 utroque
1123 3213 1216 3280 lsaiae
1233 3215 1494 3300 quinquagesimo

533 3323 644 3382 sexto:
672 3343 689 3374 «
706 3317 798 3382 luxla
822 3325 869 3382 est
891 3319 975 3384 salus
1001 3337 1083 3398 mea,
1107 3327 1143 3386 ut
1172 3319 1293 3398 veniat,
1319 3325 1349 3384 et
1373 3319 1493 3384 iustitia

533 3439 621 3498 mea,
646 3425 681 3486 ul
705 3421 863 3488 reveletur
881 3435 910 3486 »ς
938 3425 1016 3490 Ηιιι
1050 3425 1117 3490 dies
1150 3425 1350 3490 revelationis
1381 3423 1492 3490 similis

533 3535 583 3594 est
603 3527 747 3594 incendio
771 3527 996 3608 Sodomorum,
1019 3531 1093 3616 quia
1109 3531 1140 3598 in
1165 3531 1218 3598 illo
1235 3531 1333 3616 ipsius
1349 3549 1494 3616 praeces-

533 3631 576 3698 sit
597 3633 797 3718 exemplum;
824 3633 853 3698 in
880 3635 1031 3700 Canonica
1056 3635 1191 3702 ludae⁵:
1219 3661 1235 3694 e
1253 3637 1337 3702 Sicut
1361 3637 1494 3702 Sodoma

533 3745 566 3802 et
589 3735 765 3804 Gomorrha
786 3745 819 3804 et
851 3729 1003 3806 finitimae
1037 3741 1179 3808 ciuitates
1203 3739 1293 3808 simili
1319 3743 1410 3808 modo
1436 3741 1511 3806 ex-'

533 3843 706 3912 fornicatae
728 3851 762 3910 et
781 3845 934 3912 abeuntes
961 3853 1030 3930 post
1055 3865 1180 3916 earnem
1214 3849 1363 3928 alteram,
1393 3847 1494 3914 laetae

534 3957 610 4018 sunt
634 3953 834 4036 exemplum,
857 3953 940 4038 ignis
961 3955 1080 4020 aeterni
1104 3973 1236 4040 poenam
1261 3955 1493 4032 sustinentem

534 4063 567 4124 et
589 4057 730 4126 similiter
756 4057 909 4126 secundae
941 4061 1022 4126 Petri
1046 4055 1202 4130 seeundo:
1232 4087 1249 4120 «
1264 4061 1409 4128 Civitates
1440 4063 1495 4126 So-

533 4163 701 4230 domorum
723 4171 756 4230 et
778 4163 1080 4246 Gomorrhaeorum,
1104 4165 1137 4232 in
1167 4165 1305 4234 cinerem
1330 4165 1493 4250 redigens

534 4269 697 4336 eversione
711 4267 885 4350 damnavit,
901 4271 1082 4356 exemplum
1094 4289 1206 4338 eorum
1218 4273 1272 4358 qui
1285 4271 1380 4356 impie
1391 4273 1495 4338 arturi

535 4383 627 4456 suut,
651 4377 818 4462 ponens».
912 4443 914 4446 ,
1481 4379 1487 4390 ’

624 4485 675 4550 bi.
703 4483 736 4548 m
761 4483 830 4550 ideo
850 4483 941 4552 dicit:
959 4483 1146 4550 Secundum
1169 4481 1264 4564 doec,
1280 4491 1318 4550 ιιι
1334 4483 1436 4552 simile
1452 4483 1494 4550 sit

391 4603 513 4666 similitudo
533 4589 716 4676 exenphem
740 4597 894 4676 quantum
912 4591 952 4656 ad
968 4589 1182 4666 (temeritates,
1207 4595 1360 4672 qnantum
1387 4589 1425 4654 ad
1442 4591 1494 4656 iu-

396 4659 511 4768 ῗῖῗιῗῗιιῗ
534 4695 672 4762 dicendi
682 4695 819 4762 niodum
835 4701 864 4762 et
882 4695 1091 4782 quantum-ad
1106 4695 1320 4780 supplicium.
1334 4695 1494 4780 Quantum

436 4817 516 4862 uxama.
534 4801 576 4870 ad
597 4801 812 4881 denteritena,
836 4801 927 4888 quia,
953 4801 1035 4870 sicut
1066 4801 1096 4868 in
1121 4801 1262 4868 Sodomis
1287 4801 1378 4868 multi
1402 4807 1494 4868 erant

535 4909 608 4976 mali
633 4917 663 4978 et
686 4909 863 4996 paucissimi
891 4909 980 4988 honi,
1000 4909 1048 4976 sic
1074 4915 1214 4992 tempore
1236 4907 1340 4974 finalis
1367 4907 1492 4986 iudicii,

536 5017 710 5084 seeundum
725 5015 804 5084 illud
822 5015 902 5082 iufra
915 5015 1036 5082 decimo
1052 5021 1162 5082 octavo
1174 5013 1207 5080 ⁶:
1227 5037 1244 5070 (ι
1257 5013 1401 5092 Putasne,
1417 5029 1491 5080 oum

535 5125 657 5190 venerit
671 5123 768 5192 Filius
783 5121 928 5202 hominis,
945 5119 1083 5188 inveniet
1097 5119 1191 5188 tidem
1208 5137 1305 5218 super
1323 5125 1442 5214 terram
1450 5125 1494 5194 »ι

544 5473 545 5476 '
605 5479 614 5508 ¹
635 5481 711 5534 Vers.
728 5479 821 5534 27.-·
836 5481 891 5532 llno
909 5493 983 5546 seqq.
1002 5479 1050 5532 loei
1071 5485 1132 5532 sunt
1144 5479 1202 5532 lsai.
1220 5479 1269 5542 al,
1288 5479 1314 5530 3.
1334 5485 1359 5530 ιι
1379 5465 1419 5532 es.
1440 5481 1491 5542 l3,

537 5571 561 5622 t.
577 5571 694 5644 Gregor,
713 5569 780 5622 xxx.
799 5571 890 5626 llloral.
908 5581 930 5620 c.
953 5569 993 5620 la.
1013 5583 1038 5620 n.
1059 5569 1105 5632 23:
1126 5569 1151 5620 ln
1171 5567 1227 5632 ipsa
1247 5567 1370 5636 qualitate
1390 5567 1492 5620 ultionis

535 5657 636 5710 notarit
649 5651 802 5726 [Dominus]
818 5643 947 5722 preculam
961 5657 1086 5710 criminis.
1103 5655 1226 5724 Sulpber
1247 5655 1347 5722 quippe
1366 5659 1491 5710 foetorem

535 5743 627 5812 habet,
647 5745 731 5814 lphis,
752 5739 884 5800 ardorem.
902 5747 967 5812 Quia
986 5731 1076 5812 itaque
1099 5745 1135 5798 ad
1159 5757 1284 5810 perversa
1313 5743 1445 5820 desideria
1461 5761 1492 5798 ex

534 5833 619 5888 carnis
634 5837 730 5886 foetore
743 5841 859 5886 arserunt
879 5833 1063 5902 [Sodomitae]‚
1082 5833 1194 5898 dignum
1213 5833 1273 5900 luit,
1293 5839 1321 5884 nt
1339 5833 1416 5886 simul
1431 5833 1492 5898 igue

536 5929 561 5976 el.
579 5923 705 5986 sulphure
722 5923 845 5986 perirent,
863 5929 993 5988 qnatenus
1013 5937 1041 5974 ex
1062 5923 1128 5974 insta
1148 5911 1231 5986 poeno
1251 5917 1395 5986 discerent,
1411 5935 1444 5974 ex
1456 5923 1492 5974 in·
1553 5993 1555 5996 Ι

534 6013 603 6074 insto
620 6011 752 6064 desiderio
773 6013 837 6076 qnid
855 6013 983 6064 iecissent.
1072 6067 1074 6074 χ
1250 6077 1251 6080 ¹

606 6097 616 6140 ι’
638 6103 721 6154 Serm.
738 6093 786 6152 seu
803 6099 861 6152 lihr.
889 6101 920 6152 de
940 6099 1117 6154 Conuersione
1130 6101 1164 6154 ad
1178 6089 1294 6166 elericos,
1308 6115 1332 6154 c.
1345 6101 1390 6154 20.
1401 6115 1428 6152 u.
1444 6101 1491 6152 35:

539 6189 685 6256 «Nunqnid
706 6201 757 6240 non
777 6173 927 6250 gehennalis
947 6189 1065 6250 hamma,
1087 6201 1186 6240 moram
1201 6203 1252 6240 non
1267 6189 1404 6254 sustinone,
1423 6201 1493 6240 exse·

535 6261 660 6330 erahllem
680 6277 749 6328 illam
770 6275 905 6340 praevenit
917 6276 1005 6326 tollere
1019 6275 1164 6338 irationem,
1183 6277 1257 6340 quod
1276 6275 1358 6340 ipsius
1377 6261 1493 6340 speciali-

537 6372 576 6417 ter
595 6369 679 6418 essent
704 6369 809 6430 peccata
839 6361 974 6414 manifesta
998 6355 1181 6426 praecedentia
1207 6363 1239 6420 ad
1259 6363 1406 6436 iudicium?
1425 6365 1492 6416 Nun-

534 6451 602 6526 ·quid
619 6463 671 6502 non
690 6457 717 6502 et
734 6451 834 6514 ipsam,
859 6453 950 6520 utpote
976 6439 1108 6502 consciam
1139 6457 1224 6502 tantae
1251 6451 1421 6514 contusionis,
1451 6453 1493 6502 tel·

534 6525 618 6590 lurem
638 6537 767 6590 absumsit
792 6535 871 6604 ipnis,
897 6535 1015 6604 enlpltnr
1041 6539 1068 6590 et
1092 6523 1205 6604 spiratus
1224 6529 1413 6604 procellarnm
1440 6537 1491 6606 [Ps.
1551 6595 1552 6598 Ἴ

538 6627 584 6694 ιι,
602 6623 643 6694 7.]
654 6627 688 6676 »i
709 6627 757 6678 Pro
773 6639 823 6690 ‚nec
842 6637 897 6678 nort
914 6625 994 6678 etium
1007 6623 1133 6680 tellurem
1147 6625 1232 6692 ipsane
1247 6625 1291 6692 (ita
1302 6625 1328 6702 ¹ll
1340 6639 1402 6678 carm
1414 6625 1491 6678 Card.

536 6699 615 6794 iltrg.)
637 6715 657 6766 b
676 6713 707 6786 (C
725 6727 739 6766 a
760 6699 873 6766 secunda
895 6715 984 6782 mann)
1004 6715 1135 6780 naturum
1154 6711 1280 6792 collidere
1297 6711 1404 6780 apsent,
1432 6715 1492 6766 Vat.
1519 6749 1521 6754 ψ

536 6803 585 6858 ιιι
602 6817 659 6856 non
675 6795 800 6858 collidere
819 6801 915 6874 aprum,
929 6819 997 6874 quae
1010 6805 1089 6858 etiam
1107 6817 1157 6868 pro
1169 6805 1260 6872 utpote
1278 6801 1413 6858 curaecium
1433 6801 1493 6874 sub·

536 6893 619 6946 stituit
638 6895 662 6946 et
677 6907 795 6948 serrem.
808 6895 858 6946 Pro
870 6889 1029 6952 Beruordns
1047 6895 1099 6946 EG
1121 6889 1280 6974 Greporius.
1354 6931 1355 6934 ι

2444 597 2509 664 443

1553 775 1638 840 Unde
1652 775 1779 840 Glossa:'
1797 801 1811 834 a
1826 771 1891 858 Qui·
1904 771 2030 838 interim
2048 793 2110 838 non
2126 769 2283 858 apparens
2297 773 2402 840 omnia
2416 773 2509 850 ridet,

1554 887 1628 948 lunc
1650 899 1805 964 apparens
1827 879 1932 946 omnia
1955 877 2121 958 iudicabit,
2143 881 2268 966 quaudo
2286 887 2415 946 errectos
2429 879 2511 946 iudi-

1553 987 1674 1054 ciorum
1690 1003 1820 1054 suorum
1838 984 1950 1052 oblitos
1968 985 2042 1052 huic
2057 987 2181 1054 saeculo
2205 985 2406 1072 conspexerit
2422 1003 2508 1052 man-

1553 1093 1684 1178 cipalos,
1700 1099 1739 1158 ut
1753 1093 1866 1160 merito
1887 1091 2022 1158 debeant
2045 1111 2117 1158 cum
2135 1091 2202 1174 ipso
2220 1111 2313 1176 quem
2336 1091 2510 1158 inhabitant

1553 1199 1629 1264 orbe
1643 1199 1740 1264 deleri
1757 1225 1789 1264 ».
1807 1235 1849 1246 --
1867 1197 2053 1264 Secundam
2069 1195 2150 1264 ltere
2167 1197 2257 1262 etiam
2276 1195 2340 1262 erit
2356 1203 2507 1282 quantum
2529 1209 2632 1252 secunda.
2655 1215 2673 1240 ³

1553 1303 1590 1370 ad
1609 1303 1785 1372 indicendi
1805 1303 1956 1382 ntodnna,
1982 1303 2056 1388 quia
2070 1301 2187 1368 dicitnr
2206 1303 2366 1366 Dominus
2381 1303 2510 1366 deeccn-
2582 1295 2583 1298 ’
2659 1301 2661 1304 ’

1523 1473 1525 1476 .
1553 1411 1660 1486 disse·
1692 1409 1819 1478 Genesis
1854 1409 1975 1476 decimo
2007 1407 2167 1474 octavol:
2204 1399 2322 1472 «Dixit
2359 1407 2537 1482 Dominus,

1553 1515 1710 1582 aoranae:
1724 1517 1848 1582 Clamor
1864 1515 2069 1582 Sodomorum
2082 1521 2115 1582 el
2128 1512 2415 1580 Gomorrhaeorum
2430 1515 2511 1580 mul-

1555 1621 1713 1706 tiplicatus
1737 1627 1803 1702 est,
1824 1631 1857 1690 et
1883 1627 2047 1706 peccatum
2083 1639 2193 1690 eorum
2228 1625 2430 1704 aggravatum
2464 1626 2509 1686 est

1554 1729 1655 1794 nimis.
1680 1729 1870 1794 Descendam
1894 1735 1926 1794 et
1947 1727 2073 1808 videbo,
2101 1735 2209 1794 ulrum
2244 1727 2430 1804 clamorem,
2455 1725 2507 1810 qui

1555 1833 1638 1900 uenit
1663 1833 1700 1898 ad
1724 1851 1790 1912 me,
1814 1851 1909 1916 opere
1932 1835 2157 1916 eornpleverint
2174 1861 2202 1898 a.
2230 1833 2277 1900 Sic
2300 1839 2331 1898 et
2352 1831 2510 1896 Dominus

1556 1937 1722 2002 descendet
1745 1937 1850 2002 indie
1872 1935 1995 2014 iunior
2019 1937 2139 2020 primae
2165 1939 2201 2004 ad
2219 1935 2507 2004 Thessalonicenses

1451 2073 1452 2076 π
1556 2039 1710 2124 quartoss:
1742 2039 1922 2122 «Quoniam
1938 2039 2004 2122 ipse
2019 2041 2172 2108 Dominus
2186 2043 2219 2108 iu
2236 2043 2322 2110 iussu
2342 2051 2371 2110 et
2387 2041 2510 2108 invoco

1556 2145 1741 2230 Archangeli
1764 2153 1797 2212 et
1819 2145 1851 2212 in
1874 2145 1949 2212 tuba
1976 2145 2027 2210 Dei
2045 2145 2209 2212 descendet
2226 2147 2262 2214 de
2280 2147 2408 2214 caelo».
2426 2149 2511 2216 Sicut
2623 2227 2630 2232 „

1556 2251 1649 2318 etiam
1665 2251 1814 2318 liberavit
1830 2251 1885 2316 Lot
1899 2251 2222 2340 iustumdamuando
2238 2253 2367 2338 impios;
2384 2255 2509 2338 Sapien-
2551 2251 2552 2254 ’

1557 2357 1619 2424 tiae
1640 2357 1778 2424 decimo:
1808 2359 1920 2424 «Haeo
1942 2357 2060 2424 iustum
2084 2375 2104 2422 a
2124 2359 2332 2442 pereuntibus
2356 2359 2509 2436 liberarit,

1556 2463 1761 2530 descendente
1787 2465 1857 2548 igne
1879 2463 1911 2528 in
1936 2463 2139 2548 Pentapolim,
2173 2463 2290 2548 quibus
2319 2463 2352 2530 in
2375 2463 2510 2530 testimo·

1557 2569 1643 2634 nium
1670 2569 1825 2656 nequitiae
1862 2569 2085 2654 lnmigahunda
2118 2575 2239 2636 constat
2261 2575 2349 2636 terra
2370 2569 2509 2646 deserta,

1529 2679 1530 2684 ’
1556 2681 1585 2742 ιι
1611 2675 1729 2742 incerto
1753 2683 1893 2760 tempore
1916 2677 2041 2742 fructus
2064 2675 2214 2742 hahentes
2238 2675 2383 2754 arbores,
2409 2685 2439 2742 ιι
2463 2677 2509 2742 iu-

1556 2783 1711 2850 eredihilis
1724 2785 1845 2850 animae
1859 2783 2007 2848 memoria
2023 2791 2111 2848 stans
2122 2783 2305 2866 figmentum
2321 2783 2395 2848 salis
2409 2809 2424 2842 a
2439 2791 2509 2862 etc.;

1556 2889 1599 2956 sic
1624 2889 1714 2956 etiam
1742 2889 1802 2956 erit
1823 2889 1855 2954 in
1880 2889 1962 2956 hnali
1989 2887 2112 2956 iudicio.
2136 2887 2223 2954 Unde
2246 2887 2395 2956 exossat:
2420 2891 2510 2956 «Ex-

1557 3001 1650 3064 eunte
1677 2999 1749 3076 tot,
1772 2995 1903 3062 Sodoma
1933 2995 2028 3080 perit,
2061 2995 2135 3080 quia
2171 2995 2205 3060 in
2231 2995 2510 3062 concorporatione

1555 3103 1683 3170 soeculi
1701 3103 1837 3170 recidunt
1862 3103 1980 3190 dupelc'
2000 3109 2029 3168 et
2051 3103 2255 3188 separabunt
2270 3101 2376 3168 mulos
2392 3103 2431 3168 de
2445 3121 2511 3168 ιιι-

1556 3211 1612 3276 dt'o
1634 3211 1802 3276 litatorum
1824 3217 1855 3274 et
1879 3211 2005 3274 nrt'ttenl
2027 3229 2079 3274 eor
2116 3209 2150 3274 in
2175 3209 2346 3274 comittunt
2370 3209 2458 3294 lphis
2475 3237 2505 3288 x,

1557 3317 1638 3382 sieut
1674 3317 1788 3382 dicitur
1820 3315 1965 3382 Matthaei
1997 3315 2117 3382 decimo
2150 3317 2253 3382 tertio.
2294 3315 2380 3382 Sicut
2419 3317 2509 3382 etiam

1556 3421 1663 3488 redito
1688 3423 1734 3490 ira
1758 3423 1813 3490 Dei
1835 3421 1939 3508 impiis
1975 3421 2175 3508 supervenit,
2197 3423 2243 3490 sic
2276 3423 2369 3490 etiarn
2394 3421 2454 3488 erit
2478 3423 2507 3488 in

1556 3529 1671 3596 iudicio
1695 3529 1798 3610 linali;
1817 3529 1911 3596 isaiae
1931 3529 2088 3616 trigesimo
2102 3529 2140 3594 1⁰:
2173 3529 2328 3608 «Subito,
2354 3531 2428 3598 dum
2448 3549 2510 3598 non

1557 3641 1720 3718 speratur,
1747 3637 1849 3700 ueniet
1873 3637 2016 3702 contritio
2042 3637 2127 3712 eino,
2155 3643 2187 3702 et
2221 3643 2402 3702 conteretur
2428 3635 2512 3702 velut

1557 3742 1695 3826 lagena»
1724 3747 1795 3820 etc.;
1820 3747 1850 3808 et
1874 3739 2015 3808 llatthaei
2042 3739 2190 3826 vigesimo
2213 3739 2340 3826 quinto:
2364 3735 2512 3808 «illoram

1556 3853 1661 3914 autem
1686 3847 1818 3916 faciente
1841 3865 1973 3932 sponso,
2001 3847 2252 3916 dormitaverunt
2287 3865 2393 3916 omues
2410 3875 2426 3908 t>
2453 3855 2511 3916 etr.

1560 3959 1598 4000 ’-
1626 3953 1815 4020 Secundum
1837 3950 1918 4020 ltuec
1941 3955 2032 4020 etiam
2062 3955 2126 4020 erit
2151 3963 2305 4038 quantum
2327 3955 2368 4020 ad
2388 3953 2513 4040 snppli-
2535 3957 2613 4000 leih-

1557 4059 1655 4126 cient.
1682 4059 1724 4126 llli
1744 4061 1824 4126 enim
1850 4061 1950 4144 puniti
1976 4067 2050 4126 suut
2073 4059 2142 4144 igne
2168 4067 2197 4126 et
2221 4061 2388 4144 sulphure;
2415 4061 2511 4128 Gene-

1558 4167 1599 4234 sis
1617 4165 1738 4234 deoimo
1754 4185 1834 4234 nono
1849 4169 1890 4230 ¹1:
1920 4167 2094 4232 «Surrexit
2119 4165 2272 4232 Abraham
2291 4185 2381 4234 mane
2393 4193 2426 4246 a,
2453 4193 2470 4224 a
2483 4175 2513 4234 et

1559 4273 1635 4350 vidit
1650 4273 1788 4340 fauillam
1812 4273 2028 4340 ascendentem
2047 4273 2082 4340 de
2099 4279 2186 4340 terra
2207 4273 2289 4340 sicut
2312 4273 2433 4340 furnum
2449 4273 2513 4340 lor-

1557 4377 1642 4446 uaois
1654 4403 1686 4444 a.
1702 4377 1752 4446 Sic
1767 4379 1827 4444 erit
1844 4377 1877 4444 in
1892 4379 2046 4462 supplicio
2058 4379 2227 4464 impiorum
2242 4379 2273 4444 in
2289 4379 2418 4458 iudieio;
2433 4381 2513 4444 Psal-

1557 4485 1685 4552 mus12:
1706 4511 1721 4542 «
1736 4485 1826 4552 Pluet
1838 4501 1935 4570 super
1951 4491 2130 4568 peccatores
2145 4483 2289 4570 laquem,
2306 4485 2385 4570 iguis
2401 4493 2432 4552 ιι
2447 4487 2512 4552 sul-

1558 4591 1643 4674 phur
1665 4597 1697 4656 et
1712 4589 1843 4674 spiritus
1861 4591 2079 4674 procellarum,
2097 4579 2291 4672 parscalicis
2307 4607 2417 4656 eorum
2430 4615 2460 4670 »3
2484 4597 2513 4658 et

1558 4695 1727 4762 Ezechiehs
1746 4695 1904 4782 trigesimo
1919 4687 2046 4762 octaro:
2068 4697 2199 4780 «Ignem
2216 4705 2248 4762 et
2259 4697 2394 4780 sulphur
2408 4697 2512 4782 pluam

1558 4819 1653 4886 super
1670 4819 1743 4868 eum
1760 4807 1791 4868 et
1814 4819 1908 4886 snper
1925 4801 2100 4870 exercitum
2126 4801 2194 4870 eius
2214 4807 2247 4870 et
2261 4819 2358 4888 snper
2381 4803 2511 4888 populos

1558 4909 1694 4990 nultos,
1714 4909 1769 4994 qui
1793 4913 1869 4974 sunt
1891 4925 1962 4974 cum
1988 4927 2075 4988 eois
2091 4909 2221 4976 undeet
2239 4909 2436 4994 Apoealypsis
2457 4897 2511 4976 de-

1558 5013 1639 5080 cimo
1661 5021 1792 5100 quarto:
1823 5013 1885 5080 «Si
1908 5013 1981 5100 quis
2004 5013 2182 5082 adoraverit
2204 5013 2353 5094 bestiam,
2370 5015 2454 5082 hibet
2470 5015 2508 5082 de

1559 5121 1632 5188 rino
1653 5119 1718 5186 irae
1742 5119 1816 5200 Dei,
1839 5119 1926 5206 quod
1949 5119 2077 5188 mistum
2100 5125 2148 5188 est
2172 5137 2260 5188 mero
2282 5119 2313 5188 in
2329 5121 2427 5188 calice
2447 5119 2512 5188 irae

1617 5461 1637 5508 '⁵
1654 5481 1773 5532 Nonnulli
1791 5479 1927 5548 codd.,„ut
1944 5481 1998 5546 Dll
2018 5479 2127 5546 (quibus
2145 5477 2253 5530 inlerins
2270 5479 2348 5530 etiam
2370 5477 2409 5530 alii
2435 5479 2513 5530 codd.

1555 5545 1745 5636 consentiunt),
1763 5567 1918 5622 Secundum
1939 5567 2004 5632 hoc,¹
2022 5569 2068 5620 elr.
2086 5569 2117 5620 B.
2136 5567 2234 5620 albert.
2252 5569 2277 5620 et
2291 5569 2318 5618 S.
2330 5567 2426 5618 Thom.
2445 5563 2511 5630 (Cat.

1556 5670 1633 5722 auree
1652 5655 1681 5708 in
1700 5659 1762 5724 Luc.
1781 5657 1824 5708 l7.
1850 5671 1877 5708 n.
1895 5657 1942 5722 8.),
1961 5655 1988 5706 in
2006 5671 2076 5722 quae
2092 5655 2176 5708 verba
2203 5655 2294 5708 Glossa
2313 5653 2512 5710 interlinearis:

1555 5747 1590 5798 lta
1610 5743 1725 5798 subitum
1746 5751 1771 5796 et
1790 5743 1940 5798 inevitabile
1957 5745 2014 5798 erit.
2032 5773 2069 5784 -
2087 5745 2210 5812 Sequitur
2230 5745 2247 5798 l.
2265 5745 2331 5796 l‘etr.
2354 5745 2382 5806 l,
2402 5743 2429 5796 5.
2465 5797 2469 5804 ,

1628 5833 1731 5886 ‘²Vers.
1752 5835 1777 5888 5.
1799 5861 1833 5872 --
1851 5833 1969 5900 Subinde
1989 5835 2115 5900 allegatur
2134 5833 2191 5886 lsai.
2210 5833 2260 5898 56,
2281 5835 2307 5884 l.

1627 5921 1638 5952 ⁵
1657 5925 1730 5976 Vere.
1750 5923 1819 5976 het
1837 5923 1934 5974 deinde
1952 5925 1980 5976 ll.
1999 5925 2067 5976 Pelr.
2084 5925 2109 5986 2,
2131 5925 2154 5974 6.

1628 6011 1638 6042 ¹³
1656 6013 1730 6064 Vers.
1751 6013 1774 6064 8.
1793 6039 1829 6052 -··
1846 6013 1937 6064 Glossa
1955 6027 2011 6080 seq.
2029 6019 2070 6080 est
2087 6011 2231 6066 ordinario
2248 5999 2297 6080 lex
2316 6011 2406 6080 Beda).

1582 6129 1584 6134 ·
1628 6101 1901 6172 'Versihetii
2356 6159 2358 6164 ¹

1627 6187 1638 6218 ⁸
1658 6189 1732 6240 Vere.
1753 6189 1798 6250 ld,
1820 6193 1974 6262 postquem
1992 6191 2057 6254 Sap.
2077 6191 2126 6254 t0,
2144 6191 2169 6242 6.
2190 6205 2246 6256 seq.
2293 6247 2295 6252 ,

1628 6277 1639 6308 ⁹
1658 6277 1760 6348 Scilicet
1777 6277 1922 6352 ordinario¹
1940 6277 1980 6346 (ex
2000 6279 2080 6346 Beda)
2097 6277 2129 6330 in
2155 6279 2216 6330 Luc.
2239 6277 2284 6342 ll,
2307 6277 2348 6328 28.
2367 6291 2436 6342 seq.;
2455 6277 2513 6328 alle·

1553 6353 1635 6430 'gatar
1653 6365 1679 6416 in
1700 6367 1755 6430 ipsa
1774 6367 1861 6438 hlatth.
1883 6367 1929 6430 l3,
1951 6365 1992 6418 te.
2012 6381 2067 6432 seq.
2163 6423 2166 6432 ¹

1589 6491 1590 6494 ι
1628 6451 1651 6482 1⁰
1670 6455 1746 6506 Vers.
1766 6455 1808 6506 l3.
1827 6439 1882 6520 seq.
1900 6461 1926 6506 et
1945 6455 2040 6514 deinde
2061 6457 2146 6506 llaltlr.
2166 6455 2208 6520 25,
2228 6455 2253 6506 5.
2466 6509 2468 6512 ,

1628 6539 1649 6570 ¹¹
1671 6539 1745 6592 t‘ers.
1769 6539 1812 6592 27.
1838 6537 1907 6606 seq:
1936 6539 2076 6594 Abrohom
2102 6543 2194 6594 ιιιιιι
2217 6555 2384 6610 constrepunt
2402 6557 2512 6598 ιιιιι...

1556 6625 1670 6680 inlecitus
1691 6631 1730 6680 est
1744 6625 1923 6682 Sodomam...
1946 6625 2063 6696 uiditque
2081 6633 2130 6682 etc.

1585 6785 1587 6788 Ι
1630 6713 1651 6744 ¹2
1670 6715 1765 6766 Psalm.
1784 6715 1833 6782 ιο,
1850 6715 1882 6784 7,
1895 6715 1937 6768 cni
1950 6715 2145 6784 subiunguntur
2162 6721 2412 6786 trioclitanae
2431 6723 2511 6790 apoc.

1559 6803 1607 6868 ll,
1629 6803 1701 6868 llll.
1765 6855 1766 6858 ,
