5908 8266
501 609 564 678 738
695 629 696 632 ¹
1367 607 1632 676 lNlilillillEliUhl
1680 613 1710 620 ”

791 695 845 748 on
2141 699 2193 752 nn

501 781 628 838 mendacii
657 779 709 834 365
737 781 771 836 98
797 811 835 824 -
854 783 993 838 hlcndaces
1014 783 1140 838 66666666
1176 785 1275 852 ptimus
1302 783 1474 838 conveniebat
1503 787 1651 850 sepulturae
1681 789 1706 838 66
1733 785 1814 854 quieti
1852 785 1953 850 gendns
1971 789 2010 836 est
2024 783 2321 852 vigilanter‚ardanter,
2339 785 2492 842 constanter

500 871 596 926 diaboli
614 869 676 924 thia.
735 891 736 894 ¹
824 895 825 898 ¹
1003 879 1006 884 “
1177 875 1281 928 58566
1358 901 1359 904 =
1691 889 1694 896 ¹
1801 875 1802 878 ’
1850 879 1878 926 66
1890 875 2053 928 incessanter
2069 869 2388 928 thid—benevolentiae
2410 875 2496 930 dehet

507 999 509 1004 .
553 989 589 1008 -
605 961 663 1014 Non
683 959 729 1012 luit
749 959 774 1014 in
791 975 825 1014 eo
842 959 1140 1028 virtos‚seusoperhia
1197 977 1199 982 ·
1229 961 1410 1028 -septimus
1430 961 1550 1014 inveteri
1570 967 1722 1014 testamento
1743 975 1815 1026 prae·
1851 977 1907 1016 esse
1927 963 2159 1027 pura‚affectuosa
2178 961 2311 1014 etderota
2331 963 2382 1014 683
2402 965 2436 1016 66
2452 991 2490 1004 -

501 1053 544 1106 Vll
559 1051 597 1106 ,93
618 1049 651 1100 68
671 1075 706 1086 --
728 1049 870 1102 Daemonis
896 1049 1022 1114 superbia
1046 1055 1077 1102 66
1095 1063 1140 1100 an·
1176 1049 1323 1116 cipiehatur
1339 1049 1474 1102 observari
1496 1051 1581 1102 Vlilh
1599 1049 1662 1102 v,7
1683 1075 1715 1088 -
1736 1049 1818 1112 septi·
1851 1049 1974 1102 inDeum
1995 1061 2047 1100 non
2065 1049 2221 1112 potestesse
2240 1049 2365 1102 nimiaVl
2378 1051 2408 1102 6l
2426 1049 2489 1118 (6.9

502 1141 577 1194 dacia
594 1137 671 1190 nullis
690 1135 837 1192 retinaculis
853 1143 942 1202 potest
958 1139 1069 1192 detineri
1086 1139 1140 1190 903
1177 1153 1219 1192 ma
1239 1143 1277 1192 est
1289 1137 1436 1190 Sabbatum
1449 1139 1493 1190 Vll
1512 1137 1566 1190 685
1583 1139 1617 1190 69
1631 1165 1666 1178 ·-
1680 1137 1725 1190 Die
1739 1137 1815 1202 septi·
1850 1153 1886 1178 ι-
1904 1137 1944 1190 est
1961 1135 2112 1190 communis
2134 1135 2241 1208 666666
2261 1137 2364 1202 patriae
2381 1135 2434 1190 669
2454 1139 2484 1190 ll

501 1233 535 1284 63
552 1249 591 1282 -6
606 1225 845 1280 Perdaemonium
870 1227 1020 1294 intelligitur
1047 1241 1141 1292 super·
1177 1241 1219 1280 ma
1233 1225 1325 1292 incipit
1340 1227 1416 1292 quies
1429 1223 1575 1280 animarum
1588 1227 1635 1278 36l
1654 1227 1815 1278 lit—octa·
1905 1255 1941 1266 -
1957 1225 1998 1280 Ad
2013 1225 2180 1280 dilectionem
2197 1223 2247 1278 nos
2262 1225 2343 1278 dehet
2363 1225 2489 1290 invitare,

502 1317 542 1372 bia
565 1319 596 1370 Vl
615 1313 666 1368 587
680 1313 979 1380 6.3-Ρ666666·66666
994 1313 1141 1380 malignum,
1176 1329 1227 1368 vus
1245 1313 1403 1382 praecipitur
1429 1313 1566 1366 observari
1588 1313 1616 1364 in
1638 1325 1708 1366 novo
1739 1319 1816 1364 testa·
1851 1313 1923 1382 quod
1942 1313 2059 1368 Christus
2075 1311 2254 1380 prinrdilexit
2272 1313 2307 1366 Vl
2325 1313 2376 1364 668
2402 1313 2433 1366 66
2451 1343 2489 1354 -

405 1427 407 1432 ·
502 1403 652 1470 intelligitur
669 1401 786 1470 nequitia
805 1403 846 1456 Vll
867 1403 915 1454 676
938 1403 970 1454 65
1085 1435 1088 1442 »
1160 1409 1266 1456 'mento
1284 1403 1320 1454 Vl
1337 1403 1374 1454 90
1392 1417 1416 1454 6.
1438 1403 1468 1454 7.
1554 1429 1557 1440 2
1673 1443 1674 1446 ,
1852 1401 1927 1454 liatio
1945 1415 2057 1454 monens
2077 1403 2112 1456 66
2130 1399 2295 1454 dilectionem
2314 1405 2367 1464 est,
2393 1407 2424 1454 ut
2440 1415 2490 1466 per

507 1527 510 1532 ·
551 1491 906 1558 -·estpeccetum‚quod
932 1491 1139 1556 fontanedum,
1206 1491 1392 1544 1-·-octavus
1410 1489 1653 1554 estpersererantia
1675 1489 1814 1540 haalisVll
1852 1497 2115 1554 eamcogooscantur
2132 1487 2253 1556 discipuli
2271 1489 2366 1544 Christi
2382 1489 2433 1542 636
2453 1491 2487 1544 68

456 1613 459 1620 1
501 1593 607 1634 caecum
629 1583 775 1638 etmutum
793 1581 837 1632 Vll
856 1579 907 1630 989
921 1579 955 1630 38
965 1587 1004 1620 ‘-¹
1016 1577 1139 1634 Oiisessio
1178 1581 1210 1634 55
1231 1581 1416 1634 la-octava
1436 1577 1565 1644 significat
1578 1577 1813 1640 resurrectionem,
1850 1607 1884 1616 -
1898 1577 1995 1644 probat
2006 1579 2149 1646 discipulos
2162 1579 2256 1634 Christi
2270 1579 2321 1632 675
2336 1579 2488 1644 att-pro·

501 1667 638 1722 daemonis
654 1673 699 1718 est
712 1667 849 1720 iufirmitas
869 1667 1021 1720 incurabilis
1040 1669 1074 1720 Vl
1086 1667 1139 1720 587
1178 1669 1274 1736 inqua
1292 1667 1441 1732 completur
1457 1667 1533 1734 quites
1553 1667 1603 1718 930
1625 1665 1656 1720 66
1675 1673 1814 1720 —octava
1851 1667 1908 1732 pria
1931 1671 1956 1718 et
1972 1667 2098 1732 specialis
2121 1667 2204 1723 virtus
2233 1675 2271 1722 est
2298 1667 2487 1734 discipulorum

501 1761 564 1812 63
678 1763 679 1766 ’
846 1793 847 1796 =
1071 1775 1073 1782 ¹
1178 1755 1403 1812 consummabitur
1423 1755 1535 1808 innubis
1556 1757 1709 1822 ingenerati
1728 1769 1815 1808 resur·
1852 1755 1944 1810 Christi
1964 1755 2013 1808 636
2036 1757 2067 1808 68

552 1877 588 1886 -—
611 1845 742 1910 pessimus
769 1847 900 1910 praesidet
923 1847 1002 1900 idolis
1023 1847 1138 1898 Vtilia
1176 1847 1291 1900 rectione
1310 1845 1362 1898 585
1381 1847 1413 1898 68
1434 1847 1602 1898 *Perfecta
1620 1847 1694 1914 quies
1711 1853 1739 1900 et
1755 1859 1815 1898 con·
1902 1845 2072 1910 -Diligens
2096 1845 2443 1912 Daunidignnsastdiligi
2463 1853 2488 1898 et

501 1949 527 1988 v.
546 1937 572 2002 9,
591 1933 619 1984 66
734 1957 749 1970 ·-
838 1959 840 1964 ·
1109 1951 1110 1954 ¹
1177 1933 1310 2000 temptatio
1327 1949 1380 1988 non
1398 1933 1518 1988 enitente
1538 1941 1657 1988 octavam
1678 1937 1813 1988 66666930
1853 1935 1981 1990 vivificari
2003 1935 2166 1986 aeternaliter
2184 1936 2228 1988 Vll
2252 1935 2304 1988 665
2322 1937 2411 1988 57—-
2429 1937 2489 1988 Dili-

508 2055 510 2060 -
553 2051 587 2062 -
606 2021 663 2072 eins
683 2019 798 2088 potestas
817 2023 951 2090 expellitur
968 2021 1005 2074 ab
1020 2023 1137 2086 homine,
1179 2023 1210 2076 66
1230 2051 1266 2064 -·
1283 2013 1331 2074 Per
1351 2023 1407 2076 dies
1427 2027 1485 2076 acto
1503 2023 1680 2090 intelliguntur
1697 2033 1756 2078 octo
1773 2039 1815 2078 ae·
1852 2029 1942 2092 gentes
1959 2021 2044 2076 Deum
2063 2021 2243 2076 beatificantur
2266 2031 2293 2076 et
2309 2023 2487 2088 glorificantur

502 2111 607 2180 qnando
628 2111 801 2164 introducitur
824 2117 939 2178 potestas
956 2111 1006 2164 Dei
1022 2113 1068 2168 Vll
1085 2115 1138 2166 999
1177 2111 1295 2168 6666655
1321 2111 1353 2164 68
1373 2141 1407 2152 -
1427 2115 1474 2166 Per
1502 2119 1561 2168 octo
1583 2115 1640 2168 dies
1666 2115 1815 2180 intelligitur
1853 2117 1884 2168 Vl
1906 2113 1950 2168 666
1977 2113 2017 2168 36.
2041 2101 2085 2166 Vll
2111 2113 2142 2166 30
2165 2111 2196 2166 86
2216 2117 2359 2166 -sancta
2386 2111 2487 2164 honum

503 2201 534 2254 67
555 2229 588 2240 -
608 2201 705 2254 eiectus
723 2199 759 2254 66
785 2203 886 2256 mando
912 2207 1001 2268 potest
1023 2207 1139 2268 tentare,
1178 2203 1260 2256 virtus
1277 2201 1443 2268 septiformis
1454 2203 1567 2268 Spiritus
1583 2201 1619 2258 ih.
1639 2203 1672 2256 69
1852 2207 1911 2260 lacit
1931 2205 1961 2258 l'l
1975 2203 2003 2258 76
2024 2219 2051 2258 n.
2069 2205 2085 2254 9
2100 2223 2134 2246 aa
2147 2205 2260 2270 perlecta
2276 2201 2336 2256 tacit
2354 2201 2488 2254 hominem

503 2291 548 2344 scd
568 2303 619 2342 non
638 2289 792 2342 intrinsecus
812 2295 917 2356 regnat,
937 2291 978 2344 uel
998 2305 1050 2344 non
1064 2293 1088 2344 in
1101 2297 1139 2346 tot
1220 2311 1264 2330 ·-
1280 2285 1750 2356 dominicussuccessitcelebrandus
1762 2291 1814 2346 diei
1852 2297 1905 2348 Deo
1925 2295 2048 2348 dilectum
2071 2293 2122 2346 636
2141 2307 2169 2348 v.
2188 2293 2223 2346 60
2241 2321 2277 2332 -
2295 2291 2420 2344 llomiues
2442 2303 2488 2342 ne·

503 2385 600 2444 regnat,
622 2391 669 2430 nec
688 2379 720 2430 ita
751 2381 905 2444 potestative
923 2387 1015 2446 regnat
1032 2381 1067 2434 Vl
1086 2381 1134 2434 696
1178 2381 1284 2434 Sahhati
1298 2381 1338 2434 Vll
1354 2381 1404 2434 585
1423 2381 1453 2434 68
1469 2381 1664 2434 u-dominicus
1682 2383 1815 2448 6666666
1852 2385 1944 2462 666666,
1963 2397 1992 2436 66
2009 2397 2067 2436 6666
2087 2383 2224 2436 dilectosa
2243 2381 2298 2436 Deo
2314 2379 2351 2434 73
2369 2393 2397 2446 q.
2417 2379 2430 2430 9
2451 2407 2485 2414 -

504 2469 535 2522 53
556 2471 668 2532 -post
688 2469 836 2532 passionem
865 2483 972 2522 manum
995 2471 1137 2522 trahentem
1177 2471 1296 2538 seqnitur
1323 2469 1467 2522 Sabbatum
1496 2471 1548 2522 587
1572 2471 1587 2522 9
1613 2497 1648 2510 -
1668 2469 1815 2522 dominicus
1852 2471 2214 2526 amicosDeiconstiluitliil
2238 2473 2267 2522 96
2285 2469 2391 2522 -66666
2409 2473 2487 2520 hans·

503 2555 731 2608 habetabscissam
743 2563 768 2610 et
779 2559 954 2624 impellentem
969 2557 1138 2624 debilitatam,
1177 2559 1306 2624 significat
1322 2559 1442 2624 requiem
1460 2563 1520 2622 post
1532 2559 1749 2610 resurrectionem
1762 2555 1814 2608 606
1853 2561 1965 2624 migrare
1985 2559 2017 2612 ad
2037 2561 2178 2612 Dominum
2195 2559 2247 2612 565
2268 2561 2333 2614 5·-
2346 2561 2440 2626 purgat
2465 2563 2489 2610 ot

503 2651 526 2698 et
543 2649 633 2698 nostra
651 2649 797 2700 manased
820 2649 996 2702 resistendum
1013 2655 1054 2702 est
1072 2649 1139 2702 torti·
1178 2649 1209 2700 66
1231 2675 1264 2686 —-
1281 2649 1311 2698 ln
1327 2647 1372 2698 die
1385 2645 1522 2698 dominico
1544 2647 1630 2698 decuit
1648 2645 1781 2698 Christum
1801 2659 1814 2696 6
1851 2647 1979 2700 illuminat
1996 2647 2143 2700 interiorem
2165 2651 2270 2700 oculum
2290 2649 2323 2700 ad
2343 2647 2487 2700 videndum

486 2737 576 2788 licata
594 2749 643 2800 par
661 2735 742 2786 iidem
761 2735 823 2790 thid.
840 2735 1077 2802 Ι-Ε66666666666
1094 2737 1139 2788 tol·
1178 2735 1443 2798 mortuis-«resurgere
1461 2733 1550 2786 5879
1855 2735 1906 2786 667
1919 2749 1944 2786 n.
1960 2735 2105 2798 t3-Qui
2122 2736 2181 2798 plns
2199 2735 2283 2800 diligit
2295 2737 2354 2800 plus
2366 2735 2434 2800 sapit
2453 2735 2487 2786 66
2541 2723 2542 2726 “

503 2825 569 2876 latur
580 2823 613 2874 in
633 2823 701 2874 linali
719 2823 819 2876 iudicio
841 2823 885 2876 Vll
905 2825 956 2876 980
978 2825 1011 2876 69
1029 2851 1065 2862 -
1083 2827 1140 2876 tan·
1229 2847 1264 2860 -
1282 2821 1431 2872 dominicus
1448 2821 1545 2870 dicitur
1562 2831 1626 2880 nna,
1645 2819 1707 2884 quia
1724 2819 1816 2882 66666666
1854 2819 1883 2888 q.'
1900 2825 1963 2872 9·-
1978 2823 2076 2888 Quonto
2098 2835 2188 2874 surmus
2201 2825 2332 2886 pleniores
2345 2823 2489 2886 dilectione,

503 2913 563 2964 dem
581 2911 733 2976 prolicietur
754 2913 784 2966 Vl
806 2911 837 2964 87
857 2927 883 2962 v.
903 2913 939 2962 90
1178 2909 1305 2974 plumosa
1325 2907 1509 2972 spiritualium
1529 2905 1745 2958 illuminationum
1772 2907 1814 2958 Vll
1853 2913 1924 2960 tanto
1941 2909 2055 2960 maiores
2073 2909 2116 2960 Vll
2135 2909 2187 2960 966
2208 2909 2240 2960 89
2259 2939 2295 2950 -
2313 2911 2361 2962 Per
2374 2909 2489 2962 dilectio-

509 3013 517 3044 :
540 2997 887 3054 'Dranx—-Subnomine
908 2999 1008 3050 Dianae
1029 2999 1140 3050 idolola-
1178 2993 1230 3048 587
1249 2995 1273 3046 9
1507 2997 1509 3000 ’
1640 3009 1642 3012 ·
1691 3009 1699 3016 ¹¹
1777 3009 1778 3012 ’
1853 3011 1914 3048 nem
1931 2999 2049 3050 eundum
2066 3001 2107 3050 est
2124 2995 2153 3048 in
2167 2999 2306 3050 Ecclesiam
2321 2999 2353 3050 Vl
2366 2997 2400 3050 85
2414 2997 2488 3050 665

503 3095 558 3140 trae
576 3089 664 3140 luxiam
685 3085 877 3140 venerabantur
894 3087 930 3138 Vl
948 3085 1000 3136 699
1018 3087 1080 3138 ml
1184 3109 1187 3116 ¹
1230 3097 1264 3122 ’-
1290 3087 1403 3148 quattuor
1431 3085 1491 3148 post
1517 3083 1627 3136 niortem
1658 3083 1755 3146 peccati
1782 3085 1813 3136 Vl
1904 3113 1938 3124 -
1958 3085 2004 3136 Per
2024 3085 2186 3138 dilectionem
2210 3087 2291 3138 liorno
2313 3085 2344 3138 iit
2360 3087 2489 3152 templum

558 3177 648 3226 066666
666 3173 776 3224 —nihil
791 3173 861 3226 aliud
880 3179 919 3224 est
932 3167 1013 3238 quam
1025 3171 1138 3226 verbum
1179 3171 1283 3222 39930
1624 3187 1625 3190 ¹
1789 3197 1790 3202 ¹
1853 3173 1897 3224 Dei
1917 3173 1947 3224 Vl
1970 3173 2019 3224 308
2040 3173 2066 3224 36
2094 3171 2121 3224 l*
2139 3173 2241 3226 -Per
2259 3173 2424 3226 dilectionem
2450 3187 2489 3226 ac·

503 3269 588 3316 mente
608 3263 748 3326 concipere
765 3263 809 3314 Vll
832 3261 885 3314 567
914 3263 946 3314 68
965 3259 1002 3302 -’
1019 3261 1074 3314 Deo
1102 3267 1140 3314 est
1184 3287 1187 3294 ·
1230 3259 1393 3314 Burmannus
1412 3265 1552 3326 -potest
1573 3275 1630 3314 esse
1655 3259 1752 3314 ratione
1772 3275 1814 3324 ge·
1852 3263 1963 3328 qrriritur
1982 3263 2055 3328 quies
2072 3261 2101 3314 in
2117 3261 2237 3314 6666698
2257 3279 2286 3316 v.
2303 3263 2319 3314 9
2339 3291 2372 3302 -
2392 3263 2439 3316 Per
2454 3263 2489 3314 di·

503 3351 693 3404 6666669666
794 3353 797 3362 ’
932 3365 934 3368 ·
1085 3367 1087 3372 ·
1178 3347 1249 3402 neris
1260 3347 1350 3414 operis
1362 3353 1386 3402 ct
1398 3349 1499 3402 ratione
1511 3347 1708 3402 inordinationis
1727 3349 1815 3402 volun·
1852 3353 2085 3404 lectionemhomo
2102 3359 2190 3404 uxonet
2210 3353 2235 3404 in
2251 3355 2305 3406 Dea
2326 3353 2374 3404 333
2398 3353 2429 3404 86
2454 3381 2488 3390 -

511 3463 513 3468 ·
557 3441 670 3492 Droxnus
688 3467 722 3476 -
743 3439 834 3494 dicitur
857 3441 931 3506 quasi
950 3439 996 3494 diu
1015 3439 1140 3492 dubitans
1179 3437 1237 3490 tatis
1254 3437 1288 3488 Vl
1309 3437 1342 3490 59
1361 3455 1386 3506 q.
1408 3441 1471 3490 6-
1488 3439 1588 3492 ratione
1608 3439 1710 3502 generis
1730 3439 1815 3502 operis
1853 3445 1941 3492 mutua
1958 3445 1996 3492 est
2015 3453 2093 3492 66666
2106 3439 2249 3492 pransionis
2269 3441 2361 3494 Christi
2388 3443 2415 3494 in
2435 3441 2489 3492 ani*

504 3527 535 3582 Vl
558 3523 614 3582 309
628 3529 669 3580 96.
689 3527 741 3580 563
761 3529 793 3580 66
1178 3527 1210 3580 66
1231 3527 1354 3580 virtutem
1372 3527 1499 3580 maiorem
1519 3527 1578 3580 lacit
1597 3525 1703 3580 6066.-
1716 3527 1815 3580 ratione
1853 3543 1895 3580 ma
1917 3533 1941 3582 et
1961 3529 2061 3580 animae
2075 3529 2102 3580 in
2119 3527 2223 3584 Christo
2241 3527 2293 3584 667
2315 3531 2376 3584 5-
2391 3529 2439 3596 Qui
2454 3531 2489 3584 di·

556 3617 617 3670 lires
633 3623 720 3670 -est
737 3617 958 3684 praesentialucis
978 3619 1005 3670 in
1024 3623 1092 3670 terra
1108 3617 1140 3670 m
1179 3617 1377 3670 inordinationis
1395 3617 1537 3670 voluntatis
1555 3617 1617 3668 nihil
1634 3617 1670 3668 ad
1688 3617 1814 3668 maiorem
1852 3617 1909 3684 ligii
1926 3617 2004 3672 hahet
2024 3605 2106 3670 Deum
2125 3617 2160 3670 59
2178 3619 2233 3686 (pi
2252 3619 2355 3670 -Per
2372 3619 2490 3672 dilectio·

503 3705 555 3758 373
574 3707 588 3758 5
609 3705 644 3746 -’·
663 3705 861 3762 vicissitudines
879 3703 982 3760 dierum
1001 3711 1140 3760 causantur
1178 3707 1302 3758 virtutem
1320 3707 1380 3758 iacit
1398 3703 1461 3758 thie.
1477 3707 1558 3758 *aad
1576 3703 1815 3770 bonaamestquesi
1853 3719 1915 3758 nem
1933 3707 2093 3758 enarrandum
2111 3707 2137 3758 in
2159 3707 2212 3760 6666
2235 3707 2286 3758 668
2306 3709 2340 3758 60

503 3807 533 3846 ex
554 3795 704 3848 nxotu‘solis‘
724 3795 774 3848 655
794 3811 819 3848 v.
840 3797 873 3848 68
902 3799 915 3812 “
1067 3807 1068 3810 ’
1178 3799 1268 3848 catena
1289 3793 1339 3846 579
1360 3809 1384 3846 r.
1407 3795 1473 3846 l-
1490 3795 1551 3846 Post
1562 3791 1743 3846 remissionem
1757 3805 1815 3856 per·
1906 3821 1940 3834 --
1959 3795 2103 3848 necessario
2122 3795 2273 3860 intelligitur
2292 3795 2319 3848 in
2339 3793 2489 3860 cognitione

507 3903 509 3908 ·
557 3911 590 3920 -
611 3883 687 3936 datus
705 3891 746 3936 666
770 3885 806 3938 66
832 3883 999 3950 operandum
1027 3885 1060 3938 Vl
1088 3883 1139 3936 996
1179 3883 1229 3934 6666
1246 3889 1365 3938 remanet
1388 3881 1541 3934 inhomine
1564 3881 1701 3934 difficultas
1727 3881 1751 3932 in
1777 3895 1815 3932 coa
1854 3883 1899 3934 liei
1919 3881 1953 3934 ad
1973 3883 2062 3934 sociem
2083 3883 2115 3936 Vl
2137 3883 2185 3934 669
2210 3885 2235 3936 66

504 3985 528 4022 r.
551 3971 581 4022 66
600 3967 683 4024 -ln
700 3971 746 4024 666
762 3973 892 4026 66666666
911 3979 936 4026 66
950 3977 1059 4038 tempus
1076 3985 1141 4038 ope·
1179 3971 1344 4036 gnoscendo,
1364 3971 1387 4022 in
1403 3969 1470 4024 hene
1486 3971 1611 4034 volenda,
1629 3969 1657 4022 in
1671 3969 1737 4022 hene
1755 3983 1816 4036 ope·
1868 3969 1870 3972 ’
1907 3997 1940 4010 -
1959 3971 2019 4034 plus
2038 3971 2119 4036 diligit
2149 3971 2190 4022 oui
2219 3971 2278 4036 plus
2304 3971 2417 4024 donatur
2448 3973 2489 4024 vll
2553 3995 2558 3998 ·

503 4061 576 4112 rendi
596 4061 630 4114 58
641 4061 816 4116 mlh-est
833 4067 940 4128 tempus
954 4059 1074 4114 merendi
1089 4061 1140 4114 606
1178 4061 1260 4112 rande
1295 4059 1344 4112 606
1376 4061 1410 4112 63
1436 4087 1473 4100 ·-
1500 4061 1622 4128 sequelae
1653 4059 1815 4126 quadruplex
1854 4059 1905 4110 686
1922 4059 1967 4110 76.
1985 4057 2037 4110 687
2055 4061 2090 4112 80
2107 4089 2144 4098 --
2163 4061 2244 4112 maior
2264 4061 2442 4114 manifestator
2464 4061 2489 4112 ia

504 4149 537 4202 30
557 4177 590 4190 -
610 4151 635 4202 66
655 4151 697 4202 666
716 4151 815 4214 gratiae
833 4149 1002 4220 quaerendus
1013 4157 1054 4204 est
1070 4149 1141 4202 Chri
1179 4149 1230 4200 396
1250 4151 1283 4200 60
1735 4163 1736 4166 ¹
1806 4147 1808 4152 '
1853 4147 2006 4202 dimittendo
2027 4147 2126 4200 maiora·
2145 4147 2247 4200 68676
2319 4179 2349 4192 .-

503 4235 627 4290 siusili
647 4239 663 4288 9
682 4267 717 4276 -
737 4239 878 4292 Ambulare
900 4239 929 4292 in
954 4239 999 4292 die
1017 4251 1139 4292 securum
1230 4239 1393 4292 ‘Drnrroanna
1414 4265 1448 4278 -
1467 4237 1639 4292 dillidendum
1658 4251 1709 4290 non
1727 4241 1766 4290 asi
1784 4237 1816 4290 de
1906 4265 1940 4276 -
1954 4237 2065 4290 dilectos
2078 4237 2221 4290 dilectionis
2230 4235 2330 4292 inducit
2342 4237 2439 4302 peccati
2454 4249 2490 4290 re-

503 4325 542 4376 666
561 4325 612 4378 398
632 4325 746 4378 69600
764 4327 855 4382 30-
872 4331 912 4380 666
936 4327 1027 4394 triplex
1052 4339 1141 4380 secun·
1178 4327 1287 4392 proprio
1306 4341 1367 4380 casu
1388 4327 1430 4380 Vll
1449 4325 1500 4380 553
1522 4325 1554 4378 65
1743 4339 1745 4344 ·
1774 4341 1775 4344 ¹
1853 4325 2003 4380 6666666666
2015 4327 2225 4394 quondpoenam
2238 4325 2343 4378 Vlll87
2357 4327 2386 4378 86
2404 4325 2491 4378 -ni

503 4413 567 4466 dum
585 4419 823 4480 temperaturae,
843 4415 922 4480 Legis
938 4421 965 4468 et
978 4415 1075 4482 gratiae
1089 4415 1140 4466 970
1232 4411 1333 4468 Dreinos
1352 4441 1386 4454 -·
1406 4417 1453 4468 Per
1473 4415 1585 4478 digitum
1600 4415 1748 4478 intelligitur
1767 4415 1817 4468 dis·
1853 4415 1970 4468 lectionis
1996 4417 2097 4468 tructus
2123 4421 2162 4468 est
2189 4415 2280 4468 evasio
2302 4417 2417 4482 poenae,
2446 4415 2492 4468 ad-

503 4505 536 4554 69
555 4513 592 4542 -’
611 4505 708 4568 gratiae
728 4505 951 4572 estnovissimus,
973 4505 998 4558 in
1015 4517 1140 4572 quoper·
1178 4505 1258 4556 cretio
1277 4505 1380 4556 Vl¹366
1403 4505 1434 4556 66
1451 4499 1490 4556 9*
1656 4519 1659 4524 ·
1752 4529 1753 4532 ¹
1802 4557 1804 4560 ,
1853 4505 1924 4568 aptio
1943 4503 2053 4570 gratioe,
2075 4485 2198 4556 meritum
2222 4505 2322 4568 gloriae
2340 4505 2372 4556 Vl
2393 4505 2444 4556 508
2464 4519 2488 4556 r.

502 4585 664 4646 manendum
690 4595 742 4646 969
764 4589 801 4646 77
823 4603 862 4634 ’-
884 4601 924 4648 666
949 4591 1056 4658 tempus
1083 4603 1141 4660 gra'
1229 4593 1350 4646 Dremnxs
1366 4609 1405 4634 -·
1421 4591 1494 4646 Circa
1513 4591 1654 4658 dignitates
1668 4591 1814 4658 primorum
1854 4595 1888 4646 93
1907 4621 1942 4630 -
1962 4593 2070 4646 Fructus
2084 4591 2362 4648 dilectionisestsalus
2382 4597 2485 4646 aeterne

501 4679 566 4746 6666,
584 4679 617 4734 in
629 4697 684 4748 quo
700 4679 819 4736 Christus
836 4685 959 4750 apparuit
978 4685 1029 4736 590
1049 4683 1063 4734 6
1179 4681 1367 4748 principiorum
1385 4681 1438 4734 non
1457 4685 1558 4734 erratur
1571 4681 1610 4734 m
1629 4679 1663 4732 66
1681 4695 1710 4748 q.
1729 4681 1738 4732 6
1853 4685 1878 4734 66
1898 4679 2038 4734 consolatio
2057 4681 2103 4736 656
2128 4683 2161 4734 93
2180 4695 2181 4698 ¹

556 4797 591 4810 -
610 4769 739 4834 significat
750 4769 883 4824 Christum
896 4773 983 4826 lucem
1002 4771 1139 4824 mnndilll
1232 4771 1349 4824 Drancrxo
1366 4769 1536 4836 -ltiligere
1553 4783 1694 4834 possumus
1718 4769 1814 4834 666666,
1860 4799 1861 4802 =
1907 4799 1941 4810 -
1959 4769 2049 4823 liberat
2069 4785 2085 4822 a
2102 4771 2186 4824 molle
2206 4769 2237 4820 Vl
2264 4769 2315 4822 330
2334 4769 2367 4820 76
2387 4799 2421 4808 -
2442 4771 2490 4822 hla-

503 4859 615 4926 30689
635 4887 673 4898 -
693 4859 842 4914 Praesentia
867 4859 963 4914 Christi
988 4859 1012 4912 in
1041 4859 1139 4912 mundo
1177 4871 1230 4912 non
1247 4859 1379 4924 mcognita
1401 4859 1432 4912 Vl
1453 4857 1487 4910 56
1505 4859 1562 4924 (pl
1590 4887 1624 4896 -
1646 4857 1814 4910 dilectionem
1853 4859 1964 4924 gnitudo
1981 4857 2124 4910 dilectionis
2150 4859 2292 4924 amplificat
2316 4859 2439 4912 meritum
2465 4863 2490 4910 et

502 4951 614 5000 vocatur
630 4947 687 5000 dies
704 4947 756 4998 373
777 4949 795 5000 5
812 4973 849 4988 ··-
872 4937 948 5001 66666
968 4947 1000 5000 ah
1015 4949 1140 5000 'adventu
1178 4947 1336 5012 praecedere
1346 4945 1424 5002 debet
1433 4947 1549 5012 cognitio
1558 4945 1743 5000 aestimationis
1753 4945 1815 5000 thiu.
1853 4947 1956 5012 expellit
1972 4949 2109 5010 peccatum
2131 4945 2178 4996 687
2199 4945 2232 4996 79
2254 4973 2286 4984 -·
2306 4953 2445 5000 conservat
2463 4945 2489 4998 in

503 5033 597 5086 Christi
616 5049 699 5102 usque
719 5033 892 5090 adiudicium
908 5037 957 5090 609
978 5037 1010 5090 30
1026 5035 1140 5090 -“6)66-
1177 5025 1301 5102 —Quod
1314 5035 1527 5102 concupiscimus
1542 5033 1683 5100 diligimus
1696 5047 1757 5086 cum
1772 5039 1815 5086 666-
1853 5033 1945 5088 merito
1965 5031 2034 5086 thie*

503 5123 589 5176 decim
609 5127 689 5176 horae
707 5123 758 5176 diei
772 5125 922 5192 significant
938 5123 1080 5178 duodecim
1094 5129 1141 5178 sta·
1179 5123 1273 5176 hemus
1294 5123 1344 5174 669
1363 5137 1389 5174 v.
1411 5123 1442 5174 69
1880 5137 1882 5140 ·
1907 5123 1986 5174 -ln
2016 5121 2152 5174 dilectione
2170 5119 2217 5172 Dei
2245 5125 2272 5174 et
2297 5121 2409 5186 proximi
2438 5123 2491 5174 uxri-

503 5217 546 5264 tus
560 5211 656 5266 Christi
676 5209 739 5264 thid.
1231 5211 1377 5264 -llei'est
1394 5210 1434 5262 nel
1448 5207 1635 5270 nitrrraliS‚vel
1652 5207 1763 5274 gratuite
1783 5207 1813 5260 Vi
1853 5211 1999 5264 versach
2014 5209 2111 5272 pendet
2130 5215 2155 5262 et
2166 5207 2312 5272 Prophetae
2332 5209 2375 5262 nu
2393 5209 2444 5262 365
2458 5211 2490 5262 90
2567 5221 2569 5224 ·

554 5327 591 5338 —-
611 5299 693 5352 honos
713 5305 739 5352 et
755 5303 840 5352 malos
860 5301 919 5354 lecit
935 5301 1005 5354 Deos
1025 5303 1050 5352 et
1073 5297 1141 5352 ordi·
1179 5297 1230 5350 659
1243 5311 1272 5348 r.
1290 5299 1323 5348 98
1342 5327 1377 5374 ·.·
1397 5297 1509 5360 Diligere
1529 5309 1581 5348 non
1599 5301 1683 5362 potest
1702 5295 1746 5362 qni
1763 5309 1815 5350 non
1852 5327 1888 5336 -
1907 5297 1953 5350 Dei
1971 5295 2178 5360 etproximiest
2197 5301 2249 5348 tota
2263 5297 2491 5362 sapientia-philo·

501 5387 573 5446 navit
593 5387 660 5440 iusto
674 5387 753 5440 modo
773 5389 806 5440 Vl
826 5387 861 5438 68
879 5403 909 5440 v.
926 5387 1008 5438 ta-
1022 5387 1090 5438 mala
1103 5391 1142 5438 est
1178 5383 1257 5436 hobel
1277 5385 1404 5450 Spiritum
1421 5387 1541 5436 sanctnm
1561 5381 1613 5436 669
1633 5383 1666 5436 36
1853 5383 1962 5450 sophiae
1979 5381 2096 5438 ihid.-·-
2118 5383 2163 5438 nei
2189 5387 2345 5448 etpruximi
2368 5393 2408 5440 est
2432 5387 2490 5438 linis

502 5475 558 5528 dies
576 5481 697 5528 aeternae
718 5473 893 5526 damnationis
912 5471 1141 5528 ibid.'-aeterni·
1232 5499 1267 5512 -
1295 5471 1455 5537 praecipitur
1483 5471 1508 5522 in
1532 5473 1608 5526 'tertio
1633 5473 1757 5526 mandato
1781 5471 1814 5524 Vl
1853 5471 1971 5528 omnium
1989 5473 2219 5528 caeremonialium
2238 5475 2272 5528 Vl
2289 5477 2342 5528 308
2362 5477 2392 5528 36
2415 5473 2490 5526 9*-

501 5563 561 5616 tatis
585 5561 750 5614 memorandi
774 5563 803 5614 96
826 5561 888 5614 v.·8
908 5587 942 5600 -
962 5561 1140 5614 Consideratio
1178 5561 1230 5612 308
1249 5561 1279 5612 36
1303 5561 1333 5612 9*
1351 5589 1386 5600 -
1400 5559 1553 5628 Obligamnr
1571 5561 1606 5614 ad
1617 5561 1764 5614 dilectionis
1782 5563 1816 5612 ai·
1854 5563 1890 5616 Ex
1901 5561 2035 5616 dilectione
2048 5561 2119 5616 venit
2138 5561 2277 5616 custoditio
2288 5563 2354 5630 legis
2370 5561 2414 5616 Dei
2437 5561 2486 5614 669

501 5647 690 5702 incertitudinis
715 5647 768 5702 diei
792 5645 900 5702 extremi
918 5649 996 5702 dehet
1016 5649 1142 5702 inducere
1178 5649 1275 5702 lectum
1294 5663 1357 5716 erga
1376 5651 1461 5702 Deum
1485 5663 1536 5714 pro
1562 5651 1660 5704 collatis
1682 5647 1816 5704 beneflciis
1853 5667 1881 5706 v.
1901 5651 1932 5704 67
1947 5657 2033 5704 -est
2050 5665 2129 5706 causa
2147 5651 2328 5706 custoditionis
2346 5653 2436 5718 legum
2456 5653 2483 5704 86

392 5763 393 5766 ¹
484 5739 537 5792 ‘ad
554 5735 741 5804 poenitentiam
760 5739 811 5792 305
833 5739 865 5792 63
1178 5737 1225 5792 Vll
1244 5741 1295 5792 685
1313 5739 1349 5792 73
1513 5771 1514 5774 =
1659 5743 1660 5746 ’
1691 5753 1693 5760 “
1853 5757 1882 5794 v.
1902 5741 1924 5792 6.
1946 5741 1995 5794 669
2015 5755 2041 5792 n.
2062 5743 2094 5794 69
2112 5747 2208 5792 -est
2229 5753 2310 5796 cause
2333 5741 2491 5806 impletionis

509 5839 510 5842 ¹
554 5853 591 5864 -
609 5823 739 5878 honorum
757 5831 818 5880 6666
837 5827 969 5892 longiores
981 5825 1076 5880 diebus
1089 5841 1142 5880 ma·
1230 5829 1350 5882 -Deus
1361 5827 1512 5894 diligendus
1526 5833 1563 5882 est
1573 5843 1603 5882 ex
1615 5833 1670 5882 toto
1684 5831 1773 5892 corde,
1785 5843 1815 5882 ex
1853 5831 1959 5882 divinae
1971 5829 2036 5894 legis
2056 5831 2106 5882 669
2126 5847 2152 5882 v.
2171 5829 2253 5882 ra-
2271 5829 2387 5896 Diligens
2402 5827 2491 5882 obser·

502 5911 603 5978 lorum,
620 5913 683 5980 quia
701 5915 822 5968 meliores
842 5921 915 5978 sunt,
932 5915 986 5968 non
1004 5915 1066 5984 quia
1086 5915 1142 5970 diu·
1177 5919 1230 5970 tota
1248 5917 1338 5970 666666
1349 5923 1373 5970 66
1393 5933 1422 5972 ex
1441 5923 1497 5972 tota
1513 5927 1600 5972 mento
1613 5919 1656 5972 966
1668 5917 1721 5972 368
1734 5917 1769 5972 66
1782 5947 1816 5958 -
1853 5913 1899 5972 vat
1924 5923 2066 5984 praecepta
2093 5917 2144 5972 668
2164 5917 2193 5968 ll
2217 5945 2253 5954 -
2271 5923 2310 5972 est
2331 5917 2410 5972 radix
2426 5917 2491 5972 divi·

500 6005 553 6056 tius
569 6003 663 6056 vivant
680 6003 715 6056 Vl
734 6001 768 6054 59
788 6005 849 6072 643
912 6003 914 6008 ’
1178 6003 1371 6070 ddperiectum
1385 6005 1495 6060 modum
1505 6005 1628 6072 diligendi
1640 6007 1818 6074 Deumreqni·
1853 6009 1950 6060 norum
1968 6013 2183 6074 praeceptorum,
2203 6005 2235 6056 ad
2249 6005 2430 6072 quamomnia
2453 6019 2492 6056 re·

508 6117 509 6120 ¹
554 6121 591 6130 -
608 6093 633 6146 ln
654 6089 748 6146 diebus
764 6093 924 6148 solemnibus
942 6099 970 6148 et
987 6093 1014 6148 in
1034 6107 1141 6162 conspe·
1176 6095 1255 6162 ritor,
1273 6097 1347 6164 quod
1363 6099 1511 6150 releramus
1523 6095 1546 6148 in
1566 6095 1653 6163 ipsum
1666 6109 1759 6148 omnes
1777 6109 1818 6148 co·
1853 6097 1970 6148 teruntur
1988 6101 2016 6148 et
2031 6095 2059 6146 in
2078 6107 2131 6162 qua
2153 6095 2279 6146 uniuntur
2300 6097 2328 6146 et
2349 6091 2490 6158 implentur

500 6189 546 6236 ctu
563 6181 737 6236 multitudinis
763 6183 876 6236 maxime
894 6185 1084 6238 intendendum
1103 6189 1142 6238 ast
1178 6185 1328 6252 gitationes,
1341 6197 1431 6238 omnes
1444 6185 1594 6238 alieotiones
1605 6191 1632 6238 et
1646 6187 1740 6236 omnes
1757 6197 1818 6248 opo·
1854 6183 1901 6244 656
1925 6185 1960 6236 95
2260 6191 2261 6194 ’

501 6273 600 6326 divinis
626 6269 749 6326 laudibus
777 6279 802 6326 ct
825 6273 1068 6338 praedicationibus
1097 6273 1140 6326 Vll
1177 6275 1291 6326 rationes
1319 6275 1370 6326 967
1391 6271 1423 6326 68
1447 6301 1484 6312 -
1508 6275 1579 6326 Deus
1604 6275 1755 6338 diligendus
1779 6279 1818 6326 est
1907 6301 1943 6310 -
1960 6285 2022 6326 nera
2033 6271 2159 6336 probatur
2171 6283 2219 6334 per
2231 6269 2408 6336 impletionem
2420 6285 2492 6324 man·

502 6359 607 6416 60566
624 6389 662 6400 ·-
680 6361 729 6416 Sex
747 6361 843 6416 diebus
866 6369 908 6416 est
923 6359 1098 6416 laborandum
1115 6367 1143 6416 et
1177 6361 1313 6414 intellectu?
1326 6363 1380 6416 sine
1400 6375 1500 6426 errore,
1520 6361 1653 6416 volontate
1677 6361 1732 6414 sine
1757 6375 1818 6412 con·
1853 6361 1975 6414 daturum
1997 6361 2028 6410 Vl
2054 6359 2099 6410 666
2125 6359 2157 6412 30
2178 6387 2213 6396 «-
2230 6371 2294 6410 vera
2322 6359 2440 6414 consistit
2462 6359 2492 6412 in

482 6455 561 6514 post
581 6449 793 6514 contemplationi
811 6453 963 6506 vacandum
981 6449 1035 6502 936
1052 6447 1088 6500 66
1105 6475 1155 6524 --Ι
1177 6449 1346 6512 iradictione,
1370 6449 1497 6522 memoria
1523 6449 1579 6502 sine
1595 6449 1740 6510 oblivione,
1766 6453 1818 6500 tota
1853 6447 2036 6502 observatione
2051 6461 2208 6500 sermonum
2222 6443 2318 6500 Christi
2337 6445 2389 6500 669
2408 6449 2442 6500 39
2455 6473 2491 6488 --

503 6539 552 6590 Sex
578 6537 674 6592 ‘diebus
701 6539 831 6594 mundum
846 6539 929 6592 Deus
957 6535 1095 6590 fabricavit
1115 6545 1143 6590 et
1163 6539 1274 6591 ¹virtute
1292 6537 1349 6590 sine
1365 6537 1470 6592 ilctione
1486 6535 1548 6590 6666.
1568 6563 1602 6576 -
1627 6539 1725 6592 Omnes
1747 6535 1818 6590 vires
1853 6551 1917 6590 vera
1936 6549 1983 6602 per
2003 6549 2070 6602 opos
2087 6535 2265 6590 manifestatur
2283 6533 2335 6588 668
2354 6535 2492 6590 til-so-

501 6631 561 6690 post
581 6627 652 6680 diem
671 6631 774 6680 sextum
797 6625 928 6692 requievit
947 6623 1017 6680 6066.
1035 6623 1088 6676 585
1106 6625 1142 6678 66
1177 6629 1328 6678 reseruntur
1354 6624 1380 6676 in
1403 6625 1487 6680 Deum
1518 6625 1545 6678 in
1572 6629 1631 6678 actu
1659 6623 1818 6692 memoriae,
1853 6625 1889 6678 let
1906 6623 2014 6688 probari
2026 6623 2161 6690 largitione
2180 6621 2430 6686 doni,axhihitione
2438 6635 2492 6674 ser-

443 6693 446 6704 „
501 6741 539 6752 -
567 6729 625 6780 sex,
654 6713 752 6782 quihus
781 6713 897 6768 mundns
927 6713 976 6764 luit
1007 6713 1142 6778 conditos,
1178 6711 1362 6778 intelligentiae
1381 6719 1406 6766 et
1423 6711 1563 6766 voluntatis
1583 6709 1645 6766 tatu.
1853 6711 1922 6774 vitii,
1942 6711 2075 6764 tolerantia
2093 6713 2184 6765 damni
2210 6713 2262 6764 603
2286 6725 2316 6766 v.
2342 6713 2376 6764 93
2393 6737 2430 6750 -
2453 6723 2513 6772 66·Ι

502 6801 627 6854 denotant
642 6799 754 6856 virtutes
780 6801 813 6854 55
834 6797 865 6852 69
884 6829 921 6842 -
938 6799 1027 6854 scitus
1048 6813 1142 6854 conve·
1185 6843 1186 6846 ,
1229 6827 1268 6842 -·
1287 6801 1358 6854 Deus
1376 6801 1527 6866 diligendus
1545 6801 1742 6868 estsapienter,
1762 6799 1820 6852 dul*
1854 6797 1967 6866 quiritur
1978 6799 2006 6854 in
2018 6799 2048 6868 iis
2057 6797 2155 6868 quihus
2164 6799 2280 6854 Christos
2291 6811 2400 6864 gregem
2411 6795 2493 6854 sunm

502 6887 591 6940 niehat
608 6887 705 6942 Christi
723 6889 800 6944 morti
818 6893 846 6942 et
865 6887 1041 6954 crucifixioni,
1058 6893 1088 6940 et
1104 6903 1143 6954 se·
1178 6889 1242 6942 citer
1262 6895 1287 6944 el
1305 6889 1405 6944 sortiter
1428 6891 1473 6943 Vll
1491 6889 1544 6944 967
1572 6887 1602 6940 68
1621 6917 1658 6930 -
1674 6887 1745 6940 Deus
1765 6887 1819 6938 dili·
1855 6887 1993 6940 committit
2012 6887 2064 6942 595
2082 6889 2111 6941 36
2491 6897 2492 6900 ’
