5900 8266
248 1655 249 1658 =
287 1633 428 1678 &cundum

436 579 501 652 464

434 761 566 850 4040444
584 763 643 832 hoo
665 761 747 850 qaod
769 757 881 832 aiunt:
896 763 1080 832 1400000440
1101 763 1329 832 scrutinentur
1344 761 1398 832 aa·

436 871 505 950 bc's;
539 867 753 956 0044400404
788 869 1225 938 Ecclesiasticiundecim01:
1254 897 1272 930 «
1291 870 1323 936 ln
1348 871 1399 940 die

435 977 565 1044 honoris
582 977 626 1044 tui
644 993 683 1044 ne
699 977 876 1056 0040440440,
902 977 1050 1064 quoniam
1066 975 1223 1044 mirabilia
1236 993 1335 1062 opera
1350 977 1399 1044 ll-

436 1083 549 1154 tissimi
571 1083 735 1164 sciisset
756 1083 892 1170 gloriosa
909 1091 938 1150 et
962 1083 1112 1152 absconsa
1127 1089 1160 1150 et
1180 1081 1284 1150 inrisa
1300 1101 1400 1170 opera

435 1189 522 1258 illius
539 1217 567 1254 0.
594 1189 628 1256 Et
647 1189 704 1256 hoc
729 1195 777 1256 est
797 1189 880 1276 quud
899 1189 974 1258 dicit
995 1189 1092 1258 Beda:
1112 1215 1128 1248 (ι
1146 1189 1227 1258 8040
1250 1189 1399 1258 coptiten·

435 1301 505 1374 tur,
540 1293 594 1360 sed
623 1293 762 1378 quiade
796 1293 959 1378 signorum
989 1293 1170 1378 operatione
1202 1293 1398 1376 efferuntur,

435 1399 582 1486 exemplo
606 1405 767 1466 terrentur
791 1405 820 1468 04
845 1399 882 1466 04
908 1399 1114 1466 humilitatem
1140 1405 1372 1466 revocantur».
1399 1445 1400 1448 ,
1472 1421 1473 1426 ¹

527 1507 577 1574 34.
605 1507 705 1592 (44040.
733 1507 807 1590 48).
832 1505 975 1572 Secundo
992 1505 1135 1592 adiungit
1158 1523 1267 1572 uanae
1289 1503 1404 1572 accub

437 1611 572 1680 tationis
596 1611 831 1698 repressionem
841 1655 852 1690 ,
875 1629 950 1678 cum
974 1613 1077 1678 addit:
1103 1615 1145 1678 Et
1166 1613 1218 1678 ait
1238 1611 1322 1678 44440.Ι
1346 1613 1399 1678 Vc'-

366 1721 367 1726 ’
435 1717 554 1786 4040404
575 1721 738 1784 satanam
764 1719 852 1786 040004
879 1715 1001 1804 salpen
1033 1717 1070 1784 de
1101 1717 1188 1786 caelo
1214 1717 1398 1798 cadauerum

435 1825 527 1910 quasi
554 1823 636 1890 44004
660 1821 827 1890 Dominus:
855 1841 896 1890 ne
918 1821 1111 1890 extollamini
1143 1823 1257 1892 divinis
1280 1823 1398 1890 heneti-

435 1929 509 2010 ciis,
542 1945 581 1996 ne
605 1947 676 1996 cunr
708 1927 854 2012 superbis
883 1929 1001 2014 angelis
1034 1929 1210 2008 corruatis:
1241 1927 1402 1996 secundae

435 2035 517 2102 Petri
550 2035 685 2104 secundo
702 2035 733 2100 2:
763 2033 941 2102 «8414040
966 2035 1167 2120 peccantibus
1189 2035 1307 2118 angelis
1334 2053 1398 2102 non

434 2143 594 2230 pepercit,
616 2143 672 2210 sed
701 2141 891 2210 rudentibus
915 2141 1028 2208 inlerni
1056 2141 1215 2208 detractos
1236 2143 1271 2208 44
1299 2147 1399 2208 tarta-

435 2263 509 2312 rum
535 2247 661 2314 tradidit
683 2245 868 2314 cruciandos
881 2269 912 2326 »3
936 2247 1062 2332 supple:
1085 2265 1147 2312 non
1169 2247 1259 2314 robis
1275 2253 1400 2332 parcet,

436 2351 465 2416 si
487 2351 688 2436 peccaveritis
710 2353 928 2436 superbiendo.
956 2353 1040 2420 Unde
1058 2351 1236 2418 Bernartius
1250 2353 1279 2418 3:
1307 2377 1324 2410 c
1340 2353 1400 2418 Su·

435 2457 544 2542 perbis
564 2459 681 2544 angelis
705 2477 768 2524 non
792 2459 931 2544 pepercit
957 2457 1123 2536 [lominus3
1150 2465 1269 2542 quanto
1297 2459 1399 2544 magis

436 2581 494 2632 nec
511 2563 586 2644 tibi,
604 2565 737 2650 putredo
754 2571 787 2632 el
803 2565 920 2632 vermis
931 2569 963 2630 »l
980 2601 1025 2614 ·-
1043 2565 1164 2632 Cecidit
1181 2571 1288 2632 autem
1312 2565 1401 2632 04044

434 2667 567 2756 04404004,
593 2671 653 2738 hoc
674 2677 723 2738 004
743 2671 912 2752 004004404,
935 2671 1105 2738 0444044404
1131 2677 1163 2740 04
1184 2671 1399 2740 irrevocabili-

436 2761 495 2842 ter.
521 2777 606 2844 Unde
629 2777 777 2862 exempln
797 2777 865 2844 eius
891 2777 986 2844 ceteri
1010 2785 1157 2860 caveant,
1180 2797 1221 2846 40
1243 2785 1399 2864 quaerant

435 2883 517 2962 alta,
541 2889 670 2970 propter
693 2901 776 2970 quae
797 2885 909 2952 luciler
932 2885 1043 2954 cecidit
1067 2887 1098 2952 in
1121 2887 1200 2964 ima,
1223 2887 1398 2954 secundum

435 2989 514 3056 illud
550 2991 647 3058 Isaiae
675 2989 797 3058 decimu
829 2995 984 3078 quarto4:
1016 2991 1211 3076 «Quomodo
1240 2991 1398 3070 cecidisti,

340 3141 343 3152 ι
436 3097 562 3176 lucifer,
596 3097 651 3182 qui
677 3115 770 3164 mane
800 3097 976 3164 oriebaris?
1000 3097 1059 3182 Qui
1092 3097 1217 3164 dicebas
1239 3097 1272 3162 iu
1302 3089 1398 3164 corde

437 3211 510 3268 turo:
536 3203 567 3268 lu
593 3203 714 3268 caelum
736 3203 961 3280 conscendam,
984 3217 1084 3286 super
1104 3207 1191 3268 astra
1214 3201 1400 3268 000440401-

435 3309 510 3374 tabo
534 3307 647 3374 solium
670 3325 777 3374 meum
792 3331 828 3386 »3
851 3313 883 3372 et
904 3313 989 3392 post:
1021 3307 1275 3374 «Verumtamen
1294 3307 1335 3372 ad
1349 3307 1398 3372 in-

434 3413 561 3480 fernum
587 3411 763 3478 detraheris
784 3413 816 3478 44
847 3413 1039 3496 protundum
1064 3411 1122 3478 laci
1139 3439 1169 3478 0.
1196 3415 1230 3479 Et
1259 3413 1328 3482 ideo
1358 3413 1398 3478 04

436 3521 592 3586 Romanos
612 3518 795 3586 undecimo:
827 3517 925 3586 «Noli
950 3519 1047 3586 altum
1074 3535 1203 3604 sapere,
1232 3519 1287 3588 004
1312 3519 1397 3586 time.

437 3625 469 3694 Si
485 3625 567 3692 enim
586 3627 668 3694 Deus
682 3625 881 3694 naturalibus
898 3625 993 3692 ramis
1010 3643 1072 3692 non
1088 3625 1245 3710 pepercit,
1262 3643 1301 3692 40
1318 3625 1398 3692 40440

437 3751 494 3800 400
520 3731 573 3796 tihi
599 3737 748 3816 parcnt».
767 3769 807 3782 --
827 3733 872 3798 lix
890 3733 950 3800 hoc
973 3733 1117 3816 exemplo
1134 3731 1215 3798 miro
1238 3733 1332 3800 rnodo
1347 3751 1398 3800 re-

362 3845 369 3876 ²
434 3837 550 3922 pressit
575 3839 726 3904 Dominus
749 3837 783 3904 in
803 3837 966 3922 discipulis
988 3835 1184 3922 superbiam,
1210 3835 1299 3924 qnasi
1316 3837 1398 3904 dicat

436 3943 517 4010 illud
547 3943 789 4012 Proverhiorum
814 3943 933 4012 decimo
965 3943 1146 4030 septimo⁵:
1175 3969 1192 4002 «
1212 3943 1272 4030 Qui
1301 3945 1398 4010 altam

434 4049 510 4118 facit
533 4049 661 4118 domum
692 4069 783 4138 suam
807 4077 844 4132 >›,
867 4051 986 4118 scilicet
1019 4069 1091 4118 cum
1119 4049 1251 4118 lucifero
1285 4069 1398 4136 super-

435 4157 564 4234 biendo,
593 4159 747 4244 «quaerit
773 4157 950 4238 ruinam»,
974 4175 1046 4224 cum
1076 4157 1183 4224 eodem
1209 4157 1396 4226 corruendo.

435 4263 524 4330 Unde
545 4263 760 4344 8044044406,
783 4267 915 4350 loquens
943 4263 1125 4330 ambitioso:
1154 4289 1169 4322 c
1187 4267 1325 4350 Sequere
1339 4265 1398 4330 du-

436 4387 505 4438 cem
523 4375 631 4450 tuum,
651 4369 825 4456 multiplica
840 4369 1047 4456 praebendae,
1069 4371 1209 4438 accelera
1223 4371 1263 4438 ad
1279 4371 1398 4456 episco-

435 4481 563 4560 patum,
589 4477 627 4544 acl
650 4477 953 4564 archiepiscopatum
972 4477 1091 4564 aspira;
1114 4477 1268 4562 paulatim
1289 4495 1397 4546 ascen·

436 4581 503 4660 440,
536 4583 591 4650 004
620 4601 683 4650 404
714 4585 876 4668 paulatimw
897 4583 1074 4652 descendes.
1117 4581 1272 4650 Videbam
1306 4589 1398 4648 cata-

434 4707 519 4756 00044
535 4691 650 4776 ¹quasi
676 4687 796 4778 fulgur
829 4691 866 4756 de
898 4689 984 4758 caelo
1015 4691 1182 4756 cadentem
1206 4717 1236 4756 0.
1262 4691 1298 4756 Et
1329 4689 1398 4756 ideo

436 4803 564 4864 econtra
588 4797 662 4864 dicit
685 4799 799 4866 Seneca
814 4799 845 4864 ⁷:
875 4797 1022 4882 «Redige
1043 4803 1075 4864 te
1097 4797 1138 4864 04
1152 4815 1269 4882 parva,
1292 4795 1397 4882 aqui·

509 5125 612 5180 ¹Vers.
635 5127 661 5194 4,
680 5127 726 5180 nbi
746 5143 794 5192 pro
815 5125 947 5182 04000000
965 5127 1045 5182 huo
1065 5125 1230 5182 0400004440.
1243 5155 1278 5168 -·
1291 5119 1396 5180 Serrten·

435 5215 471 5266 tia
489 5215 579 5268 Bedoe
596 5209 653 5282 (lll.
669 5215 697 5266 in
717 5217 777 5266 Luc.
798 5217 848 5282 lb,
864 5215 907 5266 47.
926 5213 992 5280 seq.)
1019 5215 1154 5266 exhibetur
1172 5215 1263 5266 verbis
1289 5215 1396 5268 Glossae

436 5301 786 5366 ordinatorumque,
813 5303 852 5356 47.
875 5305 970 5366 Textus
995 5303 1128 5366 originalis
1146 5309 1206 5368 post
1229 5303 1297 5356 Betae
1318 5301 1395 5372 004044·

435 5393 528 5444 4044404
549 5391 735 5458 prosequitur:
763 5391 908 5444 4040404400
935 5393 1062 5442 honorem
1088 5391 1190 5444 nourini
1214 5389 1324 5454 Christi:
1347 5391 1395 5444 sed

435 5479 498 5548 quia
518 5479 618 5532 infirma
647 5465 732 5532 adhuc
752 5479 949 5554 lidegaudeut
974 5479 1002 5530 in
1029 5479 1170 5530 virtutibus
1196 5485 1220 5536 04
1248 5479 1281 5532 40
1310 5479 1395 5544 signo·
1431 5539 1432 5542 Ἴ

434 5581 495 5620 rum
516 5571 564 5620 etc.
584 5569 633 5620 Pro
651 5569 786 5620 40440440·
807 5567 922 5620 nonnulli
943 5567 1020 5620 codd.
1034 5569 1178 5620 curantur.

509 5651 610 5708 ²Vers.
633 5655 655 5708 4.
674 5653 725 5708 Clr.
744 5655 831 5718 Beda,
848 5655 889 5708 lll.
907 5655 935 5706 in
953 5657 1014 5710 Luc.
1034 5655 1082 5718 40,
1101 5657 1143 5708 40.
1158 5655 1333 5722 -Superius
1350 5671 1396 5708 vo·

435 5743 513 5800 cibus
530 5743 627 5800 4404040
647 5743 776 5816 decretistis
795 5747 852 5808 vat.
874 5745 996 5812 praefigit
1014 5743 1053 5810 40,
1074 5751 1097 5798 04
1117 5747 1222 5798 44404440
1237 5761 1286 5812 pro
1301 5743 1395 5814 supple

437 5833 571 5888 substituit
588 5833 662 5894 400444
680 5831 766 5888 dune.
1216 5821 1217 5824 Ἴ

508 5919 621 5974 aSerra.
646 5923 669 5974 4.
689 5923 715 5974 44
737 5923 860 5976 Adventu
885 5923 1003 5992 bantini,
1025 5939 1050 5974 n.
1077 5927 1106 5976 u:
1133 5923 1156 5976 Si
1182 5921 1395 5990 superbientibus

436 6013 535 6080 angelis
554 6015 624 6066 Dens
642 6015 694 6064 non
713 6013 841 6078 pepercit,
869 6019 966 6082 quanto
993 6013 1078 6078 magis
1095 6013 1143 6068 tibi
1168 6021 1215 6068 etc.
1236 6013 1320 6070 Coud.
1338 6013 1395 6065 alle·

437 6109 499 6174 gent
517 6103 672 6158 bernardus
693 6115 774 6170 :ceper
793 6099 918 6168 Cantica,
941 6103 999 6154 Vel.
1016 6115 1098 6172 snper
1118 6103 1216 6160 dlissns
1236 6105 1281 6176 esu

440 6199 442 6204 ’
507 6187 610 6244 ‘Vera
633 6193 674 6242 44.
695 6193 735 6244 43.
757 6195 781 6242 04
800 6192 843 6244 lb.
862 6199 898 6230 '-
917 6191 1040 6256 Sequitur
1059 6191 1134 6244 Rorn.
1153 6191 1197 6256 ll,
1214 6177 1335 6256 444000.

507 6277 610 6334 ⁶Vers.
633 6281 675 6332 ld.
708 6275 709 6278 ’
1051 6283 1052 6286 ’

467 6423 468 6426 ,
508 6365 720 6422 ⁶Declunration.
741 6367 798 6436 (044.
821 6381 900 6432 supra
920 6371 982 6442 pagi
995 6369 1067 6436 448,
1087 6373 1149 6422 4040
1170 6367 1288 6438 8444441.
1310 6383 1334 6420 n.
1348 6367 1395 6420 25:

435 6459 492 6524 Age
510 6473 601 6524 ergo...
620 6471 730 6524 sequere
750 6455 840 6522 regem
860 6463 945 6510 tunm.
965 6455 1050 6512 Orane
1074 6457 1188 6512 00444400
1210 6457 1320 6510 rideam
1335 6455 1395 6524 [lob

437 6547 483 6610 41,
505 6547 561 6616 ub]
576 6547 648 6620 oculi
664 6547 711 6600 tui.
728 6547 831 6600 Festina
843 6547 1016 6612 multiplicare
1037 6547 1216 6610 praehendam
1232 6547 1292 6624 inde
1312 6547 1344 6598 ad
1358 6559 1395 6598 ar·

340 6651 342 6654 ·
436 6629 632 6690 chidiaconatus
654 6637 744 6702 00040,
770 6637 880 6688 [lentum
902 6637 988 6706 aspira
1013 6635 1044 6688 04
1072 6637 1272 6700 episcopatum,
1301 6649 1332 6686 ne
1360 6633 1394 6686 ihi

435 6721 543 6790 quidem
564 6727 681 6790 requiem
696 6723 833 6778 habiturus
839 6745 846 6786 ;
866 6723 991 6790 quonium
1011 6721 1050 6778 sic
1068 6721 1125 6778 itur
1136 6721 1174 6778 aci
1185 6727 1260 6778 astra
1274 6721 1393 6792 [Virgil.,

437 6811 479 6862 lx.
500 6813 606 6866 404044.
626 6829 651 6864 v.
671 6811 753 6880 641.].
771 6813 829 6878 Quo
847 6811 1017 6876 progrederis
1036 6811 1134 6864 miseri
1152 6813 1193 6864 Au
1211 6817 1241 6862 ut
1259 6811 1293 6862 ab
1313 6811 1395 6862 altiori

437 6899 522 6964 gradu
540 6901 575 6954 sil
590 6913 666 6952 casus
686 6901 810 6966 gravior?
824 6901 911 6968 Neque
926 6901 998 6952 enirn
1016 6899 1054 6952 sic
1067 6901 1191 6964 paulatim
1210 6899 1331 6964 4004400,
1347 6899 1395 6952 004

1048 583 1241 652 coutuntur.
1266 585 1303 652 IN
1327 583 1565 656 alluentium
1591 591 1708 660 tuctu
1731 593 1764 660 C.
1788 595 1830 662 X.

1463 765 1524 834 hus
1544 769 1657 838 004040
1679 771 1741 834 404
1766 771 1854 856 potes
1868 795 1902 836 0.
1925 769 2013 838 Unde
2034 771 2277 840 Proverhiorum
2300 775 2420 844 decima

1463 879 1586 942 octavo:
1613 901 1630 934 c
1649 877 1820 958 antequam
1844 881 2035 954 conteratur,
2059 877 2218 946 exaltatur
2242 895 2295 944 cor
2321 883 2420 946 homi-

1463 979 1528 1060 44ος
1558 989 1593 1048 04
1623 987 1791 1068 antequam
1828 981 2038 1068 glorificetur,
2075 981 2311 1062 humiliaturx;
2345 985 2421 1070 quia

1463 1089 1614 1156 sententia
1638 1093 1684 1156 est
1709 1087 1834 1168 iudicis,
1855 1087 1939 1156 infra
1962 1087 2082 1154 decime
2104 1093 2229 1156 00400οι
2261 1115 2277 1146 «
2291 1087 2420 1170 Omnis,

1462 1195 1573 1280 quise
1597 1195 1729 1272 exaltat,
1754 1195 1983 1274 humiliabitur,
2000 1195 2162 1272 0404440,
2187 1193 2290 1278 quise
2315 1195 2420 1262 humi-

1463 1299 1534 1380 liat‚
1555 1299 1749 1368 exaltabitur
1767 1325 1797 1366 0.
2207 1301 2208 1304 ’
2470 1321 2471 1324 ’

1550 1405 1602 1472 34.
1635 1405 1736 1490 (Vers.
1769 1405 1843 1488 44).
1871 1405 1976 1472 Tertio
2012 1423 2087 1470 vero
2121 1401 2283 1486 subiungit
2315 1423 2420 1470 00000
2440 1423 2544 1468 reiltun.

1436 1509 1693 1578 00004440440440
1723 1511 1946 1590 occasionem,
1977 1529 2049 1578 cum
2082 1509 2182 1578 addit:
2215 1509 2316 1588 Ecce,
2345 1509 2421 1576 44044

1462 1615 1551 1682 nobis
1571 1623 1764 1702 potestaten
1787 1615 1944 1684 calcandi
1964 1633 2074 1702 snpra
2094 1621 2259 1702 serpentes
2272 1623 2307 1682 ’04
2328 1635 2419 1684 scor-

1458 1721 1596 1806 pianes,
1631 1721 1749 1788 scilicet
1782 1729 1936 1806 quantum
1973 1723 2013 1788 ad
2045 1721 2172 1788 insidias
2207 1723 2417 1808 corporales,

1462 1827 1553 1894 iuxta
1583 1827 1666 1914 qaod
1694 1827 1809 1894 dicitur
1833 1827 1969 1912 serpenti
2003 1825 2130 1894 Genesis
2151 1827 2287 1894 tertioss:
2318 1831 2416 1914 clpsa

1435 1939 1602 2008 ,00440404
1637 1939 1730 2016 capnt
1766 1939 1878 2012 tunm,
1910 1939 1943 1998 et
1971 1939 2009 1998 tu
2041 1931 2239 1998 insidiaberis
2273 1933 2418 2002 calcaneo

1462 2037 1530 2104 eius
1547 2061 1585 2116 »;
1607 2045 1638 2104 et
1655 2057 1768 2124 wsuper
1796 2057 1923 2104 ornaenc
1956 2037 2110 2104 0444404000
2141 2035 2286 2116 inimici,
2321 2057 2419 2124 quau-

1463 2149 1530 2210 tam
1552 2143 1591 2210 ad
1610 2143 1737 2212 insidias
1764 2143 1967 2230 spiritualer,
1991 2143 2029 2212 de
2057 2143 2172 2230 quibus
2201 2143 2239 2210 ed
2268 2143 2415 2230 Ephesios

1463 2257 1551 2316 sexto
1565 2251 1592 2314 ⁹:
1620 2275 1638 2308 c<
1653 2251 1719 2316 Non
1742 2257 1789 2318 est
1813 2251 1902 2318 nabis
1925 2251 2102 2318 colluctatio
2127 2249 2277 2318 adversus
2293 2269 2418 2318 carnem

1462 2363 1491 2422 04
1517 2355 1716 2440 sanguinem,
1738 2357 1792 2424 sed
1816 2357 1967 2424 adversus
1990 2357 2151 2442 principes
2179 2363 2210 2424 et
2231 2363 2430 2444 potestates,

1462 2459 1613 2528 adversus
1637 2461 1746 2528 mundi
1772 2469 1909 2530 40040400
1930 2489 1947 2524 0
1974 2471 2051 2542 040.;
2073 2465 2178 2550 iisque
2195 2463 2236 2532 ihi
2264 2463 2328 2530 «44
2350 2481 2420 2530 000-

1462 2569 1593 2636 lestihus
1607 2595 1640 2634 0.
1658 2605 1701 2620 -·
1717 2571 1761 2636 Et
1779 2567 1863 2636 nihil
1886 2569 1974 2636 00444
1997 2569 2137 2648 nocebit,
2153 2577 2282 2656 propter
2307 2589 2418 2656 super-

1432 2703 1434 2708 ·
1463 2693 1519 2742 nas
1536 2675 1761 2760 protectiones
1778 2677 1953 2742 secundum
1967 2675 2044 2742 illud
2062 2675 2154 2742 llarci
2171 2677 2281 2742 ultimo
2294 2675 2335 2742 1⁰:
2358 2703 2375 2736 «
2386 2679 2419 2744 ln

1461 2781 1587 2848 nomine
1607 2799 1678 2848 meo
1702 2781 1863 2850 daemonia
1878 2781 2015 2860 elicient,
2037 2779 2153 2864 linguis
2177 2781 2346 2866 loquentur
2364 2801 2414 2848 no·
2478 2843 2479 2846 ,

1432 2875 1433 2912 ³
1462 2887 1527 2966 vis,
1549 2891 1711 2970 serpentes
1742 2885 1860 2952 tollent.
1886 2887 1921 2950 Et
1954 2885 1977 2950 si
2003 2883 2202 2952 mortiferum
2233 2887 2310 2972 quid
2331 2887 2418 2954 bihe-

1431 3041 1432 3044 ,
1462 2993 1539 3070 rint,
1564 3009 1626 3058 nnn
1649 2991 1695 3058 eis
1717 2991 1889 3058 nocebit».
1914 2991 1950 3058 Et
1975 2991 2061 3080 haec·
2077 2995 2211 3076 potestas
2236 2995 2280 3060 eis
2310 2991 2420 3060 collata
2516 3071 2517 3074 Ἴ

1461 3103 1584 3184 poterat
1604 3115 1672 3166 esse
1689 3097 1810 3164 occasio
1832 3097 2067 3182 praesumendi;
2090 3097 2182 3164 iuxta
2198 3099 2280 3184 quod
2305 3097 2420 3166 dicitur

1461 3205 1499 3270 40
1523 3203 1721 3282 Ezechiam
1746 3203 1836 3286 04440
1851 3219 1962 3288 preces
1984 3205 2069 3270 Dens
2087 3203 2159 3268 fecit
2183 3205 2350 3284 mirabilia,
2373 3223 2422 3274 00-

1462 3307 1555 3376 04444
1580 3307 1835 3394 Paralipomenon
1857 3307 2019 3392 trigesimo
2041 3307 2179 3374 secundo
2196 3311 2240 3376 ¹1:
2269 3335 2285 3368 «
2312 3309 2420 3376 040044
2489 3391 2491 3394 ,

1461 3415 1606 3480 Ezechias
1639 3413 1825 3492 Dominum,
1855 3413 2081 3498 exaudivitque
2111 3431 2184 3482 eum
2214 3415 2361 3484 0440444
2390 3417 2418 3482 ei

1462 3519 1602 3604 signum3
1636 3519 1775 3586 004404
1806 3517 1897 3586 iuxta
1927 3517 2094 3598 beneficia,
2128 3537 2207 3604 quae
2239 3529 2418 3606 acceperat,

1462 3625 1627 3706 retribuit,
1644 3625 1716 3710 quia
1733 3627 1889 3694 elevatam
1904 3633 2022 3694 004004
2046 3627 2132 3706 0440,
2154 3637 2187 3694 04
2207 3627 2289 3696 lacta
2312 3633 2358 3696 est
2373 3629 2421 3696 ira
2459 3687 2460 3690 ,

1462 3741 1572 3802 004440
1586 3751 1656 3800 eum
1679 3735 1835 3802 04004440
1858 3733 1964 3800 ludam
1981 3739 2013 3802 et
2031 3733 2243 3802 Ierusalem».
2267 3773 2312 3786 -
2333 3737 2420 3804 Unde
2437 3751 2583 3796 corollarium.

1460 3839 1641 3906 divinorum
1661 3841 1819 3906 donorum
1834 3839 2006 3906 multitudo
2027 3839 2136 3906 multis
2156 3839 2216 3908 fait
2241 3839 2351 3906 ruinae
2368 3859 2419 3908 oc·

1461 3943 1562 4024 casio,
1585 3943 1666 4012 sicut
1697 3943 1812 4012 dicitur
1837 3943 1878 4012 de
1906 3943 2037 4012 lucifero
2071 3945 2238 4012 Ezechielis
2267 3945 2418 4030 vigesimo

1461 4051 1629 4118 octaro12:
1658 4075 1674 4110 <c
1691 4053 1737 4116 Tu
1762 4050 1956 4134 signaculum
1981 4051 2210 4132 similitudinis
2236 4053 2347 4138 plenus
2371 4071 2419 4120 sa-
2528 4063 2529 4066 ’

1462 4155 1578 4242 pientia
1602 4155 1815 4240 superiectas
1836 4155 2001 4238 4000400;
2022 4165 2055 4222 et
2077 4157 2172 4242 paula
2194 4164 2281 4242 post:
2311 4181 2325 4216 <t
2350 4159 2418 4226 Ele-

1461 4269 1570 4328 vatum
1592 4267 1716 4330 osteor
1741 4267 1832 4328 tuum
1847 4287 1884 4342 »3
1907 4267 1941 4330 04
1964 4267 2148 4348 propterea:
2181 4291 2196 4324 ιι
2210 4261 2364 4342 Peoeasti,
2387 4271 2420 4330 04

1461 4367 1536 4434 04004
1561 4375 1590 4434 40
1613 4369 1652 4434 40
1676 4375 1779 4434 monte
1805 4373 1910 4434 sancto
1927 4367 1982 4432 Ilei
2006 4373 2035 4434 et
2059 4367 2179 4454 perdidi
2201 4375 2263 4436 400
2291 4375 2349 4436 040.
2382 4369 2419 4436 Et

1460 4473 1530 4540 idea
1552 4473 1818 4558 dicebatquidam
1836 4479 1963 4542 sauctus
1988 4475 2094 4554 homo,
2113 4475 2196 4560 quod
2218 4493 2331 4560 magua
2346 4493 2418 4560 gra-

1460 4579 1506 4648 tia
1533 4585 1666 4648 estnon
1699 4581 1817 4652 habere
1837 4579 1994 4666 gratiam3
2016 4581 2091 4666 quia
2122 4597 2229 4648 omues
2249 4583 2325 4648 istae
2348 4599 2419 4666 gra·
2521 4663 2523 4668 ι

1462 4685 1523 4754 4400
1545 4687 1721 4754 exteriores
1745 4705 1806 4754 non
1827 4693 1900 4754 snut
1924 4687 1983 4754 nisi
2007 4687 2206 4768 tentationes
2231 4693 2262 4756 et
2288 4687 2420 4772 quilibet

1461 4793 1605 4860 exterius
1620 4793 1760 4860 elevatus
1778 4793 1873 4860 debet
1892 4793 2003 4860 timere
2017 4793 2094 4860 illud
2119 4793 2171 4858 lob
2194 4793 2354 4878 trigesimo
2371 4793 2419 4858 ¹³:

1459 5129 1584 5188 tanquam
1604 5123 1693 5186 tulga:
1710 5121 1737 5174 in
1756 5121 1854 5186 impetu
1868 5121 2028 5182 0040440444,
2046 5121 2121 5188 quasi
2132 5121 2196 5174 alter
2208 5125 2313 5176 0040400
2330 5121 2419 5176 subito

1459 5209 1596 5262 deiicierls.
1616 5209 1667 5262 Clr.
1689 5211 1770 5260 Serra.
1792 5209 1818 5260 2.
1834 5209 1863 5260 44
1880 5209 1987 5260 400040.
2005 5209 2123 5276 Danuui,
2140 5223 2166 5260 n.
2187 5209 2211 5260 6.
2235 5215 2260 5260 04
2279 5209 2303 5262 4.
2321 5223 2348 5260 4.
2369 5211 2394 5262 3.

1528 5293 1539 5326 ¹
1561 5295 1611 5350 Cle.
1631 5295 1710 5360 Epist.
1724 5297 1767 5350 94.
1788 5297 1862 5364 (01400
1881 5297 1935 5366 95.)
1949 5297 1975 5350 in
1994 5297 2054 5350 4440.
2071 5299 2099 5350 44
2114 5297 2261 5364 tragoedia,
2274 5299 2318 5352 cui
2329 5299 2421 5352 titulus

1459 5385 1585 5440 Hercules
1602 5383 1722 5454 furiens,
1744 5387 1843 5438 4044.
1864 5401 1889 5440 v.
1910 5389 1967 5438 areu.
1989 5401 2075 5454 seqq:
2230 5373 2231 5376 ¹

1617 5581 1619 5584 ·
1709 5563 1860 5632 Humilique
1878 5565 1947 5630 loco,
1965 5565 2013 5620 secl
2031 5571 2101 5620 certa
2120 5557 2193 5620 sedet

1708 5655 1819 5708 Sordide
1838 5669 1938 5720 parvae
1955 5659 2060 5708 lortunn
2078 5655 2175 5708 domus

1707 5743 1763 5796 Alte
1782 5745 1868 5798 virtus
1886 5745 2004 5798 anirnosa
2021 5745 2100 5798 cadit.

1458 5915 1566 5974 -Duo
1583 5935 1657 5988 seqq.
1677 5921 1726 5974 loci
1746 5927 1807 5974 suut
1824 5923 1901 5974 Prov.
1926 5921 1971 5986 48,
1994 5923 2039 5984 44,
2060 5921 2105 5974 ubi
2126 5921 2203 5974 codd.
2221 5923 2289 5974 Arete
2306 5919 2419 5974 40400440

1459 6007 1656 6076 [septuaginta
1679 6011 1746 6064 4040
1763 6007 1963 6076 contactionem]
1984 6009 2124 6064 caaltnlur
2135 6013 2185 6062 etc.
2198 6007 2257 6076 [clr.
2278 6011 2355 6062 Prov.
2369 6009 2418 6076 lb,

1459 6101 1509 6152 l8:
1526 6099 1593 6154 Aule
1605 6097 1717 6154 4444440444
1737 6099 1879 6154 nuntiatur
1890 6097 2035 6166 spir·t't·us];
2055 6103 2079 6150 et
2091 6101 2153 6150 Luc.
2175 6097 2221 6160 48,
2238 6097 2283 6162 44,
2303 6099 2328 6148 44
2342 6097 2420 6150 cuius

1458 6187 1628 6254 explicatione
1645 6187 1725 6240 codd.
1743 6189 1845 6252 legunt:
1866 6189 1943 6240 Pron.
1964 6187 2011 6240 ts:
2033 6187 2183 6256 Antequam
2199 6189 2364 6240 conteratur.

1530 6271 1542 6302 ⁸
1562 6275 1635 6328 Vers.
1654 6275 1705 6328 45.
1720 6273 1771 6328 Clr.
1793 6275 1880 6352 Beda,
1899 6275 1937 6328 lll.
1955 6273 1984 6326 in
2001 6275 2064 6326 Luc.
2084 6273 2130 6342 tu,
2150 6275 2160 6324 l
2169 6275 2192 6326 4.
2213 6267 2215 6270 ’

1529 6361 1542 6392 ⁹
1563 6365 1636 6418 4040.
1656 6365 1703 6430 44,
1723 6361 1769 6416 uhi
1788 6379 1836 6430 pra
1854 6361 1992 6432 principes
2009 6361 2091 6416 hCD
2109 6353 2287 6432 principatus.

1463 6463 1464 6470 ’
1529 6451 1553 6484 ²⁰
1574 6453 1649 6506 Vers.
1673 6451 1713 6506 47.
1734 6467 1788 6519 seq.
1809 6451 1861 6506 Csr.
1878 6455 1935 6506 Act.
1954 6455 2003 6520 48,
2022 6453 2048 6504 3.
2067 6465 2144 6520 seqq.

1462 6555 1466 6560 ·
1529 6541 1552 6572 11
1571 6527 1647 6594 Vers.
1667 6541 1710 6594 44.
1730 6547 1756 6594 04
1774 6541 1866 6594 444-
1879 6541 2005 6606 Superius
2018 6553 2067 6604 pro
2076 6535 2274 6606 praesumendi
2293 6539 2420 6610 4400004·-

1459 6631 1556 6688 440044.
2310 6699 2313 6704 ι

1530 6717 1553 6748 ¹²
1571 6717 1647 6772 Vers.
1662 6719 1707 6784 44,
1721 6699 1834 6772 subinde
1847 6733 1875 6772 v.
1889 6703 1897 6766 4
1905 6717 1932 6772 7.
1944 6721 1969 6768 04
1991 6717 2038 6778 46,
2051 6715 2097 6766 uhi
2111 6715 2223 6780 Vulgata
2237 6721 2261 6766 04
2274 6715 2420 6788 Vendunt·

1458 6813 1515 6862 4444
1530 6811 1635 6862 sancto.
1673 6813 1674 6818 ’
1702 6811 1709 6814 ”

1531 6893 1554 6930 1³
1574 6895 1647 6946 llere.
1669 6895 1710 6944 44.
