<?xml version="1.0" encoding="UTF-8"?>
<!DOCTYPE html PUBLIC "-//W3C//DTD XHTML 1.0 Transitional//EN"
    "http://www.w3.org/TR/xhtml1/DTD/xhtml1-transitional.dtd">
<html xmlns="http://www.w3.org/1999/xhtml" xml:lang="en" lang="en">
 <head>
  <title>
</title>
<meta http-equiv="Content-Type" content="text/html;charset=utf-8" />
  <meta name='ocr-system' content='tesseract 3.04.00' />
  <meta name='ocr-capabilities' content='ocr_page ocr_carea ocr_par ocr_line ocrx_word'/>
</head>
<body>
  <div class='ocr_page' id='page_1' title='image "./doctorisseraphi01italgoog/doctorisseraphi01italgoog_0494.png"; bbox 0 0 5908 8266; ppageno 0'>
   <div class='ocr_carea' id='block_1_1' title="bbox 1018 559 1836 632">
    <p class='ocr_par' dir='ltr' id='par_1_1' title="bbox 1018 559 1836 632">
     <span class='ocr_line' id='line_1_1' title="bbox 1018 559 1836 632; baseline 0 -4"><span class='ocrx_word' id='word_1_1' title='bbox 1018 561 1212 630; x_wconf 73' lang='lat' dir='ltr'>colluthus.</span> <span class='ocrx_word' id='word_1_2' title='bbox 1238 563 1275 632; x_wconf 87' lang='grc' dir='ltr'>ΙΝ</span> <span class='ocrx_word' id='word_1_3' title='bbox 1298 561 1538 630; x_wconf 81' lang='lat' dir='ltr'>uvlucuulull</span> <span class='ocrx_word' id='word_1_4' title='bbox 1561 559 1678 630; x_wconf 79' lang='lat' dir='ltr'>hucne</span> <span class='ocrx_word' id='word_1_5' title='bbox 1704 563 1735 628; x_wconf 91' lang='lat' dir='ltr'>C.</span> <span class='ocrx_word' id='word_1_6' title='bbox 1760 563 1836 630; x_wconf 89' lang='lat' dir='ltr'>XlX.</span> 
     </span>
    </p>
   </div>
   <div class='ocr_carea' id='block_1_2' title="bbox 271 737 1397 5064">
    <p class='ocr_par' dir='ltr' id='par_1_2' title="bbox 352 737 1393 1870">
     <span class='ocr_line' id='line_1_2' title="bbox 434 737 1392 820; baseline 0 -16"><span class='ocrx_word' id='word_1_7' title='bbox 434 755 548 820; x_wconf 86' lang='lat' dir='ltr'>quam,</span> <span class='ocrx_word' id='word_1_8' title='bbox 570 739 702 806; x_wconf 89' lang='lat' dir='ltr'>transito</span> <span class='ocrx_word' id='word_1_9' title='bbox 726 741 872 818; x_wconf 77' lang='lat' dir='ltr'>Iordane,</span> <span class='ocrx_word' id='word_1_10' title='bbox 895 737 1122 806; x_wconf 74' lang='lat' dir='ltr'>subiectorum</span> <span class='ocrx_word' id='word_1_11' title='bbox 1145 739 1266 818; x_wconf 92' lang='lat' dir='ltr'>ludaei,</span> <span class='ocrx_word' id='word_1_12' title='bbox 1285 757 1392 806; x_wconf 90' lang='lat' dir='ltr'>secun-</span> 
     </span>
     <span class='ocr_line' id='line_1_3' title="bbox 352 843 1393 932; baseline 0 -22"><span class='ocrx_word' id='word_1_13' title='bbox 352 869 354 872; x_wconf 95' lang='lat'>·</span> <span class='ocrx_word' id='word_1_14' title='bbox 432 843 507 912; x_wconf 92' lang='lat' dir='ltr'>dum</span> <span class='ocrx_word' id='word_1_15' title='bbox 531 845 616 932; x_wconf 90' lang='lat' dir='ltr'>quod</span> <span class='ocrx_word' id='word_1_16' title='bbox 637 845 754 914; x_wconf 89' lang='lat' dir='ltr'>dicitur</span> <span class='ocrx_word' id='word_1_17' title='bbox 777 849 866 914; x_wconf 91' lang='lat' dir='ltr'>losue</span> <span class='ocrx_word' id='word_1_18' title='bbox 888 847 1025 924; x_wconf 88' lang='lat' dir='ltr'>sexto¹;</span> <span class='ocrx_word' id='word_1_19' title='bbox 1050 845 1104 912; x_wconf 91' lang='lat' dir='ltr'>sed</span> <span class='ocrx_word' id='word_1_20' title='bbox 1120 845 1317 912; x_wconf 82' lang='lat' dir='ltr'>reaedificata</span> <span class='ocrx_word' id='word_1_21' title='bbox 1333 845 1393 910; x_wconf 89' lang='lat' dir='ltr'>luit</span> 
     </span>
     <span class='ocr_line' id='line_1_4' title="bbox 396 941 1392 1038; baseline -0.003 -20"><span class='ocrx_word' id='word_1_22' title='bbox 396 941 397 944; x_wconf 61' lang='grc'>’</span> <span class='ocrx_word' id='word_1_23' title='bbox 433 953 494 1020; x_wconf 93' lang='lat' dir='ltr'>sub</span> <span class='ocrx_word' id='word_1_24' title='bbox 515 951 638 1034; x_wconf 76' lang='lat' dir='ltr'>Achab,</span> <span class='ocrx_word' id='word_1_25' title='bbox 663 971 738 1038; x_wconf 89' lang='lat' dir='ltr'>rege</span> <span class='ocrx_word' id='word_1_26' title='bbox 759 952 871 1032; x_wconf 84' lang='lat' dir='ltr'>lsrael3</span> <span class='ocrx_word' id='word_1_27' title='bbox 895 951 980 1018; x_wconf 94' lang='lat' dir='ltr'>unde</span> <span class='ocrx_word' id='word_1_28' title='bbox 1009 951 1094 1018; x_wconf 89' lang='lat' dir='ltr'>tertii</span> <span class='ocrx_word' id='word_1_29' title='bbox 1125 951 1243 1038; x_wconf 83' lang='lat' dir='ltr'>Regum</span> <span class='ocrx_word' id='word_1_30' title='bbox 1271 951 1392 1018; x_wconf 91' lang='lat' dir='ltr'>decimo</span> 
     </span>
     <span class='ocr_line' id='line_1_5' title="bbox 434 1057 1392 1126; baseline -0.002 0"><span class='ocrx_word' id='word_1_31' title='bbox 434 1065 542 1126; x_wconf 90' lang='lat' dir='ltr'>sexto:</span> <span class='ocrx_word' id='word_1_32' title='bbox 571 1087 587 1118; x_wconf 75' lang='lat' dir='ltr'>&lt;c</span> <span class='ocrx_word' id='word_1_33' title='bbox 605 1061 636 1126; x_wconf 94' lang='lat' dir='ltr'>lu</span> <span class='ocrx_word' id='word_1_34' title='bbox 660 1061 771 1126; x_wconf 93' lang='lat' dir='ltr'>diebus</span> <span class='ocrx_word' id='word_1_35' title='bbox 795 1057 898 1124; x_wconf 80' lang='lat' dir='ltr'>Achab</span> <span class='ocrx_word' id='word_1_36' title='bbox 922 1057 1098 1124; x_wconf 84' lang='lat' dir='ltr'>aedificarit</span> <span class='ocrx_word' id='word_1_37' title='bbox 1126 1059 1191 1124; x_wconf 92' lang='lat' dir='ltr'>Hiel</span> <span class='ocrx_word' id='word_1_38' title='bbox 1216 1057 1253 1124; x_wconf 95' lang='lat' dir='ltr'>de</span> <span class='ocrx_word' id='word_1_39' title='bbox 1286 1057 1392 1124; x_wconf 88' lang='lat' dir='ltr'>Betbel</span> 
     </span>
     <span class='ocr_line' id='line_1_6' title="bbox 432 1163 1392 1248; baseline -0.001 -18"><span class='ocrx_word' id='word_1_40' title='bbox 432 1165 562 1232; x_wconf 87' lang='lat' dir='ltr'>iericho.</span> <span class='ocrx_word' id='word_1_41' title='bbox 579 1167 614 1232; x_wconf 93' lang='lat' dir='ltr'>In</span> <span class='ocrx_word' id='word_1_42' title='bbox 628 1165 771 1244; x_wconf 79' lang='lat' dir='ltr'>lbiram,</span> <span class='ocrx_word' id='word_1_43' title='bbox 798 1163 957 1248; x_wconf 81' lang='lat' dir='ltr'>primitivo</span> <span class='ocrx_word' id='word_1_44' title='bbox 974 1181 1044 1242; x_wconf 91' lang='lat' dir='ltr'>suo,</span> <span class='ocrx_word' id='word_1_45' title='bbox 1060 1163 1203 1231; x_wconf 80' lang='lat' dir='ltr'>fundauit</span> <span class='ocrx_word' id='word_1_46' title='bbox 1221 1181 1289 1230; x_wconf 86' lang='lat' dir='ltr'>earu</span> <span class='ocrx_word' id='word_1_47' title='bbox 1304 1171 1337 1230; x_wconf 88' lang='lat' dir='ltr'>et</span> <span class='ocrx_word' id='word_1_48' title='bbox 1360 1163 1392 1228; x_wconf 89' lang='lat' dir='ltr'>in</span> 
     </span>
     <span class='ocr_line' id='line_1_7' title="bbox 435 1269 1392 1356; baseline 0 -22"><span class='ocrx_word' id='word_1_49' title='bbox 435 1269 549 1356; x_wconf 90' lang='lat' dir='ltr'>Segub,</span> <span class='ocrx_word' id='word_1_50' title='bbox 572 1269 744 1336; x_wconf 84' lang='lat' dir='ltr'>nouissimo</span> <span class='ocrx_word' id='word_1_51' title='bbox 759 1289 828 1348; x_wconf 91' lang='lat' dir='ltr'>suo,</span> <span class='ocrx_word' id='word_1_52' title='bbox 844 1271 948 1354; x_wconf 80' lang='lat' dir='ltr'>posuit</span> <span class='ocrx_word' id='word_1_53' title='bbox 972 1275 1078 1354; x_wconf 88' lang='lat' dir='ltr'>portas</span> <span class='ocrx_word' id='word_1_54' title='bbox 1103 1269 1188 1348; x_wconf 86' lang='lat' dir='ltr'>eiua,</span> <span class='ocrx_word' id='word_1_55' title='bbox 1214 1269 1305 1334; x_wconf 87' lang='lat' dir='ltr'>iuxta</span> <span class='ocrx_word' id='word_1_56' title='bbox 1321 1289 1392 1336; x_wconf 86' lang='lat' dir='ltr'>rer-</span> 
     </span>
     <span class='ocr_line' id='line_1_8' title="bbox 433 1373 1392 1460; baseline -0.001 -18"><span class='ocrx_word' id='word_1_57' title='bbox 433 1375 508 1442; x_wconf 92' lang='lat' dir='ltr'>bum</span> <span class='ocrx_word' id='word_1_58' title='bbox 533 1373 675 1454; x_wconf 85' lang='lat' dir='ltr'>Domini,</span> <span class='ocrx_word' id='word_1_59' title='bbox 697 1375 783 1460; x_wconf 82' lang='lat' dir='ltr'>qtrod</span> <span class='ocrx_word' id='word_1_60' title='bbox 806 1373 930 1442; x_wconf 92' lang='lat' dir='ltr'>locutus</span> <span class='ocrx_word' id='word_1_61' title='bbox 952 1375 1057 1442; x_wconf 87' lang='lat' dir='ltr'>luerat</span> <span class='ocrx_word' id='word_1_62' title='bbox 1079 1375 1233 1442; x_wconf 83' lang='lat' dir='ltr'>Dominus</span> <span class='ocrx_word' id='word_1_63' title='bbox 1247 1373 1281 1440; x_wconf 90' lang='lat' dir='ltr'>in</span> <span class='ocrx_word' id='word_1_64' title='bbox 1297 1393 1392 1442; x_wconf 89' lang='lat' dir='ltr'>manu</span> 
     </span>
     <span class='ocr_line' id='line_1_9' title="bbox 432 1481 1392 1566; baseline 0 -18"><span class='ocrx_word' id='word_1_65' title='bbox 432 1483 539 1560; x_wconf 86' lang='lat' dir='ltr'>losoe,</span> <span class='ocrx_word' id='word_1_66' title='bbox 561 1481 616 1546; x_wconf 84' lang='lat' dir='ltr'>tuh</span> <span class='ocrx_word' id='word_1_67' title='bbox 640 1481 711 1546; x_wconf 87' lang='lat' dir='ltr'>Nun</span> <span class='ocrx_word' id='word_1_68' title='bbox 729 1507 756 1546; x_wconf 71' lang='lat' dir='ltr'>a.</span> <span class='ocrx_word' id='word_1_69' title='bbox 776 1481 859 1548; x_wconf 91' lang='lat' dir='ltr'>llanc</span> <span class='ocrx_word' id='word_1_70' title='bbox 873 1481 1028 1548; x_wconf 84' lang='lat' dir='ltr'>Dominus</span> <span class='ocrx_word' id='word_1_71' title='bbox 1043 1499 1101 1548; x_wconf 91' lang='lat' dir='ltr'>sua</span> <span class='ocrx_word' id='word_1_72' title='bbox 1115 1481 1287 1548; x_wconf 84' lang='lat' dir='ltr'>illustrarit</span> <span class='ocrx_word' id='word_1_73' title='bbox 1301 1499 1392 1566; x_wconf 90' lang='lat' dir='ltr'>prae-</span> 
     </span>
     <span class='ocr_line' id='line_1_10' title="bbox 432 1587 1392 1672; baseline -0.002 -18"><span class='ocrx_word' id='word_1_74' title='bbox 432 1587 550 1664; x_wconf 89' lang='lat' dir='ltr'>sentia,</span> <span class='ocrx_word' id='word_1_75' title='bbox 572 1605 636 1670; x_wconf 91' lang='lat' dir='ltr'>qua</span> <span class='ocrx_word' id='word_1_76' title='bbox 661 1587 876 1670; x_wconf 91' lang='lat' dir='ltr'>peccatoribus</span> <span class='ocrx_word' id='word_1_77' title='bbox 900 1587 1182 1664; x_wconf 76' lang='lat' dir='ltr'>condescendebat,</span> <span class='ocrx_word' id='word_1_78' title='bbox 1208 1605 1271 1672; x_wconf 82' lang='lat' dir='ltr'>orta</span> <span class='ocrx_word' id='word_1_79' title='bbox 1297 1587 1392 1652; x_wconf 92' lang='lat' dir='ltr'>etiam</span> 
     </span>
     <span class='ocr_line' id='line_1_11' title="bbox 432 1685 1393 1772; baseline 0.002 -18"><span class='ocrx_word' id='word_1_80' title='bbox 432 1689 674 1772; x_wconf 80' lang='lat' dir='ltr'>peccatoresao</span> <span class='ocrx_word' id='word_1_81' title='bbox 687 1707 730 1756; x_wconf 91' lang='lat' dir='ltr'>se</span> <span class='ocrx_word' id='word_1_82' title='bbox 752 1685 939 1758; x_wconf 77' lang='lat' dir='ltr'>attrahebat.</span> <span class='ocrx_word' id='word_1_83' title='bbox 965 1691 1063 1758; x_wconf 89' lang='lat' dir='ltr'>Pietas</span> <span class='ocrx_word' id='word_1_84' title='bbox 1088 1691 1170 1760; x_wconf 91' lang='lat' dir='ltr'>enim</span> <span class='ocrx_word' id='word_1_85' title='bbox 1187 1691 1317 1758; x_wconf 83' lang='lat' dir='ltr'>attrahit</span> <span class='ocrx_word' id='word_1_86' title='bbox 1335 1691 1393 1756; x_wconf 85' lang='lat' dir='ltr'>mi-</span> 
     </span>
     <span class='ocr_line' id='line_1_12' title="bbox 433 1793 974 1870; baseline 0.006 -10"><span class='ocrx_word' id='word_1_87' title='bbox 433 1811 538 1870; x_wconf 91' lang='lat' dir='ltr'>seros,</span> <span class='ocrx_word' id='word_1_88' title='bbox 561 1793 643 1860; x_wconf 91' lang='lat' dir='ltr'>sicut</span> <span class='ocrx_word' id='word_1_89' title='bbox 668 1793 794 1862; x_wconf 89' lang='lat' dir='ltr'>adamas</span> <span class='ocrx_word' id='word_1_90' title='bbox 814 1795 936 1862; x_wconf 85' lang='lat' dir='ltr'>ferrum</span> <span class='ocrx_word' id='word_1_91' title='bbox 950 1799 974 1862; x_wconf 74' lang='lat'>².</span> 
     </span>
    </p>

    <p class='ocr_par' dir='ltr' id='par_1_3' title="bbox 292 1887 1393 2198">
     <span class='ocr_line' id='line_1_13' title="bbox 338 1887 1392 1986; baseline 0.002 -20"><span class='ocrx_word' id='word_1_92' title='bbox 338 1887 347 1900; x_wconf 77' lang='grc'>’</span> <span class='ocrx_word' id='word_1_93' title='bbox 522 1899 678 1982; x_wconf 70' lang='lat' dir='ltr'>sitem.</span> <span class='ocrx_word' id='word_1_94' title='bbox 704 1903 759 1984; x_wconf 86' lang='grc'><strong>2.).</strong></span> <span class='ocrx_word' id='word_1_95' title='bbox 785 1901 855 1968; x_wconf 90' lang='lat' dir='ltr'>ldeo</span> <span class='ocrx_word' id='word_1_96' title='bbox 877 1901 1025 1968; x_wconf 82' lang='lat' dir='ltr'>subditur</span> <span class='ocrx_word' id='word_1_97' title='bbox 1056 1901 1212 1968; x_wconf 89' lang='lat' dir='ltr'>uttroctio</span> <span class='ocrx_word' id='word_1_98' title='bbox 1242 1911 1392 1986; x_wconf 80' lang='lat' dir='ltr'>pesculo-</span> 
     </span>
     <span class='ocr_line' id='line_1_14' title="bbox 302 2007 1393 2118; baseline 0 -46"><span class='ocrx_word' id='word_1_99' title='bbox 302 2021 405 2118; x_wconf 52' lang='lat' dir='ltr'>pmatuto</span> <span class='ocrx_word' id='word_1_100' title='bbox 432 2007 502 2084; x_wconf 88' lang='lat' dir='ltr'>ris;</span> <span class='ocrx_word' id='word_1_101' title='bbox 526 2011 656 2090; x_wconf 86' lang='lat' dir='ltr'>propter</span> <span class='ocrx_word' id='word_1_102' title='bbox 689 2007 774 2090; x_wconf 91' lang='lat' dir='ltr'>quod</span> <span class='ocrx_word' id='word_1_103' title='bbox 805 2007 975 2092; x_wconf 89' lang='lat' dir='ltr'>sequitur:</span> <span class='ocrx_word' id='word_1_104' title='bbox 991 2009 1030 2072; x_wconf 82' lang='lat' dir='ltr'>Et</span> <span class='ocrx_word' id='word_1_105' title='bbox 1058 2027 1147 2086; x_wconf 86' lang='lat' dir='ltr'>eece,</span> <span class='ocrx_word' id='word_1_106' title='bbox 1178 2009 1234 2074; x_wconf 90' lang='lat' dir='ltr'>uir</span> <span class='ocrx_word' id='word_1_107' title='bbox 1259 2009 1393 2072; x_wconf 87' lang='lat' dir='ltr'>uomiue</span> 
     </span>
     <span class='ocr_line' id='line_1_15' title="bbox 292 2085 1392 2198; baseline -0.002 -18"><span class='ocrx_word' id='word_1_108' title='bbox 292 2085 625 2190; x_wconf 67' lang='grc' dir='ltr'>Μῦέιῠηε’ΖιιιΙιιιι.ἰιε;</span> <span class='ocrx_word' id='word_1_109' title='bbox 650 2111 742 2180; x_wconf 91' lang='lat' dir='ltr'>cuius</span> <span class='ocrx_word' id='word_1_110' title='bbox 764 2131 877 2180; x_wconf 91' lang='lat' dir='ltr'>nomen</span> <span class='ocrx_word' id='word_1_111' title='bbox 910 2119 978 2180; x_wconf 90' lang='lat' dir='ltr'>orat</span> <span class='ocrx_word' id='word_1_112' title='bbox 998 2119 1111 2180; x_wconf 92' lang='lat' dir='ltr'>notum</span> <span class='ocrx_word' id='word_1_113' title='bbox 1145 2118 1176 2180; x_wconf 93' lang='lat' dir='ltr'>et</span> <span class='ocrx_word' id='word_1_114' title='bbox 1211 2111 1392 2198; x_wconf 88' lang='lat' dir='ltr'>vulgatum,</span> 
     </span>
    </p>

    <p class='ocr_par' dir='ltr' id='par_1_4' title="bbox 288 2219 1397 4532">
     <span class='ocr_line' id='line_1_16' title="bbox 433 2219 1392 2306; baseline -0.004 -18"><span class='ocrx_word' id='word_1_115' title='bbox 433 2239 495 2288; x_wconf 92' lang='lat' dir='ltr'>non</span> <span class='ocrx_word' id='word_1_116' title='bbox 518 2225 648 2304; x_wconf 90' lang='lat' dir='ltr'>propter</span> <span class='ocrx_word' id='word_1_117' title='bbox 672 2219 789 2288; x_wconf 90' lang='lat' dir='ltr'>lamam</span> <span class='ocrx_word' id='word_1_118' title='bbox 810 2219 953 2296; x_wconf 85' lang='lat' dir='ltr'>uirtutis,</span> <span class='ocrx_word' id='word_1_119' title='bbox 979 2219 1033 2286; x_wconf 89' lang='lat' dir='ltr'>sed</span> <span class='ocrx_word' id='word_1_120' title='bbox 1055 2219 1215 2286; x_wconf 84' lang='lat' dir='ltr'>infamiam</span> <span class='ocrx_word' id='word_1_121' title='bbox 1238 2219 1392 2306; x_wconf 87' lang='lat' dir='ltr'>rapacita-</span> 
     </span>
     <span class='ocr_line' id='line_1_17' title="bbox 434 2323 1393 2412; baseline -0.002 -20"><span class='ocrx_word' id='word_1_122' title='bbox 434 2325 484 2392; x_wconf 88' lang='lat' dir='ltr'>tis.</span> <span class='ocrx_word' id='word_1_123' title='bbox 507 2363 553 2372; x_wconf 93' lang='lat'>—</span> <span class='ocrx_word' id='word_1_124' title='bbox 574 2325 663 2390; x_wconf 90' lang='lat' dir='ltr'>Unde</span> <span class='ocrx_word' id='word_1_125' title='bbox 684 2327 807 2392; x_wconf 89' lang='lat' dir='ltr'>subdit:</span> <span class='ocrx_word' id='word_1_126' title='bbox 836 2327 872 2390; x_wconf 85' lang='lat' dir='ltr'>Et</span> <span class='ocrx_word' id='word_1_127' title='bbox 896 2323 948 2390; x_wconf 84' lang='lat' dir='ltr'>bu:</span> <span class='ocrx_word' id='word_1_128' title='bbox 972 2333 1046 2392; x_wconf 87' lang='lat' dir='ltr'>erut</span> <span class='ocrx_word' id='word_1_129' title='bbox 1062 2325 1221 2412; x_wconf 84' lang='lat' dir='ltr'>princeps</span> <span class='ocrx_word' id='word_1_130' title='bbox 1238 2327 1393 2410; x_wconf 83' lang='lat' dir='ltr'>publicu-</span> 
     </span>
     <span class='ocr_line' id='line_1_18' title="bbox 434 2429 1394 2516; baseline 0.002 -20"><span class='ocrx_word' id='word_1_131' title='bbox 434 2449 575 2510; x_wconf 89' lang='lat' dir='ltr'>norum,</span> <span class='ocrx_word' id='word_1_132' title='bbox 601 2429 655 2516; x_wconf 84' lang='lat' dir='ltr'>qui</span> <span class='ocrx_word' id='word_1_133' title='bbox 686 2429 804 2500; x_wconf 90' lang='lat' dir='ltr'>scilicet</span> <span class='ocrx_word' id='word_1_134' title='bbox 834 2433 924 2498; x_wconf 91' lang='lat' dir='ltr'>lucra</span> <span class='ocrx_word' id='word_1_135' title='bbox 957 2431 1072 2498; x_wconf 90' lang='lat' dir='ltr'>saeculi</span> <span class='ocrx_word' id='word_1_136' title='bbox 1105 2431 1306 2498; x_wconf 89' lang='lat' dir='ltr'>sectabantur</span> <span class='ocrx_word' id='word_1_137' title='bbox 1336 2449 1394 2516; x_wconf 93' lang='lat' dir='ltr'>per</span> 
     </span>
     <span class='ocr_line' id='line_1_19' title="bbox 433 2537 1392 2624; baseline 0.002 -22"><span class='ocrx_word' id='word_1_138' title='bbox 433 2537 534 2606; x_wconf 89' lang='lat' dir='ltr'>las-et</span> <span class='ocrx_word' id='word_1_139' title='bbox 557 2537 643 2604; x_wconf 85' lang='lat' dir='ltr'>nefas</span> <span class='ocrx_word' id='word_1_140' title='bbox 657 2537 679 2600; x_wconf 71' lang='grc'>3.</span> <span class='ocrx_word' id='word_1_141' title='bbox 704 2537 792 2606; x_wconf 84' lang='grc' dir='ltr'><strong>Ηεεε</strong></span> <span class='ocrx_word' id='word_1_142' title='bbox 814 2543 922 2604; x_wconf 84' lang='grc' dir='ltr'><strong>εειειε</strong></span> <span class='ocrx_word' id='word_1_143' title='bbox 950 2537 1185 2624; x_wconf 83' lang='lat' dir='ltr'>principatum</span> <span class='ocrx_word' id='word_1_144' title='bbox 1209 2555 1271 2604; x_wconf 91' lang='lat' dir='ltr'>non</span> <span class='ocrx_word' id='word_1_145' title='bbox 1295 2537 1392 2604; x_wconf 88' lang='lat' dir='ltr'>habe·-</span> 
     </span>
     <span class='ocr_line' id='line_1_20' title="bbox 434 2645 1394 2732; baseline -0.003 -20"><span class='ocrx_word' id='word_1_146' title='bbox 434 2645 489 2712; x_wconf 92' lang='lat' dir='ltr'>bat</span> <span class='ocrx_word' id='word_1_147' title='bbox 509 2651 639 2732; x_wconf 90' lang='lat' dir='ltr'>propter</span> <span class='ocrx_word' id='word_1_148' title='bbox 665 2645 833 2726; x_wconf 89' lang='lat' dir='ltr'>iustitiam,</span> <span class='ocrx_word' id='word_1_149' title='bbox 859 2645 913 2714; x_wconf 89' lang='lat' dir='ltr'>sed</span> <span class='ocrx_word' id='word_1_150' title='bbox 935 2651 1065 2730; x_wconf 91' lang='lat' dir='ltr'>propter</span> <span class='ocrx_word' id='word_1_151' title='bbox 1090 2645 1264 2730; x_wconf 87' lang='lat' dir='ltr'>pecuniam.</span> <span class='ocrx_word' id='word_1_152' title='bbox 1290 2681 1332 2696; x_wconf 84' lang='lat'>-</span> <span class='ocrx_word' id='word_1_153' title='bbox 1357 2645 1394 2710; x_wconf 88' lang='lat' dir='ltr'>Et</span> 
     </span>
     <span class='ocr_line' id='line_1_21' title="bbox 434 2751 1392 2838; baseline -0.002 -20"><span class='ocrx_word' id='word_1_154' title='bbox 434 2753 504 2820; x_wconf 88' lang='lat' dir='ltr'>ideo</span> <span class='ocrx_word' id='word_1_155' title='bbox 527 2751 626 2820; x_wconf 88' lang='lat' dir='ltr'>addit:</span> <span class='ocrx_word' id='word_1_156' title='bbox 653 2753 696 2816; x_wconf 84' lang='lat' dir='ltr'>Et</span> <span class='ocrx_word' id='word_1_157' title='bbox 716 2751 786 2838; x_wconf 89' lang='lat' dir='ltr'>ipse</span> <span class='ocrx_word' id='word_1_158' title='bbox 807 2753 917 2832; x_wconf 81' lang='lat' dir='ltr'>diues,</span> <span class='ocrx_word' id='word_1_159' title='bbox 940 2757 973 2816; x_wconf 89' lang='lat' dir='ltr'>et</span> <span class='ocrx_word' id='word_1_160' title='bbox 995 2751 1039 2816; x_wconf 92' lang='lat' dir='ltr'>ita</span> <span class='ocrx_word' id='word_1_161' title='bbox 1060 2751 1212 2836; x_wconf 92' lang='lat' dir='ltr'>gibbosus</span> <span class='ocrx_word' id='word_1_162' title='bbox 1235 2751 1317 2820; x_wconf 93' lang='lat' dir='ltr'>sicut</span> <span class='ocrx_word' id='word_1_163' title='bbox 1342 2769 1392 2818; x_wconf 88' lang='lat' dir='ltr'>ca-</span> 
     </span>
     <span class='ocr_line' id='line_1_22' title="bbox 434 2855 1392 2944; baseline -0.002 -20"><span class='ocrx_word' id='word_1_164' title='bbox 434 2861 537 2926; x_wconf 91' lang='lat' dir='ltr'>melus</span> <span class='ocrx_word' id='word_1_165' title='bbox 558 2865 590 2924; x_wconf 88' lang='lat' dir='ltr'>et</span> <span class='ocrx_word' id='word_1_166' title='bbox 613 2859 738 2942; x_wconf 92' lang='lat' dir='ltr'>ineptus</span> <span class='ocrx_word' id='word_1_167' title='bbox 759 2859 800 2926; x_wconf 89' lang='lat' dir='ltr'>ad</span> <span class='ocrx_word' id='word_1_168' title='bbox 821 2875 975 2944; x_wconf 91' lang='lat' dir='ltr'>regnum;</span> <span class='ocrx_word' id='word_1_169' title='bbox 991 2875 1089 2942; x_wconf 90' lang='lat' dir='ltr'>supra</span> <span class='ocrx_word' id='word_1_170' title='bbox 1104 2855 1226 2924; x_wconf 90' lang='lat' dir='ltr'>decimo</span> <span class='ocrx_word' id='word_1_171' title='bbox 1241 2857 1392 2926; x_wconf 75' lang='lat' dir='ltr'>octavo4:</span> 
     </span>
     <span class='ocr_line' id='line_1_23' title="bbox 407 2963 1394 3050; baseline 0.002 -20"><span class='ocrx_word' id='word_1_172' title='bbox 407 2983 408 2986; x_wconf 68' lang='grc'>’</span> <span class='ocrx_word' id='word_1_173' title='bbox 440 2965 666 3046; x_wconf 74' lang='lat' dir='ltr'>«Faciliusest,</span> <span class='ocrx_word' id='word_1_174' title='bbox 678 2967 831 3032; x_wconf 88' lang='lat' dir='ltr'>camelum</span> <span class='ocrx_word' id='word_1_175' title='bbox 846 2967 965 3032; x_wconf 88' lang='lat' dir='ltr'>intrare</span> <span class='ocrx_word' id='word_1_176' title='bbox 977 2963 1185 3050; x_wconf 79' lang='lat' dir='ltr'>perforamen</span> <span class='ocrx_word' id='word_1_177' title='bbox 1201 2983 1304 3044; x_wconf 87' lang='lat' dir='ltr'>acus»</span> <span class='ocrx_word' id='word_1_178' title='bbox 1322 2973 1394 3044; x_wconf 85' lang='grc' dir='ltr'><strong>ειε.;</strong></span> 
     </span>
     <span class='ocr_line' id='line_1_24' title="bbox 435 3071 1395 3160; baseline 0 -20"><span class='ocrx_word' id='word_1_179' title='bbox 435 3079 467 3140; x_wconf 87' lang='grc' dir='ltr'>ει</span> <span class='ocrx_word' id='word_1_180' title='bbox 491 3077 596 3140; x_wconf 85' lang='grc' dir='ltr'><strong>ιεειεε</strong></span> <span class='ocrx_word' id='word_1_181' title='bbox 618 3071 725 3140; x_wconf 86' lang='lat' dir='ltr'>divina</span> <span class='ocrx_word' id='word_1_182' title='bbox 746 3075 864 3140; x_wconf 83' lang='lat' dir='ltr'>uirtute</span> <span class='ocrx_word' id='word_1_183' title='bbox 886 3073 945 3140; x_wconf 90' lang='lat' dir='ltr'>fuit</span> <span class='ocrx_word' id='word_1_184' title='bbox 962 3071 1179 3152; x_wconf 89' lang='lat' dir='ltr'>introductus,</span> <span class='ocrx_word' id='word_1_185' title='bbox 1196 3071 1272 3160; x_wconf 89' lang='lat' dir='ltr'>quia</span> <span class='ocrx_word' id='word_1_186' title='bbox 1287 3089 1395 3140; x_wconf 90' lang='lat' dir='ltr'>amore</span> 
     </span>
     <span class='ocr_line' id='line_1_25' title="bbox 434 3179 1080 3266; baseline 0.008 -22"><span class='ocrx_word' id='word_1_187' title='bbox 434 3179 537 3266; x_wconf 89' lang='lat' dir='ltr'>ipsius</span> <span class='ocrx_word' id='word_1_188' title='bbox 558 3179 675 3248; x_wconf 85' lang='lat' dir='ltr'>Christi</span> <span class='ocrx_word' id='word_1_189' title='bbox 696 3179 756 3248; x_wconf 85' lang='lat' dir='ltr'>luit</span> <span class='ocrx_word' id='word_1_190' title='bbox 780 3187 942 3248; x_wconf 90' lang='lat' dir='ltr'>attractus.</span> <span class='ocrx_word' id='word_1_191' title='bbox 966 3209 967 3212; x_wconf 79' lang='lat'>¹</span> <span class='ocrx_word' id='word_1_192' title='bbox 1078 3217 1080 3222; x_wconf 35' lang='lat' dir='ltr'>v</span> 
     </span>
     <span class='ocr_line' id='line_1_26' title="bbox 452 3285 1397 3372; baseline 0 -22"><span class='ocrx_word' id='word_1_193' title='bbox 452 3301 453 3304; x_wconf 73' lang='grc'>’</span> <span class='ocrx_word' id='word_1_194' title='bbox 524 3285 556 3350; x_wconf 83' lang='lat' dir='ltr'>lt.</span> <span class='ocrx_word' id='word_1_195' title='bbox 581 3285 683 3368; x_wconf 78' lang='lat' dir='ltr'>(Vens.</span> <span class='ocrx_word' id='word_1_196' title='bbox 712 3285 765 3368; x_wconf 78' lang='lat' dir='ltr'>3.l.</span> <span class='ocrx_word' id='word_1_197' title='bbox 793 3287 877 3352; x_wconf 92' lang='lat' dir='ltr'>Unde</span> <span class='ocrx_word' id='word_1_198' title='bbox 902 3291 932 3354; x_wconf 91' lang='lat' dir='ltr'>et</span> <span class='ocrx_word' id='word_1_199' title='bbox 954 3287 1119 3352; x_wconf 88' lang='lat' dir='ltr'>subditur:</span> <span class='ocrx_word' id='word_1_200' title='bbox 1154 3287 1194 3352; x_wconf 82' lang='lat' dir='ltr'>lu</span> <span class='ocrx_word' id='word_1_201' title='bbox 1217 3285 1397 3372; x_wconf 77' lang='lat' dir='ltr'>quaerebat</span> 
     </span>
     <span class='ocr_line' id='line_1_27' title="bbox 288 3389 1395 3476; baseline 0.002 -22"><span class='ocrx_word' id='word_1_202' title='bbox 288 3395 417 3440; x_wconf 69' lang='lat' dir='ltr'>Notandum·</span> <span class='ocrx_word' id='word_1_203' title='bbox 434 3389 693 3468; x_wconf 77' lang='lat' dir='ltr'>uiatorelesum,</span> <span class='ocrx_word' id='word_1_204' title='bbox 719 3391 795 3476; x_wconf 82' lang='lat' dir='ltr'>puis</span> <span class='ocrx_word' id='word_1_205' title='bbox 816 3397 914 3470; x_wconf 77' lang='lat' dir='ltr'>esset,-</span> <span class='ocrx_word' id='word_1_206' title='bbox 935 3391 1021 3476; x_wconf 87' lang='lat' dir='ltr'>quod</span> <span class='ocrx_word' id='word_1_207' title='bbox 1044 3411 1105 3458; x_wconf 92' lang='lat' dir='ltr'>non</span> <span class='ocrx_word' id='word_1_208' title='bbox 1128 3391 1173 3458; x_wconf 90' lang='lat' dir='ltr'>ita</span> <span class='ocrx_word' id='word_1_209' title='bbox 1195 3393 1311 3458; x_wconf 87' lang='lat' dir='ltr'>laceret</span> <span class='ocrx_word' id='word_1_210' title='bbox 1328 3399 1395 3458; x_wconf 92' lang='lat' dir='ltr'>stu-</span> 
     </span>
     <span class='ocr_line' id='line_1_28' title="bbox 435 3493 1395 3576; baseline 0 -16"><span class='ocrx_word' id='word_1_211' title='bbox 435 3493 540 3572; x_wconf 85' lang='lat' dir='ltr'>diose,</span> <span class='ocrx_word' id='word_1_212' title='bbox 554 3493 615 3560; x_wconf 93' lang='lat' dir='ltr'>nisi</span> <span class='ocrx_word' id='word_1_213' title='bbox 632 3501 769 3576; x_wconf 80' lang='lat' dir='ltr'>auraret,</span> <span class='ocrx_word' id='word_1_214' title='bbox 794 3513 852 3562; x_wconf 92' lang='lat' dir='ltr'>nec</span> <span class='ocrx_word' id='word_1_215' title='bbox 866 3503 987 3562; x_wconf 90' lang='lat' dir='ltr'>amaret</span> <span class='ocrx_word' id='word_1_216' title='bbox 1002 3497 1052 3562; x_wconf 87' lang='lat' dir='ltr'>vel</span> <span class='ocrx_word' id='word_1_217' title='bbox 1067 3497 1229 3576; x_wconf 89' lang='lat' dir='ltr'>crederet,</span> <span class='ocrx_word' id='word_1_218' title='bbox 1244 3495 1304 3562; x_wconf 94' lang='lat' dir='ltr'>nisi</span> <span class='ocrx_word' id='word_1_219' title='bbox 1327 3497 1395 3562; x_wconf 90' lang='lat' dir='ltr'>eius</span> 
     </span>
     <span class='ocr_line' id='line_1_29' title="bbox 434 3599 1395 3686; baseline 0.002 -22"><span class='ocrx_word' id='word_1_220' title='bbox 434 3599 537 3684; x_wconf 87' lang='lat' dir='ltr'>gratia</span> <span class='ocrx_word' id='word_1_221' title='bbox 557 3605 748 3684; x_wconf 84' lang='lat' dir='ltr'>praeventus</span> <span class='ocrx_word' id='word_1_222' title='bbox 773 3607 864 3680; x_wconf 90' lang='lat' dir='ltr'>esset,</span> <span class='ocrx_word' id='word_1_223' title='bbox 880 3599 955 3686; x_wconf 89' lang='lat' dir='ltr'>quia</span> <span class='ocrx_word' id='word_1_224' title='bbox 973 3601 1094 3668; x_wconf 89' lang='lat' dir='ltr'>loannis</span> <span class='ocrx_word' id='word_1_225' title='bbox 1109 3609 1201 3668; x_wconf 89' lang='lat' dir='ltr'>sexto</span> <span class='ocrx_word' id='word_1_226' title='bbox 1214 3601 1243 3666; x_wconf 86' lang='lat'>⁵:</span> <span class='ocrx_word' id='word_1_227' title='bbox 1268 3601 1395 3668; x_wconf 90' lang='lat' dir='ltr'>«Nemo</span> 
     </span>
     <span class='ocr_line' id='line_1_30' title="bbox 434 3703 1397 3792; baseline 0.002 -22"><span class='ocrx_word' id='word_1_228' title='bbox 434 3703 521 3770; x_wconf 84' lang='lat' dir='ltr'>venit</span> <span class='ocrx_word' id='word_1_229' title='bbox 544 3705 582 3770; x_wconf 90' lang='lat' dir='ltr'>ad</span> <span class='ocrx_word' id='word_1_230' title='bbox 605 3721 671 3784; x_wconf 91' lang='lat' dir='ltr'>me,</span> <span class='ocrx_word' id='word_1_231' title='bbox 694 3705 753 3772; x_wconf 91' lang='lat' dir='ltr'>nisi</span> <span class='ocrx_word' id='word_1_232' title='bbox 777 3707 867 3772; x_wconf 90' lang='lat' dir='ltr'>Pater</span> <span class='ocrx_word' id='word_1_233' title='bbox 897 3705 1005 3786; x_wconf 88' lang='lat' dir='ltr'>meus,</span> <span class='ocrx_word' id='word_1_234' title='bbox 1030 3707 1086 3792; x_wconf 87' lang='lat' dir='ltr'>qui</span> <span class='ocrx_word' id='word_1_235' title='bbox 1107 3707 1192 3776; x_wconf 90' lang='lat' dir='ltr'>misit</span> <span class='ocrx_word' id='word_1_236' title='bbox 1226 3725 1295 3786; x_wconf 90' lang='lat' dir='ltr'>me,</span> <span class='ocrx_word' id='word_1_237' title='bbox 1331 3713 1397 3774; x_wconf 90' lang='lat' dir='ltr'>tra-</span> 
     </span>
     <span class='ocr_line' id='line_1_31' title="bbox 385 3807 1396 3892; baseline 0.003 -18"><span class='ocrx_word' id='word_1_238' title='bbox 385 3859 386 3862; x_wconf 30' lang='lat'>.</span> <span class='ocrx_word' id='word_1_239' title='bbox 435 3807 521 3876; x_wconf 85' lang='lat' dir='ltr'>xerit</span> <span class='ocrx_word' id='word_1_240' title='bbox 544 3825 616 3876; x_wconf 93' lang='lat' dir='ltr'>eum</span> <span class='ocrx_word' id='word_1_241' title='bbox 632 3837 665 3874; x_wconf 71' lang='lat' dir='ltr'>a.</span> <span class='ocrx_word' id='word_1_242' title='bbox 688 3809 777 3878; x_wconf 90' lang='lat' dir='ltr'>Hunc</span> <span class='ocrx_word' id='word_1_243' title='bbox 807 3811 908 3880; x_wconf 90' lang='lat' dir='ltr'>traxit</span> <span class='ocrx_word' id='word_1_244' title='bbox 937 3813 1041 3892; x_wconf 90' lang='lat' dir='ltr'>lesus,</span> <span class='ocrx_word' id='word_1_245' title='bbox 1063 3815 1102 3878; x_wconf 92' lang='lat' dir='ltr'>ul</span> <span class='ocrx_word' id='word_1_246' title='bbox 1123 3819 1206 3880; x_wconf 91' lang='lat' dir='ltr'>esset</span> <span class='ocrx_word' id='word_1_247' title='bbox 1229 3813 1260 3878; x_wconf 92' lang='lat' dir='ltr'>in</span> <span class='ocrx_word' id='word_1_248' title='bbox 1286 3829 1396 3878; x_wconf 85' lang='lat' dir='ltr'>exem-</span> 
     </span>
     <span class='ocr_line' id='line_1_32' title="bbox 434 3917 1396 4004; baseline 0 -20"><span class='ocrx_word' id='word_1_249' title='bbox 434 3917 525 4002; x_wconf 91' lang='lat' dir='ltr'>plum</span> <span class='ocrx_word' id='word_1_250' title='bbox 548 3917 625 3982; x_wconf 90' lang='lat' dir='ltr'>aliis.</span> <span class='ocrx_word' id='word_1_251' title='bbox 651 3917 738 3986; x_wconf 86' lang='lat' dir='ltr'>Unde</span> <span class='ocrx_word' id='word_1_252' title='bbox 758 3919 817 3986; x_wconf 91' lang='lat' dir='ltr'>iste</span> <span class='ocrx_word' id='word_1_253' title='bbox 835 3921 896 3986; x_wconf 91' lang='lat' dir='ltr'>iam</span> <span class='ocrx_word' id='word_1_254' title='bbox 919 3917 1067 4004; x_wconf 88' lang='lat' dir='ltr'>implebat</span> <span class='ocrx_word' id='word_1_255' title='bbox 1084 3919 1249 3986; x_wconf 91' lang='lat' dir='ltr'>consilium</span> <span class='ocrx_word' id='word_1_256' title='bbox 1267 3919 1396 4004; x_wconf 88' lang='lat' dir='ltr'>Sapien-</span> 
     </span>
     <span class='ocr_line' id='line_1_33' title="bbox 435 4023 1396 4102; baseline 0.002 -14"><span class='ocrx_word' id='word_1_257' title='bbox 435 4025 493 4102; x_wconf 87' lang='lat' dir='ltr'>tis,</span> <span class='ocrx_word' id='word_1_258' title='bbox 517 4023 690 4090; x_wconf 89' lang='lat' dir='ltr'>secundum</span> <span class='ocrx_word' id='word_1_259' title='bbox 715 4023 793 4092; x_wconf 93' lang='lat' dir='ltr'>illud</span> <span class='ocrx_word' id='word_1_260' title='bbox 822 4025 1065 4094; x_wconf 76' lang='lat' dir='ltr'>proverbiorum</span> <span class='ocrx_word' id='word_1_261' title='bbox 1095 4025 1247 4094; x_wconf 63' lang='lat' dir='ltr'>octavoi:</span> <span class='ocrx_word' id='word_1_262' title='bbox 1280 4025 1396 4094; x_wconf 77' lang='lat' dir='ltr'>«hoci-</span> 
     </span>
     <span class='ocr_line' id='line_1_34' title="bbox 434 4127 1395 4214; baseline 0.003 -20"><span class='ocrx_word' id='word_1_263' title='bbox 434 4129 499 4212; x_wconf 88' lang='lat' dir='ltr'>pite</span> <span class='ocrx_word' id='word_1_264' title='bbox 522 4127 720 4214; x_wconf 83' lang='lat' dir='ltr'>disciplinam</span> <span class='ocrx_word' id='word_1_265' title='bbox 742 4139 899 4196; x_wconf 88' lang='lat' dir='ltr'>meamet</span> <span class='ocrx_word' id='word_1_266' title='bbox 922 4149 983 4196; x_wconf 94' lang='lat' dir='ltr'>nou</span> <span class='ocrx_word' id='word_1_267' title='bbox 1011 4129 1194 4214; x_wconf 79' lang='lat' dir='ltr'>pecuniam,</span> <span class='ocrx_word' id='word_1_268' title='bbox 1220 4129 1395 4196; x_wconf 89' lang='lat' dir='ltr'>doctrinam</span> 
     </span>
     <span class='ocr_line' id='line_1_35' title="bbox 434 4231 1395 4320; baseline -0.001 -22"><span class='ocrx_word' id='word_1_269' title='bbox 434 4231 535 4318; x_wconf 82' lang='lat' dir='ltr'>uragis</span> <span class='ocrx_word' id='word_1_270' title='bbox 557 4251 653 4316; x_wconf 88' lang='lat' dir='ltr'>quam</span> <span class='ocrx_word' id='word_1_271' title='bbox 676 4251 794 4300; x_wconf 88' lang='lat' dir='ltr'>aurum</span> <span class='ocrx_word' id='word_1_272' title='bbox 815 4235 963 4320; x_wconf 83' lang='lat' dir='ltr'>eligite».</span> <span class='ocrx_word' id='word_1_273' title='bbox 987 4235 1047 4320; x_wconf 85' lang='lat' dir='ltr'>Qui</span> <span class='ocrx_word' id='word_1_274' title='bbox 1070 4235 1115 4302; x_wconf 93' lang='lat' dir='ltr'>sic</span> <span class='ocrx_word' id='word_1_275' title='bbox 1139 4235 1264 4320; x_wconf 87' lang='lat' dir='ltr'>quaerit</span> <span class='ocrx_word' id='word_1_276' title='bbox 1291 4235 1395 4300; x_wconf 92' lang='lat' dir='ltr'>lesum</span> 
     </span>
     <span class='ocr_line' id='line_1_36' title="bbox 434 4337 1395 4426; baseline 0 -22"><span class='ocrx_word' id='word_1_277' title='bbox 434 4337 572 4418; x_wconf 85' lang='lat' dir='ltr'>inuenit,</span> <span class='ocrx_word' id='word_1_278' title='bbox 598 4340 771 4407; x_wconf 91' lang='lat' dir='ltr'>secundum</span> <span class='ocrx_word' id='word_1_279' title='bbox 796 4341 873 4408; x_wconf 91' lang='lat' dir='ltr'>illud</span> <span class='ocrx_word' id='word_1_280' title='bbox 899 4341 1073 4426; x_wconf 84' lang='lat' dir='ltr'>Sapientiae</span> <span class='ocrx_word' id='word_1_281' title='bbox 1097 4339 1218 4424; x_wconf 91' lang='lat' dir='ltr'>primo:</span> <span class='ocrx_word' id='word_1_282' title='bbox 1239 4365 1255 4398; x_wconf 73' lang='lat' dir='ltr'>c&lt;</span> <span class='ocrx_word' id='word_1_283' title='bbox 1271 4341 1303 4406; x_wconf 91' lang='lat' dir='ltr'>ln</span> <span class='ocrx_word' id='word_1_284' title='bbox 1319 4339 1395 4406; x_wconf 91' lang='lat' dir='ltr'>sim-</span> 
     </span>
     <span class='ocr_line' id='line_1_37' title="bbox 434 4445 1395 4532; baseline 0 -20"><span class='ocrx_word' id='word_1_285' title='bbox 434 4445 572 4532; x_wconf 89' lang='lat' dir='ltr'>plicitate</span> <span class='ocrx_word' id='word_1_286' title='bbox 589 4445 691 4514; x_wconf 87' lang='lat' dir='ltr'>cordis</span> <span class='ocrx_word' id='word_1_287' title='bbox 707 4447 851 4532; x_wconf 88' lang='lat' dir='ltr'>quaerite</span> <span class='ocrx_word' id='word_1_288' title='bbox 865 4447 973 4526; x_wconf 89' lang='lat' dir='ltr'>illum,</span> <span class='ocrx_word' id='word_1_289' title='bbox 997 4447 1151 4532; x_wconf 48' lang='lat' dir='ltr'>quoniamss</span> <span class='ocrx_word' id='word_1_290' title='bbox 1170 4445 1332 4514; x_wconf 84' lang='lat' dir='ltr'>inuenitur</span> <span class='ocrx_word' id='word_1_291' title='bbox 1354 4447 1395 4512; x_wconf 91' lang='lat' dir='ltr'>ab</span> 
     </span>
    </p>

    <p class='ocr_par' dir='ltr' id='par_1_5' title="bbox 359 4551 1134 4636">
     <span class='ocr_line' id='line_1_38' title="bbox 359 4551 1134 4636; baseline 0 -18"><span class='ocrx_word' id='word_1_292' title='bbox 359 4603 380 4634; x_wconf 64' lang='lat'><strong><em>&gt;</em></strong></span> <span class='ocrx_word' id='word_1_293' title='bbox 434 4551 486 4618; x_wconf 93' lang='lat' dir='ltr'>his</span> <span class='ocrx_word' id='word_1_294' title='bbox 507 4551 563 4636; x_wconf 86' lang='lat' dir='ltr'>qui</span> <span class='ocrx_word' id='word_1_295' title='bbox 587 4557 789 4618; x_wconf 92' lang='lat' dir='ltr'>nontentant</span> <span class='ocrx_word' id='word_1_296' title='bbox 809 4553 930 4620; x_wconf 86' lang='lat' dir='ltr'>illum»</span> <span class='ocrx_word' id='word_1_297' title='bbox 961 4559 1020 4620; x_wconf 88' lang='lat' dir='ltr'>etc.</span> <span class='ocrx_word' id='word_1_298' title='bbox 1132 4615 1134 4618; x_wconf 83' lang='lat'>.</span> 
     </span>
    </p>

    <p class='ocr_par' dir='ltr' id='par_1_6' title="bbox 525 4657 1395 4744">
     <span class='ocr_line' id='line_1_39' title="bbox 525 4657 1395 4744; baseline 0 -20"><span class='ocrx_word' id='word_1_299' title='bbox 525 4659 554 4724; x_wconf 75' lang='grc' dir='ltr'>ὃ.</span> <span class='ocrx_word' id='word_1_300' title='bbox 580 4657 723 4724; x_wconf 89' lang='lat' dir='ltr'>Secundo</span> <span class='ocrx_word' id='word_1_301' title='bbox 755 4665 911 4744; x_wconf 90' lang='lat' dir='ltr'>quantum</span> <span class='ocrx_word' id='word_1_302' title='bbox 945 4659 994 4724; x_wconf 62' lang='lat' dir='ltr'>ao,</span> <span class='ocrx_word' id='word_1_303' title='bbox 1019 4657 1285 4736; x_wconf 87' lang='lat' dir='ltr'>returdutiuum,</span> <span class='ocrx_word' id='word_1_304' title='bbox 1308 4659 1395 4744; x_wconf 89' lang='lat' dir='ltr'>quod</span> 
     </span>
    </p>

    <p class='ocr_par' dir='ltr' id='par_1_7' title="bbox 271 4759 1395 5064">
     <span class='ocr_line' id='line_1_40' title="bbox 271 4759 1395 4872; baseline 0 -40"><span class='ocrx_word' id='word_1_305' title='bbox 271 4763 495 4872; x_wconf 50' lang='lat' dir='ltr'>ugggpvffiariuit</span> <span class='ocrx_word' id='word_1_306' title='bbox 515 4763 692 4850; x_wconf 87' lang='lat' dir='ltr'>frequentia</span> <span class='ocrx_word' id='word_1_307' title='bbox 716 4759 843 4850; x_wconf 87' lang='lat' dir='ltr'>populi,</span> <span class='ocrx_word' id='word_1_308' title='bbox 865 4765 989 4832; x_wconf 92' lang='lat' dir='ltr'>subdit:</span> <span class='ocrx_word' id='word_1_309' title='bbox 1016 4769 1055 4832; x_wconf 85' lang='lat' dir='ltr'>Et</span> <span class='ocrx_word' id='word_1_310' title='bbox 1078 4785 1146 4832; x_wconf 89' lang='lat' dir='ltr'>uou</span> <span class='ocrx_word' id='word_1_311' title='bbox 1164 4771 1295 4850; x_wconf 87' lang='lat' dir='ltr'>poterut</span> <span class='ocrx_word' id='word_1_312' title='bbox 1307 4783 1395 4850; x_wconf 84' lang='lat' dir='ltr'>prce</span> 
     </span>
     <span class='ocr_line' id='line_1_41' title="bbox 390 4859 1392 4958; baseline 0.004 -24"><span class='ocrx_word' id='word_1_313' title='bbox 390 4859 395 4872; x_wconf 81' lang='lat'>&#39;</span> <span class='ocrx_word' id='word_1_314' title='bbox 436 4869 552 4948; x_wconf 89' lang='lat' dir='ltr'>turbu,</span> <span class='ocrx_word' id='word_1_315' title='bbox 577 4869 660 4958; x_wconf 85' lang='lat' dir='ltr'>puio</span> <span class='ocrx_word' id='word_1_316' title='bbox 681 4877 819 4938; x_wconf 86' lang='lat' dir='ltr'>stuturu</span> <span class='ocrx_word' id='word_1_317' title='bbox 840 4871 985 4958; x_wconf 88' lang='lat' dir='ltr'>pusillus</span> <span class='ocrx_word' id='word_1_318' title='bbox 1000 4879 1084 4940; x_wconf 87' lang='lat' dir='ltr'>erut.</span> <span class='ocrx_word' id='word_1_319' title='bbox 1100 4871 1179 4940; x_wconf 91' lang='lat' dir='ltr'>llaec</span> <span class='ocrx_word' id='word_1_320' title='bbox 1204 4871 1304 4938; x_wconf 87' lang='lat' dir='ltr'>turbu</span> <span class='ocrx_word' id='word_1_321' title='bbox 1320 4889 1392 4940; x_wconf 89' lang='lat' dir='ltr'>eum</span> 
     </span>
     <span class='ocr_line' id='line_1_42' title="bbox 434 4973 1395 5064; baseline 0.006 -26"><span class='ocrx_word' id='word_1_322' title='bbox 434 4973 638 5060; x_wconf 89' lang='lat' dir='ltr'>impediebat,</span> <span class='ocrx_word' id='word_1_323' title='bbox 663 4993 744 5060; x_wconf 87' lang='lat' dir='ltr'>quae</span> <span class='ocrx_word' id='word_1_324' title='bbox 760 4995 883 5062; x_wconf 90' lang='lat' dir='ltr'>semper</span> <span class='ocrx_word' id='word_1_325' title='bbox 900 4977 1051 5062; x_wconf 92' lang='lat' dir='ltr'>impedire</span> <span class='ocrx_word' id='word_1_326' title='bbox 1067 4977 1231 5064; x_wconf 84' lang='lat' dir='ltr'>consueuit</span> <span class='ocrx_word' id='word_1_327' title='bbox 1254 4977 1395 5044; x_wconf 87' lang='lat' dir='ltr'>volentes</span> 
     </span>
    </p>
   </div>
   <div class='ocr_carea' id='block_1_3' title="bbox 436 5357 1397 5692">
    <p class='ocr_par' dir='ltr' id='par_1_8' title="bbox 436 5357 1397 5612">
     <span class='ocr_line' id='line_1_43' title="bbox 508 5357 1397 5430; baseline 0.009 -20"><span class='ocrx_word' id='word_1_328' title='bbox 508 5357 517 5388; x_wconf 78' lang='lat'>1</span> <span class='ocrx_word' id='word_1_329' title='bbox 539 5359 613 5412; x_wconf 87' lang='lat' dir='ltr'>Vers.</span> <span class='ocrx_word' id='word_1_330' title='bbox 632 5361 675 5412; x_wconf 88' lang='grc'>20.</span> <span class='ocrx_word' id='word_1_331' title='bbox 693 5367 721 5414; x_wconf 87' lang='grc' dir='ltr'>ει</span> <span class='ocrx_word' id='word_1_332' title='bbox 738 5359 834 5414; x_wconf 83' lang='lat' dir='ltr'>deinde</span> <span class='ocrx_word' id='word_1_333' title='bbox 852 5363 890 5414; x_wconf 94' lang='lat' dir='ltr'>lll.</span> <span class='ocrx_word' id='word_1_334' title='bbox 909 5363 974 5430; x_wconf 85' lang='lat' dir='ltr'>lleg.</span> <span class='ocrx_word' id='word_1_335' title='bbox 994 5365 1042 5428; x_wconf 84' lang='lat' dir='ltr'>lo,</span> <span class='ocrx_word' id='word_1_336' title='bbox 1062 5365 1110 5428; x_wconf 79' lang='lat' dir='ltr'>ul,</span> <span class='ocrx_word' id='word_1_337' title='bbox 1129 5365 1155 5416; x_wconf 93' lang='lat' dir='ltr'>iu</span> <span class='ocrx_word' id='word_1_338' title='bbox 1172 5367 1248 5420; x_wconf 85' lang='lat' dir='ltr'>ctritrs</span> <span class='ocrx_word' id='word_1_339' title='bbox 1268 5367 1319 5418; x_wconf 87' lang='lat' dir='ltr'>line</span> <span class='ocrx_word' id='word_1_340' title='bbox 1339 5367 1397 5418; x_wconf 87' lang='lat' dir='ltr'>alle·</span> 
     </span>
     <span class='ocr_line' id='line_1_44' title="bbox 437 5447 1396 5520; baseline 0.008 -22"><span class='ocrx_word' id='word_1_341' title='bbox 437 5453 513 5510; x_wconf 85' lang='lat' dir='ltr'>gutur</span> <span class='ocrx_word' id='word_1_342' title='bbox 533 5447 607 5500; x_wconf 91' lang='lat' dir='ltr'>losue</span> <span class='ocrx_word' id='word_1_343' title='bbox 625 5449 657 5514; x_wconf 87' lang='lat' dir='ltr'>s,</span> <span class='ocrx_word' id='word_1_344' title='bbox 676 5451 720 5502; x_wconf 83' lang='lat'>26.</span> <span class='ocrx_word' id='word_1_345' title='bbox 737 5451 787 5504; x_wconf 87' lang='lat' dir='ltr'>Pro</span> <span class='ocrx_word' id='word_1_346' title='bbox 811 5449 870 5504; x_wconf 83' lang='lat' dir='ltr'>Hict</span> <span class='ocrx_word' id='word_1_347' title='bbox 899 5451 981 5504; x_wconf 80' lang='lat' dir='ltr'>hCD</span> <span class='ocrx_word' id='word_1_348' title='bbox 1004 5463 1032 5506; x_wconf 86' lang='lat' dir='ltr'>et</span> <span class='ocrx_word' id='word_1_349' title='bbox 1054 5453 1132 5506; x_wconf 84' lang='lat' dir='ltr'>Cord.</span> <span class='ocrx_word' id='word_1_350' title='bbox 1152 5453 1228 5520; x_wconf 83' lang='lat' dir='ltr'>Ilugo</span> <span class='ocrx_word' id='word_1_351' title='bbox 1253 5453 1345 5520; x_wconf 81' lang='lat' dir='ltr'>Attici,</span> <span class='ocrx_word' id='word_1_352' title='bbox 1376 5455 1396 5506; x_wconf 88' lang='lat' dir='ltr'>F</span> 
     </span>
     <span class='ocr_line' id='line_1_45' title="bbox 436 5535 1089 5612; baseline 0.012 -24"><span class='ocrx_word' id='word_1_353' title='bbox 436 5535 529 5590; x_wconf 57' lang='lat' dir='ltr'>stultiut</span> <span class='ocrx_word' id='word_1_354' title='bbox 548 5537 594 5604; x_wconf 83' lang='lat' dir='ltr'>(ita</span> <span class='ocrx_word' id='word_1_355' title='bbox 612 5537 695 5590; x_wconf 60' lang='lat' dir='ltr'>etiam*</span> <span class='ocrx_word' id='word_1_356' title='bbox 710 5539 879 5608; x_wconf 83' lang='lat' dir='ltr'>Septuaginta</span> <span class='ocrx_word' id='word_1_357' title='bbox 899 5545 924 5594; x_wconf 88' lang='lat' dir='ltr'>et</span> <span class='ocrx_word' id='word_1_358' title='bbox 941 5541 1089 5612; x_wconf 82' lang='lat' dir='ltr'>Hebenus).</span> 
     </span>
    </p>

    <p class='ocr_par' dir='ltr' id='par_1_9' title="bbox 507 5623 1080 5692">
     <span class='ocr_line' id='line_1_46' title="bbox 507 5623 1080 5692; baseline 0.009 -14"><span class='ocrx_word' id='word_1_359' title='bbox 507 5623 519 5654; x_wconf 78' lang='lat'><strong>²</strong></span> <span class='ocrx_word' id='word_1_360' title='bbox 539 5627 650 5690; x_wconf 83' lang='lat' dir='ltr'>Seneca,</span> <span class='ocrx_word' id='word_1_361' title='bbox 668 5627 789 5692; x_wconf 85' lang='lat' dir='ltr'>Thyestis</span> <span class='ocrx_word' id='word_1_362' title='bbox 807 5635 857 5682; x_wconf 88' lang='lat' dir='ltr'>aot.</span> <span class='ocrx_word' id='word_1_363' title='bbox 876 5631 903 5682; x_wconf 87' lang='lat'>3.</span> <span class='ocrx_word' id='word_1_364' title='bbox 920 5645 949 5682; x_wconf 84' lang='lat' dir='ltr'>v.</span> <span class='ocrx_word' id='word_1_365' title='bbox 968 5631 1037 5682; x_wconf 75' lang='lat'>550:</span> <span class='ocrx_word' id='word_1_366' title='bbox 1079 5651 1080 5654; x_wconf 79' lang='lat'>¹</span> 
     </span>
    </p>
   </div>
   <div class='ocr_carea' id='block_1_4' title="bbox 668 5803 1271 5870">
    <p class='ocr_par' dir='ltr' id='par_1_10' title="bbox 668 5803 1271 5870">
     <span class='ocr_line' id='line_1_47' title="bbox 668 5803 1271 5870; baseline 0.005 -14"><span class='ocrx_word' id='word_1_367' title='bbox 668 5805 738 5856; x_wconf 86' lang='lat' dir='ltr'>Nttlla</span> <span class='ocrx_word' id='word_1_368' title='bbox 758 5803 799 5858; x_wconf 86' lang='lat' dir='ltr'>vis</span> <span class='ocrx_word' id='word_1_369' title='bbox 818 5803 903 5858; x_wconf 87' lang='lat' dir='ltr'>maior</span> <span class='ocrx_word' id='word_1_370' title='bbox 920 5805 1017 5870; x_wconf 86' lang='lat' dir='ltr'>pietate</span> <span class='ocrx_word' id='word_1_371' title='bbox 1035 5819 1096 5858; x_wconf 80' lang='lat' dir='ltr'>uero</span> <span class='ocrx_word' id='word_1_372' title='bbox 1115 5813 1164 5858; x_wconf 89' lang='grc' dir='ltr'><strong>εει.</strong></span> <span class='ocrx_word' id='word_1_373' title='bbox 1270 5811 1271 5814; x_wconf 76' lang='grc'>’</span> 
     </span>
    </p>
   </div>
   <div class='ocr_carea' id='block_1_5' title="bbox 383 5975 1396 6932">
    <p class='ocr_par' dir='ltr' id='par_1_11' title="bbox 435 5975 1396 6144">
     <span class='ocr_line' id='line_1_48' title="bbox 506 5975 1396 6048; baseline 0 -16"><span class='ocrx_word' id='word_1_374' title='bbox 506 5975 567 6032; x_wconf 74' lang='lat' dir='ltr'>³ut</span> <span class='ocrx_word' id='word_1_375' title='bbox 587 5979 701 6034; x_wconf 87' lang='lat' dir='ltr'>insinuet</span> <span class='ocrx_word' id='word_1_376' title='bbox 719 5981 808 6034; x_wconf 88' lang='lat' dir='ltr'>Glosso</span> <span class='ocrx_word' id='word_1_377' title='bbox 828 5979 1012 6048; x_wconf 80' lang='lat' dir='ltr'>interlinearis</span> <span class='ocrx_word' id='word_1_378' title='bbox 1040 5979 1065 6032; x_wconf 94' lang='lat' dir='ltr'>in</span> <span class='ocrx_word' id='word_1_379' title='bbox 1091 5983 1154 6034; x_wconf 86' lang='lat' dir='ltr'>Luc.</span> <span class='ocrx_word' id='word_1_380' title='bbox 1173 5981 1220 6044; x_wconf 76' lang='lat' dir='ltr'>lu,</span> <span class='ocrx_word' id='word_1_381' title='bbox 1242 5981 1336 6048; x_wconf 86' lang='lat' dir='ltr'>l;cir.</span> <span class='ocrx_word' id='word_1_382' title='bbox 1354 5995 1396 6032; x_wconf 92' lang='lat' dir='ltr'>su-</span> 
     </span>
     <span class='ocr_line' id='line_1_49' title="bbox 435 6071 1256 6144; baseline 0 -22"><span class='ocrx_word' id='word_1_383' title='bbox 435 6085 485 6136; x_wconf 88' lang='lat' dir='ltr'>pra</span> <span class='ocrx_word' id='word_1_384' title='bbox 503 6085 566 6136; x_wconf 83' lang='lat' dir='ltr'>pag.</span> <span class='ocrx_word' id='word_1_385' title='bbox 587 6071 653 6134; x_wconf 83' lang='grc'><strong>382,</strong></span> <span class='ocrx_word' id='word_1_386' title='bbox 671 6075 731 6144; x_wconf 87' lang='lat' dir='ltr'>nola</span> <span class='ocrx_word' id='word_1_387' title='bbox 751 6073 777 6124; x_wconf 92' lang='grc'>2.</span> <span class='ocrx_word' id='word_1_388' title='bbox 1094 6119 1095 6122; x_wconf 74' lang='grc'><strong>,</strong></span> <span class='ocrx_word' id='word_1_389' title='bbox 1254 6119 1256 6122; x_wconf 87' lang='grc'><strong>.</strong></span> 
     </span>
    </p>

    <p class='ocr_par' dir='ltr' id='par_1_12' title="bbox 436 6157 1395 6494">
     <span class='ocr_line' id='line_1_50' title="bbox 506 6157 1395 6224; baseline 0 -12"><span class='ocrx_word' id='word_1_390' title='bbox 506 6157 675 6212; x_wconf 56' lang='lat' dir='ltr'>wambe.</span> <span class='ocrx_word' id='word_1_391' title='bbox 692 6187 729 6200; x_wconf 90' lang='lat'>-·</span> <span class='ocrx_word' id='word_1_392' title='bbox 745 6161 837 6212; x_wconf 85' lang='lat' dir='ltr'>Glosso</span> <span class='ocrx_word' id='word_1_393' title='bbox 854 6157 997 6212; x_wconf 83' lang='lat' dir='ltr'>ordinario</span> <span class='ocrx_word' id='word_1_394' title='bbox 1017 6157 1058 6224; x_wconf 86' lang='lat' dir='ltr'>(ex</span> <span class='ocrx_word' id='word_1_395' title='bbox 1078 6159 1158 6224; x_wconf 87' lang='lat' dir='ltr'>Beda)</span> <span class='ocrx_word' id='word_1_396' title='bbox 1178 6157 1206 6210; x_wconf 92' lang='lat' dir='ltr'>in</span> <span class='ocrx_word' id='word_1_397' title='bbox 1223 6161 1287 6212; x_wconf 89' lang='lat' dir='ltr'>Luc.</span> <span class='ocrx_word' id='word_1_398' title='bbox 1306 6161 1349 6224; x_wconf 86' lang='lat' dir='ltr'>la,</span> <span class='ocrx_word' id='word_1_399' title='bbox 1370 6161 1395 6212; x_wconf 89' lang='lat' dir='ltr'>l.</span> 
     </span>
     <span class='ocr_line' id='line_1_51' title="bbox 436 6247 1395 6314; baseline 0 -12"><span class='ocrx_word' id='word_1_400' title='bbox 436 6263 506 6314; x_wconf 75' lang='lat' dir='ltr'>sem:</span> <span class='ocrx_word' id='word_1_401' title='bbox 527 6251 602 6314; x_wconf 85' lang='lat' dir='ltr'>Ecce,</span> <span class='ocrx_word' id='word_1_402' title='bbox 620 6251 750 6310; x_wconf 86' lang='lat' dir='ltr'>camelus,</span> <span class='ocrx_word' id='word_1_403' title='bbox 770 6249 889 6314; x_wconf 87' lang='lat' dir='ltr'>deposita</span> <span class='ocrx_word' id='word_1_404' title='bbox 910 6249 1011 6302; x_wconf 87' lang='lat' dir='ltr'>sarcina</span> <span class='ocrx_word' id='word_1_405' title='bbox 1031 6247 1121 6314; x_wconf 87' lang='lat' dir='ltr'>gibbi,</span> <span class='ocrx_word' id='word_1_406' title='bbox 1138 6263 1185 6314; x_wconf 88' lang='lat' dir='ltr'>per</span> <span class='ocrx_word' id='word_1_407' title='bbox 1200 6253 1395 6302; x_wconf 82' lang='lat' dir='ltr'>loramenacus</span> 
     </span>
     <span class='ocr_line' id='line_1_52' title="bbox 437 6323 1394 6402; baseline 0 -16"><span class='ocrx_word' id='word_1_408' title='bbox 437 6335 541 6398; x_wconf 85' lang='lat' dir='ltr'>transit,</span> <span class='ocrx_word' id='word_1_409' title='bbox 560 6323 645 6400; x_wconf 67' lang='lat' dir='ltr'>dum,</span> <span class='ocrx_word' id='word_1_410' title='bbox 659 6340 808 6402; x_wconf 85' lang='lat' dir='ltr'>contempto</span> <span class='ocrx_word' id='word_1_411' title='bbox 828 6349 909 6390; x_wconf 89' lang='lat' dir='ltr'>censu</span> <span class='ocrx_word' id='word_1_412' title='bbox 935 6335 1083 6398; x_wconf 77' lang='lat' dir='ltr'>fraudium,</span> <span class='ocrx_word' id='word_1_413' title='bbox 1109 6341 1248 6400; x_wconf 85' lang='lat' dir='ltr'>augustam</span> <span class='ocrx_word' id='word_1_414' title='bbox 1276 6341 1394 6402; x_wconf 82' lang='lat' dir='ltr'>portam,</span> 
     </span>
     <span class='ocr_line' id='line_1_53' title="bbox 436 6419 1382 6494; baseline 0 -18"><span class='ocrx_word' id='word_1_415' title='bbox 436 6435 506 6490; x_wconf 80' lang='lat' dir='ltr'>ptrue</span> <span class='ocrx_word' id='word_1_416' title='bbox 525 6421 653 6476; x_wconf 75' lang='lat' dir='ltr'>circucat</span> <span class='ocrx_word' id='word_1_417' title='bbox 669 6421 753 6476; x_wconf 86' lang='lat' dir='ltr'>citum</span> <span class='ocrx_word' id='word_1_418' title='bbox 773 6425 873 6494; x_wconf 88' lang='lat' dir='ltr'>[llatth.</span> <span class='ocrx_word' id='word_1_419' title='bbox 893 6423 924 6486; x_wconf 81' lang='lat'>7,</span> <span class='ocrx_word' id='word_1_420' title='bbox 944 6419 1013 6490; x_wconf 74' lang='lat' dir='ltr'>1ll.],</span> <span class='ocrx_word' id='word_1_421' title='bbox 1032 6425 1158 6476; x_wconf 84' lang='lat' dir='ltr'>ascendit.</span> <span class='ocrx_word' id='word_1_422' title='bbox 1379 6461 1382 6470; x_wconf 79' lang='lat'><em>,</em></span> 
     </span>
    </p>

    <p class='ocr_par' dir='ltr' id='par_1_13' title="bbox 507 6509 1395 6580">
     <span class='ocr_line' id='line_1_54' title="bbox 507 6509 1395 6580; baseline 0.002 -20"><span class='ocrx_word' id='word_1_423' title='bbox 507 6509 613 6564; x_wconf 68' lang='grc' dir='ltr'>ὁιιεεε.</span> <span class='ocrx_word' id='word_1_424' title='bbox 643 6511 684 6562; x_wconf 85' lang='lat' dir='ltr'>ll.</span> <span class='ocrx_word' id='word_1_425' title='bbox 703 6541 738 6552; x_wconf 92' lang='lat'><em>-</em></span> <span class='ocrx_word' id='word_1_426' title='bbox 756 6513 843 6578; x_wconf 77' lang='lat' dir='ltr'>Cyrill.</span> <span class='ocrx_word' id='word_1_427' title='bbox 868 6509 1016 6580; x_wconf 75' lang='lat' dir='ltr'>Alexandr,</span> <span class='ocrx_word' id='word_1_428' title='bbox 1043 6509 1069 6562; x_wconf 90' lang='lat' dir='ltr'>iu</span> <span class='ocrx_word' id='word_1_429' title='bbox 1095 6511 1157 6564; x_wconf 86' lang='lat' dir='ltr'>Luc.</span> <span class='ocrx_word' id='word_1_430' title='bbox 1176 6510 1224 6572; x_wconf 81' lang='lat' dir='ltr'>le,</span> <span class='ocrx_word' id='word_1_431' title='bbox 1243 6511 1275 6562; x_wconf 78' lang='grc' dir='ltr'><strong>2ε</strong></span> <span class='ocrx_word' id='word_1_432' title='bbox 1301 6509 1395 6574; x_wconf 90' lang='lat' dir='ltr'>Cupie·</span> 
     </span>
    </p>

    <p class='ocr_par' dir='ltr' id='par_1_14' title="bbox 383 6583 1368 6668">
     <span class='ocr_line' id='line_1_55' title="bbox 383 6583 1368 6668; baseline -0.006 -13"><span class='ocrx_word' id='word_1_433' title='bbox 383 6583 390 6602; x_wconf 67' lang='grc'>”</span> <span class='ocrx_word' id='word_1_434' title='bbox 437 6599 483 6654; x_wconf 88' lang='lat' dir='ltr'>bat</span> <span class='ocrx_word' id='word_1_435' title='bbox 500 6599 586 6650; x_wconf 92' lang='lat' dir='ltr'>lesum</span> <span class='ocrx_word' id='word_1_436' title='bbox 605 6599 711 6664; x_wconf 87' lang='lat' dir='ltr'>ridere,</span> <span class='ocrx_word' id='word_1_437' title='bbox 729 6603 792 6668; x_wconf 89' lang='lat' dir='ltr'>quia</span> <span class='ocrx_word' id='word_1_438' title='bbox 810 6601 901 6656; x_wconf 92' lang='lat' dir='ltr'>salutis</span> <span class='ocrx_word' id='word_1_439' title='bbox 917 6583 1008 6652; x_wconf 78' lang='lat' dir='ltr'>semen</span> <span class='ocrx_word' id='word_1_440' title='bbox 1023 6599 1079 6652; x_wconf 88' lang='lat' dir='ltr'>iam</span> <span class='ocrx_word' id='word_1_441' title='bbox 1099 6599 1126 6650; x_wconf 90' lang='lat' dir='ltr'>in</span> <span class='ocrx_word' id='word_1_442' title='bbox 1145 6589 1175 6650; x_wconf 87' lang='lat' dir='ltr'>eo</span> <span class='ocrx_word' id='word_1_443' title='bbox 1196 6597 1368 6662; x_wconf 84' lang='lat' dir='ltr'>germinabat.</span> 
     </span>
    </p>

    <p class='ocr_par' dir='ltr' id='par_1_15' title="bbox 436 6683 1395 6846">
     <span class='ocr_line' id='line_1_56' title="bbox 508 6683 1395 6756; baseline 0 -18"><span class='ocrx_word' id='word_1_444' title='bbox 508 6683 807 6756; x_wconf 69' lang='lat' dir='ltr'>⁰Vers.1lb,tibipr0</span> <span class='ocrx_word' id='word_1_445' title='bbox 836 6701 937 6744; x_wconf 83' lang='lat' dir='ltr'>aurum</span> <span class='ocrx_word' id='word_1_446' title='bbox 966 6685 1015 6738; x_wconf 83' lang='lat' dir='ltr'>AF</span> <span class='ocrx_word' id='word_1_447' title='bbox 1034 6693 1059 6740; x_wconf 89' lang='lat' dir='ltr'>et</span> <span class='ocrx_word' id='word_1_448' title='bbox 1083 6687 1159 6740; x_wconf 86' lang='lat' dir='ltr'>Card.</span> <span class='ocrx_word' id='word_1_449' title='bbox 1183 6687 1262 6750; x_wconf 82' lang='lat' dir='ltr'>litigo</span> <span class='ocrx_word' id='word_1_450' title='bbox 1289 6683 1395 6740; x_wconf 85' lang='lat' dir='ltr'>tbesuu·</span> 
     </span>
     <span class='ocr_line' id='line_1_57' title="bbox 436 6769 1203 6846; baseline -0.005 -14"><span class='ocrx_word' id='word_1_451' title='bbox 436 6791 516 6844; x_wconf 83' lang='lat' dir='ltr'>ruru,</span> <span class='ocrx_word' id='word_1_452' title='bbox 536 6773 591 6836; x_wconf 51' lang='lat' dir='ltr'>Cb¹</span> <span class='ocrx_word' id='word_1_453' title='bbox 605 6773 756 6830; x_wconf 80' lang='lat' dir='ltr'>tltesuuros.</span> <span class='ocrx_word' id='word_1_454' title='bbox 776 6805 809 6814; x_wconf 84' lang='lat'>-</span> <span class='ocrx_word' id='word_1_455' title='bbox 828 6769 952 6846; x_wconf 82' lang='lat' dir='ltr'>Sequitur</span> <span class='ocrx_word' id='word_1_456' title='bbox 971 6777 1032 6838; x_wconf 86' lang='lat' dir='ltr'>Sap.</span> <span class='ocrx_word' id='word_1_457' title='bbox 1052 6777 1085 6842; x_wconf 87' lang='grc' dir='ltr'><strong>ι,</strong></span> <span class='ocrx_word' id='word_1_458' title='bbox 1106 6779 1128 6830; x_wconf 90' lang='lat' dir='ltr'>l.</span> <span class='ocrx_word' id='word_1_459' title='bbox 1148 6789 1203 6842; x_wconf 88' lang='lat' dir='ltr'>seq.</span> 
     </span>
    </p>

    <p class='ocr_par' dir='ltr' id='par_1_16' title="bbox 508 6863 1394 6932">
     <span class='ocr_line' id='line_1_58' title="bbox 508 6863 1394 6932; baseline -0.001 -16"><span class='ocrx_word' id='word_1_460' title='bbox 508 6863 519 6894; x_wconf 79' lang='lat'>⁷</span> <span class='ocrx_word' id='word_1_461' title='bbox 539 6863 615 6916; x_wconf 80' lang='lat' dir='ltr'>Vers.</span> <span class='ocrx_word' id='word_1_462' title='bbox 634 6863 677 6916; x_wconf 84' lang='lat'>36.</span> <span class='ocrx_word' id='word_1_463' title='bbox 695 6869 722 6918; x_wconf 89' lang='lat' dir='ltr'>et</span> <span class='ocrx_word' id='word_1_464' title='bbox 739 6865 783 6920; x_wconf 76' lang='lat'>39.</span> <span class='ocrx_word' id='word_1_465' title='bbox 799 6893 837 6908; x_wconf 94' lang='grc'><strong>-</strong></span> <span class='ocrx_word' id='word_1_466' title='bbox 855 6869 1005 6932; x_wconf 84' lang='lat' dir='ltr'>Sequtrntur</span> <span class='ocrx_word' id='word_1_467' title='bbox 1025 6863 1101 6920; x_wconf 89' lang='lat' dir='ltr'>llurc.</span> <span class='ocrx_word' id='word_1_468' title='bbox 1120 6867 1152 6930; x_wconf 87' lang='grc'>2,</span> <span class='ocrx_word' id='word_1_469' title='bbox 1165 6863 1191 6916; x_wconf 90' lang='grc'>3.</span> <span class='ocrx_word' id='word_1_470' title='bbox 1205 6877 1258 6930; x_wconf 85' lang='lat' dir='ltr'>seq.</span> <span class='ocrx_word' id='word_1_471' title='bbox 1274 6867 1298 6914; x_wconf 91' lang='lat' dir='ltr'>et</span> <span class='ocrx_word' id='word_1_472' title='bbox 1311 6863 1338 6928; x_wconf 75' lang='lat'>7,</span> <span class='ocrx_word' id='word_1_473' title='bbox 1350 6863 1394 6916; x_wconf 83' lang='lat'>33.</span> 
     </span>
    </p>
   </div>
   <div class='ocr_carea' id='block_1_6' title="bbox 545 6971 905 7028">
    <p class='ocr_par' dir='ltr' id='par_1_17' title="bbox 545 6971 905 7028">
     <span class='ocr_line' id='line_1_59' title="bbox 545 6971 905 7028; baseline -0.006 0"><span class='ocrx_word' id='word_1_474' title='bbox 545 6971 576 7028; x_wconf 89' lang='lat' dir='ltr'>S.</span> <span class='ocrx_word' id='word_1_475' title='bbox 595 6971 699 7026; x_wconf 85' lang='lat' dir='ltr'>Bouuu.</span> <span class='ocrx_word' id='word_1_476' title='bbox 710 6999 744 7010; x_wconf 90' lang='lat'>-·</span> <span class='ocrx_word' id='word_1_477' title='bbox 759 6973 837 7028; x_wconf 91' lang='lat' dir='ltr'>Tom.</span> <span class='ocrx_word' id='word_1_478' title='bbox 849 6973 905 7028; x_wconf 82' lang='lat' dir='ltr'>Vll.</span> 
     </span>
    </p>
   </div>
   <div class='ocr_carea' id='block_1_7' title="bbox 2349 577 2413 644">
    <p class='ocr_par' dir='ltr' id='par_1_18' title="bbox 2349 577 2413 644">
     <span class='ocr_line' id='line_1_60' title="bbox 2349 577 2413 644; baseline 0.031 -3"><span class='ocrx_word' id='word_1_479' title='bbox 2349 577 2413 644; x_wconf 83' lang='lat' dir='ltr'>t73</span> 
     </span>
    </p>
   </div>
   <div class='ocr_carea' id='block_1_8' title="bbox 1451 737 2582 4958">
    <p class='ocr_par' dir='ltr' id='par_1_19' title="bbox 1455 737 2582 1354">
     <span class='ocr_line' id='line_1_61' title="bbox 1456 737 2582 830; baseline -0.004 -22"><span class='ocrx_word' id='word_1_480' title='bbox 1456 739 1563 808; x_wconf 84' lang='lat' dir='ltr'>uenire</span> <span class='ocrx_word' id='word_1_481' title='bbox 1588 739 1626 806; x_wconf 91' lang='lat' dir='ltr'>ad</span> <span class='ocrx_word' id='word_1_482' title='bbox 1650 739 1819 806; x_wconf 87' lang='lat' dir='ltr'>Christum.</span> <span class='ocrx_word' id='word_1_483' title='bbox 1845 737 1923 806; x_wconf 88' lang='lat' dir='ltr'>llaec</span> <span class='ocrx_word' id='word_1_484' title='bbox 1947 757 2085 824; x_wconf 88' lang='lat' dir='ltr'>natuque</span> <span class='ocrx_word' id='word_1_485' title='bbox 2105 743 2200 808; x_wconf 89' lang='lat' dir='ltr'>turba</span> <span class='ocrx_word' id='word_1_486' title='bbox 2226 743 2415 828; x_wconf 89' lang='lat' dir='ltr'>impediebat</span> <span class='ocrx_word' id='word_1_487' title='bbox 2427 767 2498 830; x_wconf 56' lang='lat' dir='ltr'>rugia</span> <span class='ocrx_word' id='word_1_488' title='bbox 2514 767 2582 830; x_wconf 64' lang='lat' dir='ltr'>impe.</span> 
     </span>
     <span class='ocr_line' id='line_1_62' title="bbox 1456 819 2561 930; baseline 0.002 -16"><span class='ocrx_word' id='word_1_489' title='bbox 1456 845 1732 914; x_wconf 77' lang='lat' dir='ltr'>illuminationem</span> <span class='ocrx_word' id='word_1_490' title='bbox 1755 843 1860 920; x_wconf 70' lang='lat' dir='ltr'>cocum</span> <span class='ocrx_word' id='word_1_491' title='bbox 1877 843 2111 930; x_wconf 85' lang='lat' dir='ltr'>supradecimo</span> <span class='ocrx_word' id='word_1_492' title='bbox 2135 853 2244 912; x_wconf 83' lang='lat' dir='ltr'>octauo</span> <span class='ocrx_word' id='word_1_493' title='bbox 2258 849 2284 910; x_wconf 86' lang='lat'>⁷:</span> <span class='ocrx_word' id='word_1_494' title='bbox 2307 849 2413 914; x_wconf 86' lang='lat' dir='ltr'>«Cum</span> <span class='ocrx_word' id='word_1_495' title='bbox 2445 819 2561 916; x_wconf 50' lang='lat' dir='ltr'>ditiiiisf&#39;</span> 
     </span>
     <span class='ocr_line' id='line_1_63' title="bbox 1456 949 2413 1034; baseline 0.002 -18"><span class='ocrx_word' id='word_1_496' title='bbox 1456 951 1581 1016; x_wconf 91' lang='lat' dir='ltr'>audiret</span> <span class='ocrx_word' id='word_1_497' title='bbox 1607 951 1734 1016; x_wconf 88' lang='lat' dir='ltr'>turbam</span> <span class='ocrx_word' id='word_1_498' title='bbox 1762 955 2044 1034; x_wconf 72' lang='lat' dir='ltr'>praetereuntem»</span> <span class='ocrx_word' id='word_1_499' title='bbox 2065 957 2124 1016; x_wconf 92' lang='lat' dir='ltr'>etc.</span> <span class='ocrx_word' id='word_1_500' title='bbox 2155 951 2223 1016; x_wconf 80' lang='lat' dir='ltr'>«lu</span> <span class='ocrx_word' id='word_1_501' title='bbox 2243 949 2287 1016; x_wconf 93' lang='lat' dir='ltr'>illi</span> <span class='ocrx_word' id='word_1_502' title='bbox 2312 951 2413 1018; x_wconf 92' lang='lat' dir='ltr'>incre-</span> 
     </span>
     <span class='ocr_line' id='line_1_64' title="bbox 1455 1055 2413 1142; baseline -0.002 -20"><span class='ocrx_word' id='word_1_503' title='bbox 1455 1055 1571 1142; x_wconf 90' lang='lat' dir='ltr'>pabant</span> <span class='ocrx_word' id='word_1_504' title='bbox 1607 1075 1697 1136; x_wconf 91' lang='lat' dir='ltr'>eum,</span> <span class='ocrx_word' id='word_1_505' title='bbox 1722 1061 1758 1122; x_wconf 89' lang='lat' dir='ltr'>ut</span> <span class='ocrx_word' id='word_1_506' title='bbox 1783 1061 1901 1124; x_wconf 89' lang='lat' dir='ltr'>taceret</span> <span class='ocrx_word' id='word_1_507' title='bbox 1916 1081 1952 1136; x_wconf 72' lang='grc' dir='ltr'>»ς</span> <span class='ocrx_word' id='word_1_508' title='bbox 1976 1055 2182 1122; x_wconf 78' lang='lat' dir='ltr'>orarationem</span> <span class='ocrx_word' id='word_1_509' title='bbox 2213 1055 2413 1142; x_wconf 63' lang='lat' dir='ltr'>purulgucm</span> 
     </span>
     <span class='ocr_line' id='line_1_65' title="bbox 1455 1161 2414 1246; baseline 0 -20"><span class='ocrx_word' id='word_1_510' title='bbox 1455 1161 1550 1228; x_wconf 89' lang='lat' dir='ltr'>lllarci</span> <span class='ocrx_word' id='word_1_511' title='bbox 1573 1161 1727 1228; x_wconf 90' lang='lat' dir='ltr'>secundo:</span> <span class='ocrx_word' id='word_1_512' title='bbox 1757 1163 1952 1228; x_wconf 82' lang='lat' dir='ltr'>«Venerunt</span> <span class='ocrx_word' id='word_1_513' title='bbox 1973 1161 2013 1228; x_wconf 88' lang='lat' dir='ltr'>ad</span> <span class='ocrx_word' id='word_1_514' title='bbox 2036 1177 2108 1226; x_wconf 91' lang='lat' dir='ltr'>eum</span> <span class='ocrx_word' id='word_1_515' title='bbox 2132 1161 2270 1228; x_wconf 90' lang='lat' dir='ltr'>ferentes</span> <span class='ocrx_word' id='word_1_516' title='bbox 2291 1161 2414 1246; x_wconf 78' lang='lat' dir='ltr'>paraly-</span> 
     </span>
     <span class='ocr_line' id='line_1_66' title="bbox 1455 1267 2415 1354; baseline -0.001 -19"><span class='ocrx_word' id='word_1_517' title='bbox 1455 1267 1571 1346; x_wconf 90' lang='lat' dir='ltr'>ticum,</span> <span class='ocrx_word' id='word_1_518' title='bbox 1596 1269 1652 1354; x_wconf 87' lang='lat' dir='ltr'>qui</span> <span class='ocrx_word' id='word_1_519' title='bbox 1673 1277 1853 1354; x_wconf 82' lang='lat' dir='ltr'>aquatuor</span> <span class='ocrx_word' id='word_1_520' title='bbox 1884 1269 2092 1354; x_wconf 89' lang='lat' dir='ltr'>portabatur;</span> <span class='ocrx_word' id='word_1_521' title='bbox 2114 1271 2148 1334; x_wconf 90' lang='lat' dir='ltr'>et</span> <span class='ocrx_word' id='word_1_522' title='bbox 2175 1285 2237 1334; x_wconf 92' lang='lat' dir='ltr'>nou</span> <span class='ocrx_word' id='word_1_523' title='bbox 2271 1273 2415 1352; x_wconf 90' lang='lat' dir='ltr'>poterant</span> 
     </span>
    </p>

    <p class='ocr_par' dir='ltr' id='par_1_20' title="bbox 1451 1373 2415 3044">
     <span class='ocr_line' id='line_1_67' title="bbox 1457 1373 2413 1460; baseline -0.003 -20"><span class='ocrx_word' id='word_1_524' title='bbox 1457 1373 1570 1442; x_wconf 86' lang='lat' dir='ltr'>offerre</span> <span class='ocrx_word' id='word_1_525' title='bbox 1595 1375 1638 1440; x_wconf 90' lang='lat' dir='ltr'>illi</span> <span class='ocrx_word' id='word_1_526' title='bbox 1663 1393 1737 1460; x_wconf 91' lang='lat' dir='ltr'>prae</span> <span class='ocrx_word' id='word_1_527' title='bbox 1754 1375 1849 1442; x_wconf 89' lang='lat' dir='ltr'>turba</span> <span class='ocrx_word' id='word_1_528' title='bbox 1865 1373 2139 1454; x_wconf 73' lang='lat' dir='ltr'>»3iibcrutiouem</span> <span class='ocrx_word' id='word_1_529' title='bbox 2155 1373 2256 1438; x_wconf 85' lang='lat' dir='ltr'>surdi</span> <span class='ocrx_word' id='word_1_530' title='bbox 2270 1381 2298 1440; x_wconf 85' lang='lat' dir='ltr'>ot</span> <span class='ocrx_word' id='word_1_531' title='bbox 2312 1373 2400 1440; x_wconf 90' lang='lat' dir='ltr'>muti</span> <span class='ocrx_word' id='word_1_532' title='bbox 2402 1397 2413 1452; x_wconf 90' lang='lat'><em>;</em></span> 
     </span>
     <span class='ocr_line' id='line_1_68' title="bbox 1455 1479 2412 1566; baseline -0.002 -20"><span class='ocrx_word' id='word_1_533' title='bbox 1455 1481 1549 1548; x_wconf 89' lang='lat' dir='ltr'>llarci</span> <span class='ocrx_word' id='word_1_534' title='bbox 1586 1481 1737 1566; x_wconf 88' lang='lat' dir='ltr'>septimo:</span> <span class='ocrx_word' id='word_1_535' title='bbox 1776 1509 1791 1542; x_wconf 88' lang='lat'>«</span> <span class='ocrx_word' id='word_1_536' title='bbox 1807 1479 2052 1566; x_wconf 72' lang='lat' dir='ltr'>apprehendens</span> <span class='ocrx_word' id='word_1_537' title='bbox 2087 1497 2160 1546; x_wconf 91' lang='lat' dir='ltr'>eum</span> <span class='ocrx_word' id='word_1_538' title='bbox 2197 1497 2340 1548; x_wconf 91' lang='lat' dir='ltr'>seorsum</span> <span class='ocrx_word' id='word_1_539' title='bbox 2375 1479 2412 1544; x_wconf 90' lang='lat' dir='ltr'>de</span> 
     </span>
     <span class='ocr_line' id='line_1_69' title="bbox 1455 1585 2414 1672; baseline 0 -20"><span class='ocrx_word' id='word_1_540' title='bbox 1455 1585 1568 1664; x_wconf 89' lang='lat' dir='ltr'>turba,</span> <span class='ocrx_word' id='word_1_541' title='bbox 1599 1587 1683 1652; x_wconf 91' lang='lat' dir='ltr'>misit</span> <span class='ocrx_word' id='word_1_542' title='bbox 1715 1587 1828 1672; x_wconf 82' lang='lat' dir='ltr'>digitos</span> <span class='ocrx_word' id='word_1_543' title='bbox 1856 1587 1890 1652; x_wconf 94' lang='lat' dir='ltr'>iu</span> <span class='ocrx_word' id='word_1_544' title='bbox 1919 1585 2080 1654; x_wconf 89' lang='lat' dir='ltr'>auriculas</span> <span class='ocrx_word' id='word_1_545' title='bbox 2109 1585 2178 1652; x_wconf 91' lang='lat' dir='ltr'>eius</span> <span class='ocrx_word' id='word_1_546' title='bbox 2202 1591 2232 1652; x_wconf 90' lang='lat' dir='ltr'>el</span> <span class='ocrx_word' id='word_1_547' title='bbox 2255 1601 2414 1670; x_wconf 89' lang='lat' dir='ltr'>exspuens</span> 
     </span>
     <span class='ocr_line' id='line_1_70' title="bbox 1456 1691 2413 1778; baseline 0 -20"><span class='ocrx_word' id='word_1_548' title='bbox 1456 1691 1555 1778; x_wconf 90' lang='lat' dir='ltr'>tetigit</span> <span class='ocrx_word' id='word_1_549' title='bbox 1581 1693 1720 1776; x_wconf 89' lang='lat' dir='ltr'>linguam</span> <span class='ocrx_word' id='word_1_550' title='bbox 1754 1695 1866 1772; x_wconf 80' lang='lat' dir='ltr'>eius»;</span> <span class='ocrx_word' id='word_1_551' title='bbox 1891 1691 2139 1760; x_wconf 78' lang='lat' dir='ltr'>suscitationem</span> <span class='ocrx_word' id='word_1_552' title='bbox 2168 1693 2314 1772; x_wconf 73' lang='lat' dir='ltr'>mortui:</span> <span class='ocrx_word' id='word_1_553' title='bbox 2338 1695 2413 1758; x_wconf 89' lang='lat' dir='ltr'>llat-</span> 
     </span>
     <span class='ocr_line' id='line_1_71' title="bbox 1457 1799 2414 1878; baseline 0.002 -16"><span class='ocrx_word' id='word_1_554' title='bbox 1457 1799 1540 1864; x_wconf 86' lang='lat' dir='ltr'>thaei</span> <span class='ocrx_word' id='word_1_555' title='bbox 1562 1799 1688 1864; x_wconf 81' lang='lat' dir='ltr'>nono⁸:</span> <span class='ocrx_word' id='word_1_556' title='bbox 1719 1799 1831 1864; x_wconf 89' lang='lat' dir='ltr'>«Cum</span> <span class='ocrx_word' id='word_1_557' title='bbox 1853 1799 1952 1866; x_wconf 88' lang='lat' dir='ltr'>eiecta</span> <span class='ocrx_word' id='word_1_558' title='bbox 1982 1803 2064 1866; x_wconf 88' lang='lat' dir='ltr'>esset</span> <span class='ocrx_word' id='word_1_559' title='bbox 2096 1799 2208 1878; x_wconf 92' lang='lat' dir='ltr'>turba,</span> <span class='ocrx_word' id='word_1_560' title='bbox 2229 1799 2361 1870; x_wconf 54' lang='lat' dir='ltr'>,intrauit</span> <span class='ocrx_word' id='word_1_561' title='bbox 2384 1805 2414 1866; x_wconf 90' lang='lat' dir='ltr'>et</span> 
     </span>
     <span class='ocr_line' id='line_1_72' title="bbox 1455 1901 2414 1988; baseline 0 -20"><span class='ocrx_word' id='word_1_562' title='bbox 1455 1903 1557 1968; x_wconf 85' lang='lat' dir='ltr'>tentrit</span> <span class='ocrx_word' id='word_1_563' title='bbox 1582 1919 1710 1968; x_wconf 90' lang='lat' dir='ltr'>manum</span> <span class='ocrx_word' id='word_1_564' title='bbox 1739 1901 1809 1968; x_wconf 91' lang='lat' dir='ltr'>eius</span> <span class='ocrx_word' id='word_1_565' title='bbox 1827 1929 1856 1966; x_wconf 75' lang='grc' dir='ltr'><strong>ε.</strong></span> <span class='ocrx_word' id='word_1_566' title='bbox 1882 1901 2012 1986; x_wconf 89' lang='lat' dir='ltr'>Impedit</span> <span class='ocrx_word' id='word_1_567' title='bbox 2034 1901 2128 1968; x_wconf 88' lang='lat' dir='ltr'>etiarn</span> <span class='ocrx_word' id='word_1_568' title='bbox 2152 1901 2414 1988; x_wconf 83' lang='lat' dir='ltr'>upprouimutio·</span> 
     </span>
     <span class='ocr_line' id='line_1_73' title="bbox 1455 2003 2415 2096; baseline 0.002 -24"><span class='ocrx_word' id='word_1_569' title='bbox 1455 2027 1530 2072; x_wconf 87' lang='lat' dir='ltr'>nem</span> <span class='ocrx_word' id='word_1_570' title='bbox 1552 2003 1716 2084; x_wconf 84' lang='lat' dir='ltr'>Zucbuei,</span> <span class='ocrx_word' id='word_1_571' title='bbox 1738 2007 1821 2072; x_wconf 90' lang='lat' dir='ltr'>sicut</span> <span class='ocrx_word' id='word_1_572' title='bbox 1844 2005 1960 2072; x_wconf 90' lang='lat' dir='ltr'>dicitur</span> <span class='ocrx_word' id='word_1_573' title='bbox 1989 2007 2059 2084; x_wconf 89' lang='lat' dir='ltr'>hic,</span> <span class='ocrx_word' id='word_1_574' title='bbox 2085 2007 2159 2090; x_wconf 88' lang='lat' dir='ltr'>quia</span> <span class='ocrx_word' id='word_1_575' title='bbox 2189 2027 2256 2072; x_wconf 85' lang='lat' dir='ltr'>uon</span> <span class='ocrx_word' id='word_1_576' title='bbox 2279 2015 2415 2096; x_wconf 86' lang='lat' dir='ltr'>&#39;poterut</span> 
     </span>
     <span class='ocr_line' id='line_1_74' title="bbox 1451 2111 2413 2198; baseline 0.006 -22"><span class='ocrx_word' id='word_1_577' title='bbox 1451 2129 1539 2198; x_wconf 83' lang='lat' dir='ltr'>pree</span> <span class='ocrx_word' id='word_1_578' title='bbox 1560 2111 1697 2176; x_wconf 60' lang='lat' dir='ltr'>curbat</span> <span class='ocrx_word' id='word_1_579' title='bbox 1723 2111 1830 2178; x_wconf 86' lang='lat' dir='ltr'>Turbo</span> <span class='ocrx_word' id='word_1_580' title='bbox 1852 2111 1935 2176; x_wconf 91' lang='lat' dir='ltr'>enim</span> <span class='ocrx_word' id='word_1_581' title='bbox 1962 2129 2060 2196; x_wconf 89' lang='lat' dir='ltr'>prona</span> <span class='ocrx_word' id='word_1_582' title='bbox 2091 2111 2130 2176; x_wconf 90' lang='lat' dir='ltr'>ad</span> <span class='ocrx_word' id='word_1_583' title='bbox 2161 2111 2280 2180; x_wconf 90' lang='lat' dir='ltr'>malum</span> <span class='ocrx_word' id='word_1_584' title='bbox 2302 2133 2322 2180; x_wconf 93' lang='lat' dir='ltr'>a</span> <span class='ocrx_word' id='word_1_585' title='bbox 2345 2115 2413 2182; x_wconf 91' lang='lat' dir='ltr'>lesu</span> 
     </span>
     <span class='ocr_line' id='line_1_75' title="bbox 1457 2216 2412 2306; baseline 0.006 -24"><span class='ocrx_word' id='word_1_586' title='bbox 1457 2223 1584 2284; x_wconf 85' lang='lat' dir='ltr'>revocat</span> <span class='ocrx_word' id='word_1_587' title='bbox 1616 2217 1722 2300; x_wconf 92' lang='lat' dir='ltr'>potius</span> <span class='ocrx_word' id='word_1_588' title='bbox 1750 2235 1846 2302; x_wconf 90' lang='lat' dir='ltr'>quam</span> <span class='ocrx_word' id='word_1_589' title='bbox 1880 2217 1918 2284; x_wconf 89' lang='lat' dir='ltr'>ad</span> <span class='ocrx_word' id='word_1_590' title='bbox 1955 2217 2057 2300; x_wconf 91' lang='lat' dir='ltr'>ipsum</span> <span class='ocrx_word' id='word_1_591' title='bbox 2082 2216 2254 2300; x_wconf 81' lang='lat' dir='ltr'>perducat3</span> <span class='ocrx_word' id='word_1_592' title='bbox 2282 2227 2412 2306; x_wconf 90' lang='lat' dir='ltr'>propter</span> 
     </span>
     <span class='ocr_line' id='line_1_76' title="bbox 1456 2321 2412 2408; baseline 0.006 -20"><span class='ocrx_word' id='word_1_593' title='bbox 1456 2323 1542 2408; x_wconf 89' lang='lat' dir='ltr'>quod</span> <span class='ocrx_word' id='word_1_594' title='bbox 1563 2323 1770 2390; x_wconf 86' lang='lat' dir='ltr'>Ecclesiastici</span> <span class='ocrx_word' id='word_1_595' title='bbox 1785 2321 1907 2390; x_wconf 90' lang='lat' dir='ltr'>decimo</span> <span class='ocrx_word' id='word_1_596' title='bbox 1921 2329 2031 2390; x_wconf 86' lang='lat' dir='ltr'>octavo</span> <span class='ocrx_word' id='word_1_597' title='bbox 2042 2321 2089 2388; x_wconf 84' lang='lat'>¹⁰:</span> <span class='ocrx_word' id='word_1_598' title='bbox 2110 2345 2127 2378; x_wconf 73' lang='grc' dir='ltr'><strong>ι</strong></span> <span class='ocrx_word' id='word_1_599' title='bbox 2143 2321 2185 2388; x_wconf 88' lang='lat' dir='ltr'>Ne</span> <span class='ocrx_word' id='word_1_600' title='bbox 2202 2321 2365 2392; x_wconf 88' lang='lat' dir='ltr'>oblecteris</span> <span class='ocrx_word' id='word_1_601' title='bbox 2382 2327 2412 2394; x_wconf 92' lang='lat' dir='ltr'>in</span> 
     </span>
     <span class='ocr_line' id='line_1_77' title="bbox 1458 2429 2413 2510; baseline 0 -12"><span class='ocrx_word' id='word_1_602' title='bbox 1458 2429 1558 2498; x_wconf 89' lang='lat' dir='ltr'>turbis</span> <span class='ocrx_word' id='word_1_603' title='bbox 1582 2447 1640 2498; x_wconf 88' lang='lat' dir='ltr'>nec</span> <span class='ocrx_word' id='word_1_604' title='bbox 1661 2429 1694 2494; x_wconf 91' lang='lat' dir='ltr'>iu</span> <span class='ocrx_word' id='word_1_605' title='bbox 1722 2429 1867 2510; x_wconf 75' lang='lat' dir='ltr'>modicis:</span> <span class='ocrx_word' id='word_1_606' title='bbox 1898 2429 2023 2496; x_wconf 90' lang='lat' dir='ltr'>assidua</span> <span class='ocrx_word' id='word_1_607' title='bbox 2044 2429 2128 2494; x_wconf 94' lang='lat' dir='ltr'>enim</span> <span class='ocrx_word' id='word_1_608' title='bbox 2160 2434 2209 2495; x_wconf 91' lang='grc' dir='ltr'>εει</span> <span class='ocrx_word' id='word_1_609' title='bbox 2237 2431 2413 2498; x_wconf 88' lang='lat' dir='ltr'>commissio</span> 
     </span>
     <span class='ocr_line' id='line_1_78' title="bbox 1456 2533 2412 2624; baseline 0.002 -22"><span class='ocrx_word' id='word_1_610' title='bbox 1456 2537 1585 2602; x_wconf 92' lang='lat' dir='ltr'>illorum</span> <span class='ocrx_word' id='word_1_611' title='bbox 1601 2561 1629 2600; x_wconf 73' lang='lat' dir='ltr'>a.</span> <span class='ocrx_word' id='word_1_612' title='bbox 1646 2537 1727 2614; x_wconf 90' lang='lat' dir='ltr'>ldeo</span> <span class='ocrx_word' id='word_1_613' title='bbox 1749 2535 1848 2602; x_wconf 83' lang='lat' dir='ltr'>Exodi</span> <span class='ocrx_word' id='word_1_614' title='bbox 1871 2535 2022 2620; x_wconf 86' lang='lat' dir='ltr'>vigesimo</span> <span class='ocrx_word' id='word_1_615' title='bbox 2045 2533 2157 2602; x_wconf 92' lang='lat' dir='ltr'>tertio:</span> <span class='ocrx_word' id='word_1_616' title='bbox 2187 2561 2203 2594; x_wconf 88' lang='lat'>«</span> <span class='ocrx_word' id='word_1_617' title='bbox 2219 2535 2283 2602; x_wconf 91' lang='lat' dir='ltr'>Nou</span> <span class='ocrx_word' id='word_1_618' title='bbox 2300 2555 2412 2624; x_wconf 87' lang='lat' dir='ltr'>seque·</span> 
     </span>
     <span class='ocr_line' id='line_1_79' title="bbox 1457 2639 2413 2728; baseline 0.002 -20"><span class='ocrx_word' id='word_1_619' title='bbox 1457 2641 1500 2708; x_wconf 93' lang='lat' dir='ltr'>ris</span> <span class='ocrx_word' id='word_1_620' title='bbox 1526 2643 1653 2709; x_wconf 89' lang='lat' dir='ltr'>turbam</span> <span class='ocrx_word' id='word_1_621' title='bbox 1674 2641 1715 2708; x_wconf 91' lang='lat' dir='ltr'>ad</span> <span class='ocrx_word' id='word_1_622' title='bbox 1736 2641 1913 2708; x_wconf 88' lang='lat' dir='ltr'>laciendum</span> <span class='ocrx_word' id='word_1_623' title='bbox 1937 2641 2055 2708; x_wconf 79' lang='lat' dir='ltr'>malunt</span> <span class='ocrx_word' id='word_1_624' title='bbox 2080 2659 2138 2708; x_wconf 92' lang='lat' dir='ltr'>uec</span> <span class='ocrx_word' id='word_1_625' title='bbox 2159 2639 2193 2708; x_wconf 94' lang='lat' dir='ltr'>in</span> <span class='ocrx_word' id='word_1_626' title='bbox 2213 2641 2329 2710; x_wconf 93' lang='lat' dir='ltr'>iudicio</span> <span class='ocrx_word' id='word_1_627' title='bbox 2344 2643 2413 2728; x_wconf 89' lang='lat' dir='ltr'>plu-</span> 
     </span>
     <span class='ocr_line' id='line_1_80' title="bbox 1457 2747 2412 2834; baseline 0 -18"><span class='ocrx_word' id='word_1_628' title='bbox 1457 2749 1611 2816; x_wconf 91' lang='lat' dir='ltr'>rimorum</span> <span class='ocrx_word' id='word_1_629' title='bbox 1635 2749 1816 2834; x_wconf 76' lang='lat' dir='ltr'>acorriesces</span> <span class='ocrx_word' id='word_1_630' title='bbox 1840 2747 2028 2830; x_wconf 89' lang='lat' dir='ltr'>sententiae,</span> <span class='ocrx_word' id='word_1_631' title='bbox 2052 2755 2090 2816; x_wconf 91' lang='lat' dir='ltr'>ut</span> <span class='ocrx_word' id='word_1_632' title='bbox 2111 2767 2131 2816; x_wconf 89' lang='lat' dir='ltr'>a</span> <span class='ocrx_word' id='word_1_633' title='bbox 2163 2765 2239 2816; x_wconf 84' lang='lat' dir='ltr'>uero</span> <span class='ocrx_word' id='word_1_634' title='bbox 2263 2749 2367 2816; x_wconf 81' lang='lat' dir='ltr'>devies</span> <span class='ocrx_word' id='word_1_635' title='bbox 2384 2779 2412 2816; x_wconf 85' lang='lat'>».</span> 
     </span>
     <span class='ocr_line' id='line_1_81' title="bbox 1457 2855 2413 2940; baseline 0.002 -18"><span class='ocrx_word' id='word_1_636' title='bbox 1457 2855 1528 2924; x_wconf 90' lang='lat' dir='ltr'>ldeo</span> <span class='ocrx_word' id='word_1_637' title='bbox 1549 2855 1665 2922; x_wconf 92' lang='lat' dir='ltr'>dicitur</span> <span class='ocrx_word' id='word_1_638' title='bbox 1680 2855 1827 2924; x_wconf 84' lang='lat' dir='ltr'>Matthaei</span> <span class='ocrx_word' id='word_1_639' title='bbox 1843 2855 2109 2940; x_wconf 88' lang='lat' dir='ltr'>decimoquarto:</span> <span class='ocrx_word' id='word_1_640' title='bbox 2133 2881 2149 2914; x_wconf 72' lang='lat' dir='ltr'>&lt;t</span> <span class='ocrx_word' id='word_1_641' title='bbox 2161 2855 2293 2924; x_wconf 88' lang='lat' dir='ltr'>Dimisso</span> <span class='ocrx_word' id='word_1_642' title='bbox 2309 2855 2413 2936; x_wconf 90' lang='lat' dir='ltr'>turba,</span> 
     </span>
     <span class='ocr_line' id='line_1_82' title="bbox 1457 2963 2253 3044; baseline 0 -14"><span class='ocrx_word' id='word_1_643' title='bbox 1457 2963 1597 3032; x_wconf 88' lang='lat' dir='ltr'>ascendit</span> <span class='ocrx_word' id='word_1_644' title='bbox 1618 2963 1705 3030; x_wconf 90' lang='lat' dir='ltr'>lesus</span> <span class='ocrx_word' id='word_1_645' title='bbox 1727 2963 1759 3028; x_wconf 91' lang='lat' dir='ltr'>in</span> <span class='ocrx_word' id='word_1_646' title='bbox 1783 2969 1921 3030; x_wconf 92' lang='lat' dir='ltr'>montem</span> <span class='ocrx_word' id='word_1_647' title='bbox 1947 2963 2033 3030; x_wconf 93' lang='lat' dir='ltr'>solus</span> <span class='ocrx_word' id='word_1_648' title='bbox 2054 2981 2148 3030; x_wconf 92' lang='lat' dir='ltr'>orare</span> <span class='ocrx_word' id='word_1_649' title='bbox 2161 2987 2195 3028; x_wconf 71' lang='lat' dir='ltr'>a.</span> <span class='ocrx_word' id='word_1_650' title='bbox 2250 3041 2253 3044; x_wconf 47' lang='lat'>„</span> 
     </span>
    </p>

    <p class='ocr_par' dir='ltr' id='par_1_21' title="bbox 1457 3065 2580 3790">
     <span class='ocr_line' id='line_1_83' title="bbox 1477 3065 2580 3156; baseline 0.004 -22"><span class='ocrx_word' id='word_1_651' title='bbox 1477 3065 1480 3070; x_wconf 81' lang='grc'><strong>’</strong></span> <span class='ocrx_word' id='word_1_652' title='bbox 1547 3071 1578 3136; x_wconf 89' lang='grc'>6.</span> <span class='ocrx_word' id='word_1_653' title='bbox 1602 3071 1704 3152; x_wconf 87' lang='lat' dir='ltr'>(Vers.</span> <span class='ocrx_word' id='word_1_654' title='bbox 1727 3069 1784 3154; x_wconf 74' lang='lat' dir='ltr'>lu).</span> <span class='ocrx_word' id='word_1_655' title='bbox 1808 3071 1914 3136; x_wconf 88' lang='lat' dir='ltr'>Tertio</span> <span class='ocrx_word' id='word_1_656' title='bbox 1937 3077 2090 3156; x_wconf 89' lang='lat' dir='ltr'>quantum</span> <span class='ocrx_word' id='word_1_657' title='bbox 2114 3069 2154 3136; x_wconf 94' lang='lat' dir='ltr'>ad</span> <span class='ocrx_word' id='word_1_658' title='bbox 2176 3069 2412 3154; x_wconf 73' lang='lat' dir='ltr'>expeditiones,</span> <span class='ocrx_word' id='word_1_659' title='bbox 2426 3089 2502 3154; x_wconf 65' lang='lat' dir='ltr'>ollas</span> <span class='ocrx_word' id='word_1_660' title='bbox 2517 3101 2580 3146; x_wconf 71' lang='lat' dir='ltr'>axla·</span> 
     </span>
     <span class='ocr_line' id='line_1_84' title="bbox 1458 3145 2552 3262; baseline 0.002 -20"><span class='ocrx_word' id='word_1_661' title='bbox 1458 3177 1693 3262; x_wconf 84' lang='lat' dir='ltr'>quodquidam</span> <span class='ocrx_word' id='word_1_662' title='bbox 1718 3182 1785 3244; x_wconf 87' lang='lat' dir='ltr'>erat</span> <span class='ocrx_word' id='word_1_663' title='bbox 1808 3175 1976 3244; x_wconf 89' lang='lat' dir='ltr'>eminentia</span> <span class='ocrx_word' id='word_1_664' title='bbox 1998 3175 2122 3242; x_wconf 89' lang='lat' dir='ltr'>arboris</span> <span class='ocrx_word' id='word_1_665' title='bbox 2146 3175 2316 3260; x_wconf 86' lang='lat' dir='ltr'>sycomori,</span> <span class='ocrx_word' id='word_1_666' title='bbox 2341 3177 2414 3244; x_wconf 94' lang='lat' dir='ltr'>sub·</span> <span class='ocrx_word' id='word_1_667' title='bbox 2454 3145 2552 3190; x_wconf 56' lang='lat' dir='ltr'>‘hm&#39;</span> 
     </span>
     <span class='ocr_line' id='line_1_85' title="bbox 1457 3281 2413 3370; baseline 0 -20"><span class='ocrx_word' id='word_1_668' title='bbox 1457 3283 1577 3368; x_wconf 90' lang='lat' dir='ltr'>iungit:</span> <span class='ocrx_word' id='word_1_669' title='bbox 1603 3285 1642 3350; x_wconf 84' lang='lat' dir='ltr'>Et</span> <span class='ocrx_word' id='word_1_670' title='bbox 1661 3303 1890 3368; x_wconf 83' lang='lat' dir='ltr'>praecurrens</span> <span class='ocrx_word' id='word_1_671' title='bbox 1913 3283 2061 3350; x_wconf 82' lang='lat' dir='ltr'>usccuttit</span> <span class='ocrx_word' id='word_1_672' title='bbox 2085 3281 2120 3350; x_wconf 90' lang='lat' dir='ltr'>iu</span> <span class='ocrx_word' id='word_1_673' title='bbox 2145 3281 2298 3350; x_wconf 83' lang='lat' dir='ltr'>arborem</span> <span class='ocrx_word' id='word_1_674' title='bbox 2322 3303 2413 3370; x_wconf 80' lang='lat' dir='ltr'>spro-</span> 
     </span>
     <span class='ocr_line' id='line_1_86' title="bbox 1458 3387 2414 3486; baseline 0.002 -32"><span class='ocrx_word' id='word_1_675' title='bbox 1458 3407 1610 3466; x_wconf 88' lang='lat' dir='ltr'>morum,</span> <span class='ocrx_word' id='word_1_676' title='bbox 1635 3397 1672 3486; x_wconf 83' lang='lat' dir='ltr'>ut</span> <span class='ocrx_word' id='word_1_677' title='bbox 1694 3389 1818 3456; x_wconf 83' lang='lat' dir='ltr'>uideret</span> <span class='ocrx_word' id='word_1_678' title='bbox 1841 3387 1935 3454; x_wconf 90' lang='lat' dir='ltr'>illum</span> <span class='ocrx_word' id='word_1_679' title='bbox 1951 3389 1987 3464; x_wconf 81' lang='lat'>¹1,</span> <span class='ocrx_word' id='word_1_680' title='bbox 2015 3387 2097 3476; x_wconf 83' lang='lat' dir='ltr'>puin</span> <span class='ocrx_word' id='word_1_681' title='bbox 2111 3387 2187 3454; x_wconf 86' lang='lat' dir='ltr'>iude</span> <span class='ocrx_word' id='word_1_682' title='bbox 2204 3397 2277 3456; x_wconf 79' lang='lat' dir='ltr'>erm</span> <span class='ocrx_word' id='word_1_683' title='bbox 2291 3389 2414 3456; x_wconf 75' lang='lat' dir='ltr'>trun-si-</span> 
     </span>
     <span class='ocr_line' id='line_1_87' title="bbox 1460 3493 2414 3580; baseline 0 -18"><span class='ocrx_word' id='word_1_684' title='bbox 1460 3501 1567 3562; x_wconf 87' lang='lat' dir='ltr'>turus.</span> <span class='ocrx_word' id='word_1_685' title='bbox 1592 3495 1625 3560; x_wconf 94' lang='lat' dir='ltr'>ln</span> <span class='ocrx_word' id='word_1_686' title='bbox 1650 3513 1714 3578; x_wconf 87' lang='lat' dir='ltr'>quo</span> <span class='ocrx_word' id='word_1_687' title='bbox 1736 3499 1865 3580; x_wconf 89' lang='lat' dir='ltr'>apparet</span> <span class='ocrx_word' id='word_1_688' title='bbox 1890 3495 1959 3562; x_wconf 90' lang='lat' dir='ltr'>eius</span> <span class='ocrx_word' id='word_1_689' title='bbox 1973 3493 2155 3560; x_wconf 88' lang='lat' dir='ltr'>studiositas</span> <span class='ocrx_word' id='word_1_690' title='bbox 2169 3499 2202 3560; x_wconf 91' lang='lat' dir='ltr'>et</span> <span class='ocrx_word' id='word_1_691' title='bbox 2216 3493 2249 3560; x_wconf 93' lang='lat' dir='ltr'>in</span> <span class='ocrx_word' id='word_1_692' title='bbox 2266 3513 2414 3580; x_wconf 90' lang='lat' dir='ltr'>praecur-</span> 
     </span>
     <span class='ocr_line' id='line_1_88' title="bbox 1459 3599 2415 3686; baseline 0.004 -22"><span class='ocrx_word' id='word_1_693' title='bbox 1459 3599 1554 3666; x_wconf 92' lang='lat' dir='ltr'>rendo</span> <span class='ocrx_word' id='word_1_694' title='bbox 1580 3605 1609 3666; x_wconf 92' lang='grc' dir='ltr'>ει</span> <span class='ocrx_word' id='word_1_695' title='bbox 1632 3599 1665 3665; x_wconf 96' lang='lat' dir='ltr'>in</span> <span class='ocrx_word' id='word_1_696' title='bbox 1679 3599 1874 3668; x_wconf 87' lang='lat' dir='ltr'>ascendendo</span> <span class='ocrx_word' id='word_1_697' title='bbox 1890 3601 1921 3666; x_wconf 92' lang='lat' dir='ltr'>in</span> <span class='ocrx_word' id='word_1_698' title='bbox 1938 3599 2052 3678; x_wconf 91' lang='lat' dir='ltr'>altum,</span> <span class='ocrx_word' id='word_1_699' title='bbox 2071 3607 2106 3668; x_wconf 92' lang='lat' dir='ltr'>ut</span> <span class='ocrx_word' id='word_1_700' title='bbox 2122 3599 2207 3686; x_wconf 81' lang='lat' dir='ltr'>quod</span> <span class='ocrx_word' id='word_1_701' title='bbox 2229 3599 2287 3668; x_wconf 92' lang='lat' dir='ltr'>sibi</span> <span class='ocrx_word' id='word_1_702' title='bbox 2308 3601 2415 3668; x_wconf 87' lang='lat' dir='ltr'>deerat</span> 
     </span>
     <span class='ocr_line' id='line_1_89' title="bbox 1460 3705 2412 3790; baseline 0.002 -20"><span class='ocrx_word' id='word_1_703' title='bbox 1460 3705 1619 3788; x_wconf 87' lang='lat' dir='ltr'>suppleret</span> <span class='ocrx_word' id='word_1_704' title='bbox 1644 3723 1701 3790; x_wconf 93' lang='lat' dir='ltr'>per</span> <span class='ocrx_word' id='word_1_705' title='bbox 1733 3707 1926 3774; x_wconf 91' lang='lat' dir='ltr'>adiutorium</span> <span class='ocrx_word' id='word_1_706' title='bbox 1953 3707 2098 3774; x_wconf 89' lang='lat' dir='ltr'>alienum.</span> <span class='ocrx_word' id='word_1_707' title='bbox 2132 3707 2218 3774; x_wconf 89' lang='lat' dir='ltr'>Unde</span> <span class='ocrx_word' id='word_1_708' title='bbox 2249 3707 2412 3774; x_wconf 64' lang='lat' dir='ltr'>Glossafl:</span> 
     </span>
    </p>

    <p class='ocr_par' dir='ltr' id='par_1_22' title="bbox 1458 3809 2414 4214">
     <span class='ocr_line' id='line_1_90' title="bbox 1464 3809 2414 3898; baseline 0.011 -28"><span class='ocrx_word' id='word_1_709' title='bbox 1464 3837 1479 3870; x_wconf 77' lang='lat' dir='ltr'>a</span> <span class='ocrx_word' id='word_1_710' title='bbox 1495 3809 1575 3896; x_wconf 86' lang='lat' dir='ltr'>Quia</span> <span class='ocrx_word' id='word_1_711' title='bbox 1598 3809 1763 3882; x_wconf 83' lang='lat' dir='ltr'>deuotione</span> <span class='ocrx_word' id='word_1_712' title='bbox 1786 3811 1857 3882; x_wconf 91' lang='lat' dir='ltr'>lidei</span> <span class='ocrx_word' id='word_1_713' title='bbox 1883 3811 2105 3878; x_wconf 85' lang='lat' dir='ltr'>adridendum</span> <span class='ocrx_word' id='word_1_714' title='bbox 2123 3811 2314 3880; x_wconf 80' lang='lat' dir='ltr'>saluatorem</span> <span class='ocrx_word' id='word_1_715' title='bbox 2331 3815 2414 3898; x_wconf 89' lang='lat' dir='ltr'>quod</span> 
     </span>
     <span class='ocr_line' id='line_1_91' title="bbox 1458 3917 2412 4004; baseline 0.006 -24"><span class='ocrx_word' id='word_1_716' title='bbox 1458 3917 1702 3984; x_wconf 91' lang='lat' dir='ltr'>naturaminus</span> <span class='ocrx_word' id='word_1_717' title='bbox 1724 3917 1819 3984; x_wconf 90' lang='lat' dir='ltr'>habet</span> <span class='ocrx_word' id='word_1_718' title='bbox 1849 3935 1906 4002; x_wconf 89' lang='lat' dir='ltr'>per</span> <span class='ocrx_word' id='word_1_719' title='bbox 1936 3935 2112 3996; x_wconf 90' lang='lat' dir='ltr'>ascensum</span> <span class='ocrx_word' id='word_1_720' title='bbox 2126 3917 2249 3984; x_wconf 91' lang='lat' dir='ltr'>arboris</span> <span class='ocrx_word' id='word_1_721' title='bbox 2272 3919 2412 4004; x_wconf 89' lang='lat' dir='ltr'>supplet;</span> 
     </span>
     <span class='ocr_line' id='line_1_92' title="bbox 1459 4019 2414 4108; baseline 0.004 -24"><span class='ocrx_word' id='word_1_722' title='bbox 1459 4019 1558 4100; x_wconf 88' lang='lat' dir='ltr'>iuste,</span> <span class='ocrx_word' id='word_1_723' title='bbox 1575 4021 1660 4106; x_wconf 90' lang='lat' dir='ltr'>quod</span> <span class='ocrx_word' id='word_1_724' title='bbox 1674 4039 1787 4108; x_wconf 89' lang='lat' dir='ltr'>rogare</span> <span class='ocrx_word' id='word_1_725' title='bbox 1810 4039 1872 4088; x_wconf 92' lang='lat' dir='ltr'>non</span> <span class='ocrx_word' id='word_1_726' title='bbox 1890 4021 2037 4100; x_wconf 91' lang='lat' dir='ltr'>audebat,</span> <span class='ocrx_word' id='word_1_727' title='bbox 2054 4019 2227 4090; x_wconf 86' lang='lat' dir='ltr'>dominicae</span> <span class='ocrx_word' id='word_1_728' title='bbox 2243 4025 2414 4106; x_wconf 89' lang='lat' dir='ltr'>susceptio-</span> 
     </span>
     <span class='ocr_line' id='line_1_93' title="bbox 1459 4123 2325 4214; baseline 0.005 -24"><span class='ocrx_word' id='word_1_729' title='bbox 1459 4123 1507 4190; x_wconf 91' lang='lat' dir='ltr'>nis</span> <span class='ocrx_word' id='word_1_730' title='bbox 1531 4127 1779 4200; x_wconf 88' lang='lat' dir='ltr'>benedictionem</span> <span class='ocrx_word' id='word_1_731' title='bbox 1800 4127 1938 4214; x_wconf 91' lang='lat' dir='ltr'>accepit,</span> <span class='ocrx_word' id='word_1_732' title='bbox 1963 4145 2058 4212; x_wconf 88' lang='lat' dir='ltr'>quam</span> <span class='ocrx_word' id='word_1_733' title='bbox 2083 4127 2325 4196; x_wconf 79' lang='lat' dir='ltr'>desiderabat».</span> 
     </span>
    </p>

    <p class='ocr_par' dir='ltr' id='par_1_23' title="bbox 1457 4233 2580 4958">
     <span class='ocr_line' id='line_1_94' title="bbox 1490 4233 2580 4322; baseline 0.002 -24"><span class='ocrx_word' id='word_1_734' title='bbox 1490 4271 1491 4290; x_wconf 42' lang='grc' dir='ltr'><strong>ι</strong></span> <span class='ocrx_word' id='word_1_735' title='bbox 1547 4239 1578 4300; x_wconf 92' lang='lat'>7.</span> <span class='ocrx_word' id='word_1_736' title='bbox 1603 4233 1662 4298; x_wconf 90' lang='lat' dir='ltr'>Sed</span> <span class='ocrx_word' id='word_1_737' title='bbox 1684 4233 1736 4300; x_wconf 91' lang='lat' dir='ltr'>hic</span> <span class='ocrx_word' id='word_1_738' title='bbox 1760 4233 2001 4312; x_wconf 89' lang='lat' dir='ltr'>attendendum,</span> <span class='ocrx_word' id='word_1_739' title='bbox 2030 4233 2114 4318; x_wconf 89' lang='lat' dir='ltr'>quod</span> <span class='ocrx_word' id='word_1_740' title='bbox 2147 4235 2341 4318; x_wconf 85' lang='lat' dir='ltr'>Euangelista</span> <span class='ocrx_word' id='word_1_741' title='bbox 2372 4235 2580 4322; x_wconf 69' lang='lat' dir='ltr'>sicupnmnu</span> 
     </span>
     <span class='ocr_line' id='line_1_95' title="bbox 1457 4317 2573 4424; baseline 0 -18"><span class='ocrx_word' id='word_1_742' title='bbox 1457 4339 1622 4424; x_wconf 86' lang='lat' dir='ltr'>diligenter</span> <span class='ocrx_word' id='word_1_743' title='bbox 1646 4355 1762 4406; x_wconf 88' lang='lat' dir='ltr'>nomen</span> <span class='ocrx_word' id='word_1_744' title='bbox 1785 4337 1952 4418; x_wconf 84' lang='lat' dir='ltr'>ciuitatis,</span> <span class='ocrx_word' id='word_1_745' title='bbox 1975 4355 2090 4406; x_wconf 87' lang='lat' dir='ltr'>nomen</span> <span class='ocrx_word' id='word_1_746' title='bbox 2112 4337 2295 4406; x_wconf 77' lang='lat' dir='ltr'>ttotttiuis¹3</span> <span class='ocrx_word' id='word_1_747' title='bbox 2314 4347 2344 4406; x_wconf 92' lang='lat' dir='ltr'>et</span> <span class='ocrx_word' id='word_1_748' title='bbox 2358 4361 2415 4406; x_wconf 89' lang='lat' dir='ltr'>no·</span> <span class='ocrx_word' id='word_1_749' title='bbox 2433 4317 2573 4408; x_wconf 67' lang='lat' dir='ltr'>ilitlitlli.</span> 
     </span>
     <span class='ocr_line' id='line_1_96' title="bbox 1459 4443 2466 4536; baseline -0.002 -24"><span class='ocrx_word' id='word_1_750' title='bbox 1459 4463 1529 4512; x_wconf 90' lang='lat' dir='ltr'>men</span> <span class='ocrx_word' id='word_1_751' title='bbox 1565 4443 1701 4512; x_wconf 83' lang='lat' dir='ltr'>arboris</span> <span class='ocrx_word' id='word_1_752' title='bbox 1729 4451 1859 4528; x_wconf 90' lang='lat' dir='ltr'>propter</span> <span class='ocrx_word' id='word_1_753' title='bbox 1895 4445 2091 4532; x_wconf 75' lang='lat' dir='ltr'>mysterium</span> <span class='ocrx_word' id='word_1_754' title='bbox 2132 4445 2230 4530; x_wconf 82' lang='lat' dir='ltr'>inagis</span> <span class='ocrx_word' id='word_1_755' title='bbox 2265 4445 2414 4536; x_wconf 86' lang='lat' dir='ltr'>exprimit</span> <span class='ocrx_word' id='word_1_756' title='bbox 2462 4491 2466 4510; x_wconf 77' lang='grc'><strong>.</strong></span> 
     </span>
     <span class='ocr_line' id='line_1_97' title="bbox 1458 4547 2413 4636; baseline 0.002 -20"><span class='ocrx_word' id='word_1_757' title='bbox 1458 4569 1552 4636; x_wconf 87' lang='lat' dir='ltr'>quam</span> <span class='ocrx_word' id='word_1_758' title='bbox 1577 4555 1708 4636; x_wconf 91' lang='lat' dir='ltr'>propter</span> <span class='ocrx_word' id='word_1_759' title='bbox 1729 4549 1919 4636; x_wconf 81' lang='lat' dir='ltr'>exigentiam</span> <span class='ocrx_word' id='word_1_760' title='bbox 1944 4549 2134 4630; x_wconf 84' lang='lat' dir='ltr'>narrationis</span> <span class='ocrx_word' id='word_1_761' title='bbox 2156 4547 2250 4636; x_wconf 71' lang='lat' dir='ltr'>susti.</span> <span class='ocrx_word' id='word_1_762' title='bbox 2275 4589 2316 4600; x_wconf 97' lang='lat'>—</span> <span class='ocrx_word' id='word_1_763' title='bbox 2341 4553 2413 4618; x_wconf 84' lang='lat' dir='ltr'>Pro-</span> 
     </span>
     <span class='ocr_line' id='line_1_98' title="bbox 1457 4655 2413 4742; baseline 0.002 -18"><span class='ocrx_word' id='word_1_764' title='bbox 1457 4663 1529 4742; x_wconf 89' lang='lat' dir='ltr'>pter</span> <span class='ocrx_word' id='word_1_765' title='bbox 1543 4655 1628 4742; x_wconf 87' lang='lat' dir='ltr'>quod</span> <span class='ocrx_word' id='word_1_766' title='bbox 1644 4655 1898 4742; x_wconf 87' lang='lat' dir='ltr'>intelligendum,</span> <span class='ocrx_word' id='word_1_767' title='bbox 1914 4655 1999 4742; x_wconf 90' lang='lat' dir='ltr'>quod</span> <span class='ocrx_word' id='word_1_768' title='bbox 2021 4655 2080 4724; x_wconf 86' lang='lat' dir='ltr'>iste</span> <span class='ocrx_word' id='word_1_769' title='bbox 2101 4655 2306 4742; x_wconf 82' lang='lat' dir='ltr'>publicanus</span> <span class='ocrx_word' id='word_1_770' title='bbox 2329 4663 2413 4726; x_wconf 88' lang='lat' dir='ltr'>recte</span> 
     </span>
     <span class='ocr_line' id='line_1_99' title="bbox 1457 4759 2570 4850; baseline 0 -18"><span class='ocrx_word' id='word_1_771' title='bbox 1457 4765 1598 4850; x_wconf 89' lang='lat' dir='ltr'>designat</span> <span class='ocrx_word' id='word_1_772' title='bbox 1619 4759 1774 4850; x_wconf 91' lang='lat' dir='ltr'>populum</span> <span class='ocrx_word' id='word_1_773' title='bbox 1807 4763 1964 4850; x_wconf 89' lang='lat' dir='ltr'>gentilem.</span> <span class='ocrx_word' id='word_1_774' title='bbox 1997 4761 2141 4850; x_wconf 74' lang='lat' dir='ltr'>Iericho,</span> <span class='ocrx_word' id='word_1_775' title='bbox 2164 4781 2246 4850; x_wconf 88' lang='lat' dir='ltr'>quae</span> <span class='ocrx_word' id='word_1_776' title='bbox 2269 4767 2343 4832; x_wconf 91' lang='lat' dir='ltr'>luna</span> <span class='ocrx_word' id='word_1_777' title='bbox 2368 4765 2413 4832; x_wconf 93' lang='lat' dir='ltr'>in·</span> <span class='ocrx_word' id='word_1_778' title='bbox 2435 4785 2465 4832; x_wconf 73' lang='lat' dir='ltr'>oi</span> <span class='ocrx_word' id='word_1_779' title='bbox 2479 4787 2570 4832; x_wconf 70' lang='lat' dir='ltr'>ranila.</span> 
     </span>
     <span class='ocr_line' id='line_1_100' title="bbox 1458 4869 2412 4958; baseline 0.002 -20"><span class='ocrx_word' id='word_1_780' title='bbox 1458 4873 1669 4958; x_wconf 87' lang='lat' dir='ltr'>terpretatur,</span> <span class='ocrx_word' id='word_1_781' title='bbox 1688 4871 1770 4938; x_wconf 93' lang='lat' dir='ltr'>sicut</span> <span class='ocrx_word' id='word_1_782' title='bbox 1784 4889 1883 4956; x_wconf 89' lang='lat' dir='ltr'>supra</span> <span class='ocrx_word' id='word_1_783' title='bbox 1896 4871 1921 4910; x_wconf 72' lang='lat'>¹4</span> <span class='ocrx_word' id='word_1_784' title='bbox 1946 4877 2064 4936; x_wconf 86' lang='lat' dir='ltr'>tactum</span> <span class='ocrx_word' id='word_1_785' title='bbox 2081 4877 2145 4950; x_wconf 91' lang='lat' dir='ltr'>est,</span> <span class='ocrx_word' id='word_1_786' title='bbox 2161 4869 2301 4956; x_wconf 87' lang='lat' dir='ltr'>designat</span> <span class='ocrx_word' id='word_1_787' title='bbox 2319 4891 2412 4958; x_wconf 79' lang='lat' dir='ltr'>ruttu-</span> 
     </span>
    </p>
   </div>
   <div class='ocr_carea' id='block_1_9' title="bbox 1437 4969 2412 5066">
    <p class='ocr_par' dir='ltr' id='par_1_24' title="bbox 1437 4969 2412 5066">
     <span class='ocr_line' id='line_1_101' title="bbox 1437 4969 2412 5066; baseline 0.002 -22"><span class='ocrx_word' id='word_1_788' title='bbox 1437 4969 1538 5054; x_wconf 75' lang='lat' dir='ltr'>&#39;dum</span> <span class='ocrx_word' id='word_1_789' title='bbox 1562 4981 1692 5062; x_wconf 88' lang='lat' dir='ltr'>propter</span> <span class='ocrx_word' id='word_1_790' title='bbox 1716 4977 1767 5042; x_wconf 93' lang='lat' dir='ltr'>sui</span> <span class='ocrx_word' id='word_1_791' title='bbox 1788 4975 1945 5044; x_wconf 89' lang='lat' dir='ltr'>delectum</span> <span class='ocrx_word' id='word_1_792' title='bbox 1974 4983 2007 5044; x_wconf 89' lang='grc' dir='ltr'>ει</span> <span class='ocrx_word' id='word_1_793' title='bbox 2036 4973 2296 5060; x_wconf 88' lang='lat' dir='ltr'>mutabilitatem;</span> <span class='ocrx_word' id='word_1_794' title='bbox 2322 4979 2412 5066; x_wconf 89' lang='lat' dir='ltr'>quia,</span> 
     </span>
    </p>
   </div>
   <div class='ocr_carea' id='block_1_10' title="bbox 1457 5363 2415 6928">
    <p class='ocr_par' dir='ltr' id='par_1_25' title="bbox 1460 5363 2412 5510">
     <span class='ocr_line' id='line_1_102' title="bbox 1512 5363 2412 5436; baseline 0.001 -16"><span class='ocrx_word' id='word_1_795' title='bbox 1512 5363 1539 5400; x_wconf 76' lang='lat'>-³</span> <span class='ocrx_word' id='word_1_796' title='bbox 1561 5367 1636 5420; x_wconf 76' lang='lat' dir='ltr'>Vens.</span> <span class='ocrx_word' id='word_1_797' title='bbox 1654 5365 1698 5422; x_wconf 83' lang='grc'>25.</span> <span class='ocrx_word' id='word_1_798' title='bbox 1716 5393 1751 5404; x_wconf 89' lang='grc'>-</span> <span class='ocrx_word' id='word_1_799' title='bbox 1770 5365 1820 5416; x_wconf 87' lang='lat' dir='ltr'>Pro</span> <span class='ocrx_word' id='word_1_800' title='bbox 1847 5363 2048 5420; x_wconf 85' lang='lat' dir='ltr'>suscitatio-uem</span> <span class='ocrx_word' id='word_1_801' title='bbox 2073 5363 2175 5420; x_wconf 84' lang='lat' dir='ltr'>mortui</span> <span class='ocrx_word' id='word_1_802' title='bbox 2204 5363 2248 5432; x_wconf 85' lang='lat' dir='ltr'>(ita</span> <span class='ocrx_word' id='word_1_803' title='bbox 2268 5367 2334 5436; x_wconf 87' lang='lat' dir='ltr'>BH)</span> <span class='ocrx_word' id='word_1_804' title='bbox 2354 5369 2412 5420; x_wconf 77' lang='lat' dir='ltr'>Vel.</span> 
     </span>
     <span class='ocr_line' id='line_1_103' title="bbox 1460 5453 2011 5510; baseline 0.004 -4"><span class='ocrx_word' id='word_1_805' title='bbox 1460 5467 1521 5506; x_wconf 86' lang='lat' dir='ltr'>cum</span> <span class='ocrx_word' id='word_1_806' title='bbox 1539 5455 1595 5508; x_wconf 86' lang='lat' dir='ltr'>aliis</span> <span class='ocrx_word' id='word_1_807' title='bbox 1613 5453 1694 5508; x_wconf 90' lang='lat' dir='ltr'>codd.</span> <span class='ocrx_word' id='word_1_808' title='bbox 1715 5453 1883 5510; x_wconf 84' lang='lat' dir='ltr'>curalio-rum</span> <span class='ocrx_word' id='word_1_809' title='bbox 1900 5453 2011 5510; x_wconf 83' lang='lat' dir='ltr'>naortui.</span> 
     </span>
    </p>

    <p class='ocr_par' dir='ltr' id='par_1_26' title="bbox 1458 5541 2415 6138">
     <span class='ocr_line' id='line_1_104' title="bbox 1518 5541 2412 5612; baseline 0.006 -19"><span class='ocrx_word' id='word_1_810' title='bbox 1518 5541 1541 5586; x_wconf 26' lang='lat'>,⁹</span> <span class='ocrx_word' id='word_1_811' title='bbox 1560 5543 1651 5594; x_wconf 85' lang='lat' dir='ltr'>Glosso</span> <span class='ocrx_word' id='word_1_812' title='bbox 1673 5541 1818 5598; x_wconf 87' lang='lat' dir='ltr'>ordiuuriu</span> <span class='ocrx_word' id='word_1_813' title='bbox 1842 5541 1884 5610; x_wconf 84' lang='lat' dir='ltr'>(ex</span> <span class='ocrx_word' id='word_1_814' title='bbox 1908 5543 1988 5612; x_wconf 84' lang='lat' dir='ltr'>bedu)</span> <span class='ocrx_word' id='word_1_815' title='bbox 2018 5543 2042 5594; x_wconf 90' lang='lat' dir='ltr'>in</span> <span class='ocrx_word' id='word_1_816' title='bbox 2069 5545 2132 5596; x_wconf 89' lang='lat' dir='ltr'>Luc.</span> <span class='ocrx_word' id='word_1_817' title='bbox 2150 5543 2199 5612; x_wconf 81' lang='lat' dir='ltr'>le,</span> <span class='ocrx_word' id='word_1_818' title='bbox 2225 5543 2249 5596; x_wconf 93' lang='lat' dir='ltr'>l.</span> <span class='ocrx_word' id='word_1_819' title='bbox 2269 5561 2324 5612; x_wconf 82' lang='lat' dir='ltr'>seq.</span> <span class='ocrx_word' id='word_1_820' title='bbox 2342 5547 2412 5612; x_wconf 85' lang='lat' dir='ltr'>apud</span> 
     </span>
     <span class='ocr_line' id='line_1_105' title="bbox 1459 5633 2414 5702; baseline 0.002 -18"><span class='ocrx_word' id='word_1_821' title='bbox 1459 5635 1617 5700; x_wconf 72' lang='lat' dir='ltr'>buranum:</span> <span class='ocrx_word' id='word_1_822' title='bbox 1634 5633 1685 5684; x_wconf 87' lang='lat' dir='ltr'>Sed</span> <span class='ocrx_word' id='word_1_823' title='bbox 1711 5633 1800 5696; x_wconf 86' lang='lat' dir='ltr'>turba,</span> <span class='ocrx_word' id='word_1_824' title='bbox 1821 5633 1848 5684; x_wconf 95' lang='lat' dir='ltr'>id</span> <span class='ocrx_word' id='word_1_825' title='bbox 1866 5639 1905 5686; x_wconf 85' lang='lat' dir='ltr'>est</span> <span class='ocrx_word' id='word_1_826' title='bbox 1928 5633 2054 5686; x_wconf 88' lang='lat' dir='ltr'>viliorum</span> <span class='ocrx_word' id='word_1_827' title='bbox 2077 5633 2255 5696; x_wconf 85' lang='lat' dir='ltr'>consuetudo,</span> <span class='ocrx_word' id='word_1_828' title='bbox 2273 5649 2341 5702; x_wconf 75' lang='lat' dir='ltr'>qliae</span> <span class='ocrx_word' id='word_1_829' title='bbox 2360 5649 2414 5686; x_wconf 85' lang='lat' dir='ltr'>cae·</span> 
     </span>
     <span class='ocr_line' id='line_1_106' title="bbox 1459 5719 2414 5786; baseline 0 -12"><span class='ocrx_word' id='word_1_830' title='bbox 1459 5735 1521 5774; x_wconf 88' lang='lat' dir='ltr'>rum</span> <span class='ocrx_word' id='word_1_831' title='bbox 1538 5723 1697 5774; x_wconf 88' lang='lat' dir='ltr'>clamantem</span> <span class='ocrx_word' id='word_1_832' title='bbox 1715 5719 1880 5786; x_wconf 81' lang='lat' dir='ltr'>increpabat,</span> <span class='ocrx_word' id='word_1_833' title='bbox 1905 5721 1982 5774; x_wconf 89' lang='lat' dir='ltr'>etiam</span> <span class='ocrx_word' id='word_1_834' title='bbox 2008 5723 2079 5774; x_wconf 92' lang='lat' dir='ltr'>hunc</span> <span class='ocrx_word' id='word_1_835' title='bbox 2105 5723 2292 5786; x_wconf 84' lang='lat' dir='ltr'>suspicientem</span> <span class='ocrx_word' id='word_1_836' title='bbox 2322 5725 2414 5776; x_wconf 86' lang='lat' dir='ltr'>tardat.</span> 
     </span>
     <span class='ocr_line' id='line_1_107' title="bbox 1460 5807 2414 5876; baseline 0.004 -18"><span class='ocrx_word' id='word_1_837' title='bbox 1460 5807 1512 5860; x_wconf 87' lang='lat' dir='ltr'>Sed</span> <span class='ocrx_word' id='word_1_838' title='bbox 1529 5807 1596 5860; x_wconf 85' lang='lat' dir='ltr'>sient</span> <span class='ocrx_word' id='word_1_839' title='bbox 1614 5807 1727 5872; x_wconf 87' lang='lat' dir='ltr'>amplius</span> <span class='ocrx_word' id='word_1_840' title='bbox 1745 5807 1883 5868; x_wconf 84' lang='lat' dir='ltr'>clamando</span> <span class='ocrx_word' id='word_1_841' title='bbox 1910 5821 2005 5860; x_wconf 86' lang='lat' dir='ltr'>caecus</span> <span class='ocrx_word' id='word_1_842' title='bbox 2032 5807 2139 5860; x_wconf 88' lang='lat' dir='ltr'>turbam</span> <span class='ocrx_word' id='word_1_843' title='bbox 2156 5807 2232 5870; x_wconf 81' lang='lat' dir='ltr'>vicit,</span> <span class='ocrx_word' id='word_1_844' title='bbox 2252 5811 2286 5862; x_wconf 89' lang='lat' dir='ltr'>ita</span> <span class='ocrx_word' id='word_1_845' title='bbox 2306 5811 2414 5876; x_wconf 90' lang='lat' dir='ltr'>pusillus</span> 
     </span>
     <span class='ocr_line' id='line_1_108' title="bbox 1459 5895 2414 5960; baseline 0 -12"><span class='ocrx_word' id='word_1_846' title='bbox 1459 5901 1561 5948; x_wconf 83' lang='lat' dir='ltr'>terrena</span> <span class='ocrx_word' id='word_1_847' title='bbox 1581 5895 1769 5960; x_wconf 87' lang='lat' dir='ltr'>relinquendo,</span> <span class='ocrx_word' id='word_1_848' title='bbox 1792 5895 1914 5948; x_wconf 87' lang='lat' dir='ltr'>arborem</span> <span class='ocrx_word' id='word_1_849' title='bbox 1940 5897 2025 5958; x_wconf 81' lang='lat' dir='ltr'>crucis</span> <span class='ocrx_word' id='word_1_850' title='bbox 2054 5897 2221 5950; x_wconf 86' lang='lat' dir='ltr'>ascendendo</span> <span class='ocrx_word' id='word_1_851' title='bbox 2247 5897 2352 5950; x_wconf 89' lang='lat' dir='ltr'>turham</span> <span class='ocrx_word' id='word_1_852' title='bbox 2372 5897 2414 5950; x_wconf 87' lang='lat' dir='ltr'>ob.-</span> 
     </span>
     <span class='ocr_line' id='line_1_109' title="bbox 1459 5981 2415 6054; baseline 0.002 -20"><span class='ocrx_word' id='word_1_853' title='bbox 1459 5987 1569 6036; x_wconf 86' lang='lat' dir='ltr'>stantem</span> <span class='ocrx_word' id='word_1_854' title='bbox 1589 5983 1759 6048; x_wconf 86' lang='lat' dir='ltr'>transcendit,</span> <span class='ocrx_word' id='word_1_855' title='bbox 1778 5985 1893 6036; x_wconf 85' lang='lat' dir='ltr'>clamans</span> <span class='ocrx_word' id='word_1_856' title='bbox 1905 5997 1967 6038; x_wconf 87' lang='lat' dir='ltr'>cnm</span> <span class='ocrx_word' id='word_1_857' title='bbox 1979 5983 2103 6048; x_wconf 83' lang='lat' dir='ltr'>Apostolo</span> <span class='ocrx_word' id='word_1_858' title='bbox 2124 5981 2191 6052; x_wconf 85' lang='lat' dir='ltr'>[Gal.</span> <span class='ocrx_word' id='word_1_859' title='bbox 2211 5983 2242 6046; x_wconf 88' lang='grc'>6,</span> <span class='ocrx_word' id='word_1_860' title='bbox 2264 5983 2330 6054; x_wconf 81' lang='lat' dir='ltr'>ll.]:</span> <span class='ocrx_word' id='word_1_861' title='bbox 2348 5981 2415 6038; x_wconf 82' lang='lat' dir='ltr'>Mitti</span> 
     </span>
     <span class='ocr_line' id='line_1_110' title="bbox 1458 6067 2086 6138; baseline -0.002 -16"><span class='ocrx_word' id='word_1_862' title='bbox 1458 6067 1529 6124; x_wconf 85' lang='lat' dir='ltr'>obsit</span> <span class='ocrx_word' id='word_1_863' title='bbox 1545 6067 1663 6138; x_wconf 79' lang='lat' dir='ltr'>gloriari</span> <span class='ocrx_word' id='word_1_864' title='bbox 1680 6069 1735 6124; x_wconf 87' lang='lat' dir='ltr'>uisi</span> <span class='ocrx_word' id='word_1_865' title='bbox 1751 6071 1781 6132; x_wconf 51' lang='lat' dir='ltr'>¹iu</span> <span class='ocrx_word' id='word_1_866' title='bbox 1799 6083 1880 6128; x_wconf 87' lang='lat' dir='ltr'>cruce</span> <span class='ocrx_word' id='word_1_867' title='bbox 1898 6075 1947 6122; x_wconf 85' lang='lat' dir='ltr'>etc.</span> <span class='ocrx_word' id='word_1_868' title='bbox 2082 6073 2086 6082; x_wconf 86' lang='lat'>&#39;</span> 
     </span>
    </p>

    <p class='ocr_par' dir='ltr' id='par_1_27' title="bbox 1459 6153 2414 6310">
     <span class='ocr_line' id='line_1_111' title="bbox 1529 6153 2414 6224; baseline 0 -14"><span class='ocrx_word' id='word_1_869' title='bbox 1529 6153 1551 6184; x_wconf 83' lang='lat'>¹⁰</span> <span class='ocrx_word' id='word_1_870' title='bbox 1572 6157 1648 6210; x_wconf 80' lang='lat' dir='ltr'>Vero.</span> <span class='ocrx_word' id='word_1_871' title='bbox 1667 6157 1712 6210; x_wconf 86' lang='grc'>32.</span> <span class='ocrx_word' id='word_1_872' title='bbox 1724 6185 1761 6196; x_wconf 94' lang='grc'>-</span> <span class='ocrx_word' id='word_1_873' title='bbox 1773 6159 1831 6210; x_wconf 86' lang='lat' dir='ltr'>Duo</span> <span class='ocrx_word' id='word_1_874' title='bbox 1849 6171 1923 6224; x_wconf 81' lang='lat' dir='ltr'>seqq.</span> <span class='ocrx_word' id='word_1_875' title='bbox 1944 6155 1992 6210; x_wconf 92' lang='lat' dir='ltr'>loci</span> <span class='ocrx_word' id='word_1_876' title='bbox 2012 6165 2073 6210; x_wconf 92' lang='lat' dir='ltr'>sunt</span> <span class='ocrx_word' id='word_1_877' title='bbox 2089 6157 2169 6212; x_wconf 88' lang='lat' dir='ltr'>Exod.</span> <span class='ocrx_word' id='word_1_878' title='bbox 2184 6159 2229 6220; x_wconf 85' lang='grc'>23,</span> <span class='ocrx_word' id='word_1_879' title='bbox 2252 6161 2276 6210; x_wconf 88' lang='grc'>2.</span> <span class='ocrx_word' id='word_1_880' title='bbox 2289 6165 2316 6212; x_wconf 88' lang='grc' dir='ltr'>ει</span> <span class='ocrx_word' id='word_1_881' title='bbox 2327 6159 2414 6212; x_wconf 84' lang='lat' dir='ltr'>Melth.</span> 
     </span>
     <span class='ocr_line' id='line_1_112' title="bbox 1459 6245 2181 6310; baseline 0 -14"><span class='ocrx_word' id='word_1_882' title='bbox 1459 6245 1506 6308; x_wconf 87' lang='lat' dir='ltr'>ll,</span> <span class='ocrx_word' id='word_1_883' title='bbox 1526 6245 1570 6302; x_wconf 85' lang='grc'>23.</span> <span class='ocrx_word' id='word_1_884' title='bbox 1876 6245 1877 6248; x_wconf 75' lang='grc'>’</span> <span class='ocrx_word' id='word_1_885' title='bbox 2179 6305 2181 6310; x_wconf 46' lang='grc'><strong>,</strong></span> 
     </span>
    </p>

    <p class='ocr_par' dir='ltr' id='par_1_28' title="bbox 1529 6329 2413 6400">
     <span class='ocr_line' id='line_1_113' title="bbox 1529 6329 2413 6400; baseline -0.001 -14"><span class='ocrx_word' id='word_1_886' title='bbox 1529 6329 1548 6362; x_wconf 82' lang='lat'>¹¹</span> <span class='ocrx_word' id='word_1_887' title='bbox 1564 6335 1604 6386; x_wconf 83' lang='lat' dir='ltr'>lta</span> <span class='ocrx_word' id='word_1_888' title='bbox 1624 6333 1703 6386; x_wconf 87' lang='lat' dir='ltr'>etiam</span> <span class='ocrx_word' id='word_1_889' title='bbox 1721 6333 1791 6384; x_wconf 85' lang='lat' dir='ltr'>Beda</span> <span class='ocrx_word' id='word_1_890' title='bbox 1811 6339 1836 6386; x_wconf 87' lang='lat' dir='ltr'>et</span> <span class='ocrx_word' id='word_1_891' title='bbox 1853 6331 1929 6386; x_wconf 89' lang='lat' dir='ltr'>Card.</span> <span class='ocrx_word' id='word_1_892' title='bbox 1949 6335 2040 6400; x_wconf 89' lang='lat' dir='ltr'>Hugo;</span> <span class='ocrx_word' id='word_1_893' title='bbox 2061 6335 2120 6386; x_wconf 90' lang='lat' dir='ltr'>Vat.</span> <span class='ocrx_word' id='word_1_894' title='bbox 2139 6347 2200 6386; x_wconf 89' lang='lat' dir='ltr'>cum</span> <span class='ocrx_word' id='word_1_895' title='bbox 2219 6333 2413 6398; x_wconf 72' lang='lat' dir='ltr'>vulgaricum.</span> 
     </span>
    </p>

    <p class='ocr_par' dir='ltr' id='par_1_29' title="bbox 1457 6417 2413 6660">
     <span class='ocr_line' id='line_1_114' title="bbox 1529 6417 2413 6488; baseline 0 -16"><span class='ocrx_word' id='word_1_896' title='bbox 1529 6417 1551 6450; x_wconf 72' lang='lat'>¹²</span> <span class='ocrx_word' id='word_1_897' title='bbox 1573 6419 1674 6472; x_wconf 85' lang='lat' dir='ltr'>Scilicet</span> <span class='ocrx_word' id='word_1_898' title='bbox 1694 6419 1835 6474; x_wconf 82' lang='lat' dir='ltr'>ordinario</span> <span class='ocrx_word' id='word_1_899' title='bbox 1854 6419 1896 6488; x_wconf 82' lang='lat' dir='ltr'>(ex</span> <span class='ocrx_word' id='word_1_900' title='bbox 1913 6419 1996 6488; x_wconf 86' lang='lat' dir='ltr'>Beda)</span> <span class='ocrx_word' id='word_1_901' title='bbox 2010 6419 2035 6470; x_wconf 90' lang='lat' dir='ltr'>in</span> <span class='ocrx_word' id='word_1_902' title='bbox 2049 6423 2112 6472; x_wconf 91' lang='lat' dir='ltr'>Luc.</span> <span class='ocrx_word' id='word_1_903' title='bbox 2132 6419 2178 6482; x_wconf 81' lang='lat' dir='ltr'>le,</span> <span class='ocrx_word' id='word_1_904' title='bbox 2199 6419 2221 6470; x_wconf 91' lang='lat' dir='ltr'>l.</span> <span class='ocrx_word' id='word_1_905' title='bbox 2242 6435 2310 6488; x_wconf 76' lang='lat' dir='ltr'>scip,</span> <span class='ocrx_word' id='word_1_906' title='bbox 2323 6421 2347 6470; x_wconf 90' lang='lat' dir='ltr'>in</span> <span class='ocrx_word' id='word_1_907' title='bbox 2362 6435 2413 6488; x_wconf 80' lang='lat' dir='ltr'>qtae</span> 
     </span>
     <span class='ocr_line' id='line_1_115' title="bbox 1457 6497 2412 6574; baseline 0 -14"><span class='ocrx_word' id='word_1_908' title='bbox 1457 6497 1715 6574; x_wconf 73' lang='lat' dir='ltr'>promuntunum</span> <span class='ocrx_word' id='word_1_909' title='bbox 1741 6513 1826 6562; x_wconf 90' lang='lat' dir='ltr'>textus</span> <span class='ocrx_word' id='word_1_910' title='bbox 1848 6509 1983 6572; x_wconf 86' lang='lat' dir='ltr'>originalis</span> <span class='ocrx_word' id='word_1_911' title='bbox 2012 6505 2147 6568; x_wconf 87' lang='lat' dir='ltr'>substituit</span> <span class='ocrx_word' id='word_1_912' title='bbox 2174 6505 2265 6562; x_wconf 77' lang='lat' dir='ltr'>suiuus</span> <span class='ocrx_word' id='word_1_913' title='bbox 2293 6505 2412 6564; x_wconf 79' lang='lat' dir='ltr'>habebut.</span> 
     </span>
     <span class='ocr_line' id='line_1_116' title="bbox 1458 6597 2031 6660; baseline -0.003 -10"><span class='ocrx_word' id='word_1_914' title='bbox 1458 6599 1518 6652; x_wconf 85' lang='lat' dir='ltr'>Vnt.</span> <span class='ocrx_word' id='word_1_915' title='bbox 1535 6597 1617 6654; x_wconf 82' lang='lat' dir='ltr'>rerba</span> <span class='ocrx_word' id='word_1_916' title='bbox 1637 6599 1734 6660; x_wconf 88' lang='lat' dir='ltr'>Bedae,</span> <span class='ocrx_word' id='word_1_917' title='bbox 1754 6611 1808 6650; x_wconf 89' lang='lat' dir='ltr'>non</span> <span class='ocrx_word' id='word_1_918' title='bbox 1826 6599 1932 6650; x_wconf 86' lang='lat' dir='ltr'>Glossae</span> <span class='ocrx_word' id='word_1_919' title='bbox 1951 6599 2031 6650; x_wconf 85' lang='lat' dir='ltr'>aliert</span> 
     </span>
    </p>

    <p class='ocr_par' dir='ltr' id='par_1_30' title="bbox 1458 6683 2414 6842">
     <span class='ocr_line' id='line_1_117' title="bbox 1529 6683 2414 6752; baseline 0 -12"><span class='ocrx_word' id='word_1_920' title='bbox 1529 6683 1712 6742; x_wconf 56' lang='grc' dir='ltr'>1,Νειεειιι</span> <span class='ocrx_word' id='word_1_921' title='bbox 1735 6685 1827 6750; x_wconf 88' lang='lat' dir='ltr'>paucis</span> <span class='ocrx_word' id='word_1_922' title='bbox 1853 6683 1934 6738; x_wconf 87' lang='lat' dir='ltr'>codd.</span> <span class='ocrx_word' id='word_1_923' title='bbox 1952 6683 2045 6738; x_wconf 89' lang='lat' dir='ltr'>omittit</span> <span class='ocrx_word' id='word_1_924' title='bbox 2064 6683 2105 6736; x_wconf 86' lang='lat' dir='ltr'>hie</span> <span class='ocrx_word' id='word_1_925' title='bbox 2124 6683 2367 6752; x_wconf 74' lang='lat' dir='ltr'>numerabamus,</span> <span class='ocrx_word' id='word_1_926' title='bbox 2390 6693 2414 6740; x_wconf 90' lang='lat' dir='ltr'>at</span> 
     </span>
     <span class='ocr_line' id='line_1_118' title="bbox 1458 6767 2408 6842; baseline -0.002 -14"><span class='ocrx_word' id='word_1_927' title='bbox 1458 6773 1566 6828; x_wconf 84' lang='lat' dir='ltr'>interius</span> <span class='ocrx_word' id='word_1_928' title='bbox 1583 6773 1656 6842; x_wconf 81' lang='lat' dir='ltr'>[ccii.</span> <span class='ocrx_word' id='word_1_929' title='bbox 1733 6813 1734 6816; x_wconf 63' lang='lat'>,</span> <span class='ocrx_word' id='word_1_930' title='bbox 1813 6797 1815 6800; x_wconf 95' lang='lat'>·</span> <span class='ocrx_word' id='word_1_931' title='bbox 1962 6809 1963 6812; x_wconf 51' lang='lat'><em>=</em></span> <span class='ocrx_word' id='word_1_932' title='bbox 2172 6789 2181 6798; x_wconf 89' lang='lat'>··</span> <span class='ocrx_word' id='word_1_933' title='bbox 2317 6797 2318 6800; x_wconf 79' lang='lat'>¹</span> <span class='ocrx_word' id='word_1_934' title='bbox 2407 6767 2408 6770; x_wconf 60' lang='grc'>’</span> 
     </span>
    </p>

    <p class='ocr_par' dir='ltr' id='par_1_31' title="bbox 1530 6861 2301 6928">
     <span class='ocr_line' id='line_1_119' title="bbox 1530 6861 2301 6928; baseline 0 -12"><span class='ocrx_word' id='word_1_935' title='bbox 1530 6861 1560 6902; x_wconf 63' lang='lat'>1⁴,-</span> <span class='ocrx_word' id='word_1_936' title='bbox 1572 6863 1636 6928; x_wconf 86' lang='lat' dir='ltr'>Cap.</span> <span class='ocrx_word' id='word_1_937' title='bbox 1650 6861 1699 6926; x_wconf 77' lang='lat' dir='ltr'>le,</span> <span class='ocrx_word' id='word_1_938' title='bbox 1717 6861 1761 6914; x_wconf 78' lang='lat'>35.</span> <span class='ocrx_word' id='word_1_939' title='bbox 1779 6875 1806 6914; x_wconf 90' lang='lat' dir='ltr'>n.</span> <span class='ocrx_word' id='word_1_940' title='bbox 1826 6861 1869 6914; x_wconf 79' lang='lat'>58.</span> <span class='ocrx_word' id='word_1_941' title='bbox 1887 6889 1923 6900; x_wconf 89' lang='lat'>—</span> <span class='ocrx_word' id='word_1_942' title='bbox 1943 6861 2066 6928; x_wconf 85' lang='lat' dir='ltr'>Sequitur</span> <span class='ocrx_word' id='word_1_943' title='bbox 2084 6863 2100 6914; x_wconf 91' lang='lat' dir='ltr'>l.</span> <span class='ocrx_word' id='word_1_944' title='bbox 2121 6863 2190 6914; x_wconf 88' lang='lat' dir='ltr'>loun.</span> <span class='ocrx_word' id='word_1_945' title='bbox 2209 6861 2238 6924; x_wconf 86' lang='grc'>2,</span> <span class='ocrx_word' id='word_1_946' title='bbox 2259 6861 2301 6916; x_wconf 77' lang='lat' dir='ltr'>ll.</span> 
     </span>
    </p>
   </div>
   <div class='ocr_carea' id='block_1_11' title="bbox 2273 6969 2308 7020">
    <p class='ocr_par' dir='ltr' id='par_1_32' title="bbox 2273 6969 2308 7020">
     <span class='ocr_line' id='line_1_120' title="bbox 2273 6969 2308 7020; baseline -0.057 0"><span class='ocrx_word' id='word_1_947' title='bbox 2273 6969 2308 7020; x_wconf 88' lang='grc'>60</span> 
     </span>
    </p>
   </div>
   <div class='ocr_carea' id='block_1_12' title="bbox 0 0 2959 8260">
    <p class='ocr_par' dir='ltr' id='par_1_33' title="bbox 0 0 2959 8260">
     <span class='ocr_line' id='line_1_121' title="bbox 0 0 2959 8260; baseline 0 0"><span class='ocrx_word' id='word_1_948' title='bbox 0 0 2959 8260; x_wconf 95' lang='lat' dir='ltr'> </span> 
     </span>
    </p>
   </div>
  </div>
 </body>
</html>
