5900 8266
1039 595 1233 664 cottttttt.
1257 593 1296 662 tu
1318 593 1559 664 ttftn'ttittt‘tt
1580 589 1698 658 LUCAE
1724 591 1754 658 C.
1780 595 1868 660 Xbll.

464 775 546 838 aias.
580 771 664 838 Unde
697 773 926 842 Ambrosius¹:
965 773 1132 840 «Fructus
1162 771 1243 840 mori
1277 771 1310 838 in
1343 771 1423 840 flore

464 879 567 958 albet,
589 877 744 946 formatus
767 881 892 958 rutilat,
907 877 1090 946 maturitate
1108 877 1271 964 nigrescit;
1298 877 1341 946 sic
1358 877 1424 946 dia-

465 985 574 1066 botm,
596 985 675 1054 flore
698 985 853 1070 angelicae
878 991 1008 1052 naturae
1030 991 1064 1052 θῖ
1085 991 1239 1070 potestate
1268 985 1422 1066 rutilam,

464 1089 708 1174 praevaricando
732 1098 815 1158 tetro
836 1089 998 1156 inhorruit
1019 1091 1116 1156 odore
1132 1091 1261 1174 peceati,
1286 1091 1338 1176 qui
1365 1109 1422 1176 per

464 1195 559 1262 inlem
594 1195 829 1262 excluditur».
864 1193 951 1260 Unde
986 1193 1104 1278 primae
1144 1195 1224 1262 Petri
1261 1195 1421 1264 utttm02:

469 1299 705 1368 «Adversarius
736 1303 839 1366 vester
869 1297 1012 1366 diabolus
1043 1309 1192 1388 tanquam
1215 1301 1264 1368 leo
1294 1301 1422 1386 rugiens

464 1407 592 1486 circuit,
618 1421 773 1492 quaerens
795 1421 891 1490 quem
914 1405 1063 1486 devoret,
1086 1407 1137 1474 cui
1160 1405 1298 1474 resistite
1324 1407 1422 1474 lortes

464 1513 497 1578 in
520 1513 582 1580 tide
596 1537 629 1590 »3
652 1517 684 1576 et
716 1509 757 1576 ad
791 1509 941 1594 Ephesios
970 1519 1078 1578 sexto:
1109 1539 1126 1572 e
1141 1511 1173 1578 ln
1198 1513 1344 1580 omuibus
1369 1531 1422 1582 su-

464 1623 584 1684 mentes
606 1621 732 1682 scutum
757 1615 842 1696 iidei;
868 1615 899 1682 in
923 1635 987 1702 quo
1010 1617 1135 1702 possitis
1154 1619 1260 1684 omnia
1282 1619 1344 1686 tela
1367 1637 1422 1686 ne-

465 1723 604 1806 quissimi
632 1721 720 1804 ignea
743 1723 994 1806 exstinguere».

557 1829 606 1892 lt.
633 1827 810 1894 Secundum
827 1827 1022 1914 allegoriam
1037 1837 1143 1896 autem
1160 1829 1346 1916 intelligitur
1363 1831 1421 1898 im·

297 1955 451 2018 olitanae·
465 1933 598 2020 pierium,
621 1939 768 2018 respectu
794 1933 1058 2018 praedicationis
1088 1935 1201 2002 erucis
1223 1943 1256 2002 et
1282 1955 1420 2022 contepe-

313 2005 444 2104 ‘³e¹i²²‘s·¹iii.t13²
465 2041 604 2108 deorum
623 2039 926 2104 Suaratnentoram.
951 2041 1035 2106 Unde
1061 2041 1167 2108 Glossa
1180 2041 1210 2106 ³:
1241 2043 1335 2108 «Per
1351 2063 1420 2110 mo·

339 2113 417 2158 mm
464 2157 563 2226 rectu,
597 2145 690 2212 cuius
719 2147 825 2212 colore
854 2145 1025 2230 sanguineo
1060 2145 1185 2213 fructus
1217 2153 1250 2212 θῖ
1283 2147 1421 2234 virgulta

465 2255 586 2332 virent,
625 2253 825 2338 Evangelium
860 2251 963 2318 crucis
1000 2253 1209 2338 exprimitur,
1247 2271 1328 2338 qaae
1363 2271 1420 2338 per

464 2361 555 2428 tidem
582 2359 798 2444 Apostolorum
824 2359 860 2426 de
885 2365 975 2444 genle
1000 2359 1197 2440 ludaeorum,
1212 2359 1245 2426 in
1269 2377 1332 2442 qua
1355 2361 1420 2428 tel·-

465 2475 501 2532 ut
524 2467 555 2532 in
581 2467 676 2550 stirpe
701 2465 825 2550 generis
853 2467 1033 2544 tenebatur,
1068 2467 1154 2532 terbi
1189 2465 1418 2550 praedicatione

258 2623 260 2628 .
371 2637 373 2642 ,
464 2569 618 2638 eradicata
643 2575 690 2638 est
719 2575 753 2636 et
784 2569 818 2634 in
846 2587 935 2636 mare
968 2569 1107 2654 gentiam
1143 2571 1416 2654 transplantata».

464 2677 562 2744 Huius
596 2677 722 2764 sanguis
753 2677 902 2752 accendit,
926 2695 983 2744 nos
1017 2677 1056 2742 ad
1090 2677 1272 2744 condictum
1308 2682 1418 2744 contra

467 2791 606 2850 monstra
622 2785 785 2866 tiliorum;
802 2783 887 2850 unde
901 2783 994 2868 primi
1011 2783 1270 2850 llaehahaeorum
1286 2785 1418 2850 sextat:

470 2919 483 2950 α
493 2891 706 2958 Ostendernnt
716 2891 891 2978 elephantis
902 2891 1084 2978 sanguinem
1099 2909 1179 2958 urae
1192 2897 1221 2958 θῖ
1235 2891 1313 2956 mori
1328 2917 1342 2950 l
1360 2897 1392 2956 et
1411 2941 1417 2956 .

464 2999 542 3064 llaec
566 2997 804 3082 transplantatio
828 3015 885 3082 per
907 2997 1001 3064 iidem
1025 2997 1243 3082 Apostolorum
1261 3003 1290 3064 θῖ
1307 2995 1420 3064 docen-

465 3103 542 3168 tium
568 3109 599 3168 et
621 3103 774 3172 miracula
794 3103 972 3170 iacientium
999 3103 1079 3168 iacta
1100 3109 1149 3168 est
1164 3101 1197 3166 in
1221 3101 1356 3168 Ecclesia
1380 3103 1437 3168 dew

465 3209 609 3292 gentibus
633 3215 828 3294 congregata.
853 3209 939 3276 Unde
969 3209 1089 3276 loannis
1112 3209 1232 3274 decimo
1261 3211 1417 3292 quarlu⁵:

458 3319 482 3370 ¹«
500 3315 558 3400 Qui
584 3315 682 3382 credit
708 3317 735 3380 in
763 3331 829 3394 me,
851 3331 963 3400 opera,
986 3333 1074 3400 ,quae
1095 3331 1153 3400 ego
1176 3313 1273 3394 facio,
1298 3321 1329 3382 et
1351 3313 1431 3400 ipse¹

359 3435 444 3488 nglra.
463 3421 553 3490 lactet
578 3427 607 3490 et
640 3421 759 3486 maiora
791 3421 906 3486 horum
930 3421 1069 3488 lactet».
1093 3421 1127 3484 ln
1161 3419 1260 3488 huius
1281 3421 1416 3506 liguram

463 3529 578 3594 dicitur
600 3527 640 3592 ad
663 3527 817 3592 Hebraeos
840 3527 1023 3592 undecimo:
1055 3551 1071 3584 «
1088 3525 1160 3592 Fide
1192 3527 1273 3592 muri
1298 3527 1419 3592 lericbo

464 3637 655 3702 corruerunt
676 3631 812 3698 circuitu
836 3631 959 3700 dierum
982 3639 1112 3718 septem.
1137 3631 1209 3698 Fide
1232 3633 1338 3698 Rabab
1353 3651 1419 3700 mc-

463 3739 564 3808 ratrix
590 3757 651 3804 non
673 3739 768 3824 periit
782 3745 861 3806 'cum
888 3739 1102 3806 incredulis»,
1130 3739 1161 3804 ln
1187 3757 1251 3826 quo
1273 3739 1418 3824 intelligi-

464 3855 517 3912 tur
539 3845 778 3930 transplantatio
800 3845 882 3910 mori
906 3845 938 3910 in
964 3863 1049 3912 mare
1085 3861 1142 3930 per
1166 3845 1419 3930 reprobationem

463 3953 649 4020 ludaeorum
672 3957 706 4018 et
726 3949 908 4018 electionem
932 3949 1095 4036 gentilium
1120 3959 1320 4036 peccatorum
1334 3951 1356 4014 ⁶.

553 4059 610 4124 tc:
629 4057 729 4140 (Vers.
756 4059 809 4138 7.).
845 4057 928 4138 Quis
963 4065 1072 4124 autem
1096 4063 1263 4136 oestrum,
1294 4053 1417 4122 liaberet

763 4129 773 4144 ἱ.

297 4173 447 4282 ggffltqg
461 4183 603 4232 saroam.
630 4163 699 4228 Post
722 4147 903 4246 exemplum
927 4161 1144 4228 manuducens
1166 4163 1206 4228 ad
1233 4163 1327 4228 tidem
1355 4161 1418 4230 fer-

298 4283 357 4378 qttq·
371 4291 447 4338 errro-
461 4271 561 4340 tidam
588 4267 733 4336 subditur
758 4267 809 4334 bic
833 4267 1017 4354 exemptum
1038 4255 1271 4336 manuducens
1293 4269 1340 4336 ad
1355 4265 1416 4334 du-

464 4375 636 4450 ntititutem
659 4375 851 4440 timoratam
865 4375 889 4440 l.
914 4373 946 4438 ln
970 4375 1066 4440 buius
1088 4379 1196 4440 autem
1212 4375 1347 4460 exempli
1359 4375 1418 4462 ‘dc-

465 4483 632 4568 scriptione
665 4475 732 4546 boc
758 4479 865 4546 ordine
898 4479 1045 4564 procedit.
1086 4479 1246 4564 Proponit
1280 4497 1416 4564 namque

373 4631 374 4634 =
465 4587 744 4678 obsequ-insitatern
760 4585 944 4664 seruitutis,
962 4587 1102 4654 assumit
1113 4585 1335 4652 necessitatene
1349 4605 1419 4652 ser·

464 4695 574 4762 aiendi
585 4701 614 4762 θῖ
626 4693 791 4762 corrotudit
802 4691 1020 4798 tramititqtetn
1032 4691 1222 4778 spiritualis
1237 4693 1416 4760 seruitutis.

535 5137 542 5170 ¹
562 5137 631 5188 Libr.
653 5137 715 5188 tttt.
733 5135 760 5188 in
779 5139 842 5190 Luc.
860 5149 883 5188 a.
905 5135 945 5188 li.
973 5151 998 5186 n,
1029 5137 1081 5204 te;
1100 5135 1226 5188 sententia
1245 5135 1330 5200 ipsius
1347 5135 1418 5188 exlti-

465 5227 540 5278 betur
557 5227 648 5278 verbis
665 5227 773 5278 Glossae
796 5223 968 5290 ordinariae,
989 5227 1033 5278 ttbi
1057 5239 1106 5290 pro
1133 5225 1229 5278 intitul
1255 5233 1280 5278 et
1298 5223 1417 5278 restitans

465 5297 696 5378 textus'originalis
716 5311 839 5368 irrutilat
856 5319 882 5364 et
893 5313 1032 5368 inlimatis
1046 5311 1176 5380 (Ambrae.
1191 5311 1348 5378 rulitauti);
1367 5325 1416 5376 pro

464 5403 532 5452 tetro
550 5399 596 5466 (ita
614 5401 744 5470 Ambros.)
766 5403 855 5454 Glosse
874 5405 979 5468 turtur,
999 5401 1078 5454 codd.
1097 5405 1185 5464 retro,
1207 5401 1252 5468 qui
1271 5401 1349 5452 etium
1364 5401 1417 5452 lere

465 5503 555 5540 ornares
568 5503 616 5554 pro
629 5487 767 5542 iaborrait
779 5489 859 5544 odoro
872 5489 1032 5542 substituunt
1045 5489 1152 5544 corruit
1163 5487 1278 5542 dorrore
1291 5487 1323 5554 (B
1335 5487 1417 5542 odore

464 5575 504 5632 oei
523 5577 652 5644 horrore,
671 5581 692 5630 ll
713 5577 792 5632 odore
809 5579 852 5632 oet
868 5577 1113 5648 aeternitatum
1133 5579 1215 5632 verba
1235 5579 1356 5642 Glossno,
1370 5579 1416 5632 sed

464 5665 546 5732 ipsius
563 5665 693 5720 Anibrosii
715 5669 795 5720 alleri.
903 5691 904 5694 ¹

534 5751 637 5806 'Vera
659 5757 681 5806 8.
701 5769 756 5822 seq.
776 5761 800 5808 et
818 5755 914 5808 deinde
932 5759 996 5822 Eplt.
1017 5759 1047 5818 li,
1073 5757 1108 5808 tc.

536 5839 546 5870 ⁸
565 5843 666 5896 Scilicet
683 5841 827 5896 ordinaria
847 5845 887 5912 (ex
906 5845 986 5908 Betim
1007 5847 1053 5896 alr.
1073 5845 1191 5910 August,
1211 5845 1237 5896 ll.
1265 5845 1314 5910 Qq.
1337 5845 1416 5896 Eran-

416 5947 417 5950 ’
464 5931 555 5998 goliat.
574 5947 600 5998 q.
619 5933 662 5982 39.
680 5947 705 5982 u.
726 5931 772 5998 A),
791 5933 816 5982 in
836 5947 887 5998 qun
908 5947 956 5996 pro
976 5931 1060 5986 niteat
1073 5935 1094 5984 ll
1113 5947 1173 5986 cum
1195 5931 1263 5984 Beda
1283 5937 1307 5984 θῖ
1327 5919 1416 5984 Glossa

465 6019 567 6084 tabent,
589 6025 612 6072 et
631 6033 679 6084 pro
699 6019 775 6072 cet-bi
789 6017 986 6086 praedicatione
1006 6035 1065 6072 cnm
1086 6021 1155 6072 Beda
1174 6019 1263 6074 uerbis
1278 6019 1416 6088 praediea-

463 6107 556 6172 tiouis,
577 6109 636 6160 Vat.
656 6121 715 6158 cum
734 6107 823 6158 utossa
843 6103 954 6160 uerbum
970 6105 1188 6174 praedicationis.

534 6193 639 6248 *Vera
660 6193 703 6246 ti.
721 6221 756 6232 -
776 6193 900 6256 Superius
918 6207 967 6258 pro
986 6193 1113 6248 citiorum
1134 6197 1190 6246 Vel.
1211 6193 1344 6250 uirorum.

534 6281 638 6334 ''Vers
660 6283 704 6348 ld,
724 6281 766 6334 cui
785 6277 952 6346 subiungitur
970 6281 1048 6332 liebr.
1070 6283 1110 6344 tt,
1131 6283 1173 6334 30.
1193 6289 1219 6334 et
1237 6283 1281 6334 31.

533 6367 627 6424 leot.
646 6373 666 6422 ll
685 6369 758 6422 addit
778 6371 802 6420 et
818 6367 856 6420 ad
873 6367 1029 6422 missionem
1055 6367 1133 6422 istius
1154 6367 1222 6436 lipni
1243 6367 1416 6424 indulcorata

461 6457 488 6526 [t
506 6457 646 6526 indulcata]
666 6461 704 6510 est
722 6469 793 6526 aquo
811 6467 920 6508 orno-ra.
938 6453 991 6508 Cir.
1011 6457 1089 6508 Etod.
1110 6457 1158 6520 ts,
1176 6457 1226 6524 25,
1238 6465 1360 6520 respecto
1373 6473 1416 6508 aa·

463 6547 502 6598 ius
528 6547 603 6598 Eccli.
629 6547 677 6608 33,
703 6547 728 6598 5.
756 6543 864 6598 dicitur:
890 6545 1011 6596 Nonnea
1040 6545 1109 6608 ligno
1136 6543 1266 6598 indulcata
1285 6549 1324 6596 est
1348 6559 1415 6610 equa

461 6637 569 6686 arttarai
589 6661 623 6674 ·-
644 6637 699 6686 l'at.
720 6633 852 6688 substituit
865 6631 1080 6700 praedictorum.

533 6719 614 6774 luti.
632 6719 718 6788 snpra
731 6739 757 6774 n.
783 6723 821 6772 te.
839 6747 873 6760 -·
894 6721 1000 6774 lotarius
1029 6735 1077 6786 pro
1103 6717 1335 6788 obsequiositalenc
1358 6721 1417 6772 Vat.

459 6809 624 6880 obsequium.

485 6887 489 6896 '
533 6897 636 6952 euers.
659 6901 698 6952 tt.
720 6907 744 6954 a
762 6901 858 6956 aetnae
875 6903 937 6954 tue.
959 6903 989 6966 e,
1008 6901 1051 6952 aa.

2378 601 2439 668 tat

1575 769 1680 838 Primo
1702 769 1801 856 igitur
1819 775 1974 854 quantum
1990 771 2028 838 ad
2045 771 2322 860 obsequiositatem
2341 777 2442 844 serot—
2461 791 2583 854 adoption

1488 877 1577 958 tutis,
1595 895 1690 968 quam
1706 875 1886 962 quaerendo
1898 877 2066 964 proponit,
2081 877 2216 946 dieitur:
2235 877 2316 960 Quis
2332 887 2442 948 anteat
2484 855 2559 888 mm

1486 991 1644 1064 uestram,
1661 979 1782 1050 itabens
1797 1003 1932 1050 saroam
1947 991 2103 1050 arantem
2119 991 2181 1050 aut
2195 983 2290 1050 bones
2302 1003 2441 1070 pascen-

1487 1099 1561 1168 tem,
1576 1107 1633 1174 per
1649 1089 1790 1156 laborem
1807 1089 1887 1156 vitae
1904 1087 2139 1174 delineatione
2165 1087 2305 1156 consistit
2319 1089 2352 1156 in
2369 1107 2442 1174 ope·
2461 1103 2556 1198 sqvtto,
2566 1103 2599 1178 ,ins

1485 1195 1593 1262 rundo
1619 1195 1779 1272 uiriliter,·
1803 1201 1832 1262 et
1858 1195 1917 1260 boc
1938 1193 2118 1262 insinuetur
2140 1191 2173 1258 itt
2197 1201 2271 1260 actu
2296 1195 2440 1278 artandi,
2461 1169 2482 1198 Ἦ
2515 1163 2595 1202 “⁰⁸⁰⁵''

1485 1301 1658 1368 secundum
1684 1303 1759 1368 illud
1775 1301 1855 1370 Osce
1871 1303 1991 1370 decimo
2002 1299 2031 1366 ⁸:
2054 1301 2187 1368 «trabit
2202 1299 2304 1380 ludas
2319 1309 2352 1388 et
2368 1319 2442 1370 con-

1484 1405 1598 1492 fringet
1622 1401 1679 1474 sibi
1703 1409 1808 1474 sulcos
1830 1407 1921 1474 iacob
1937 1431 1967 1486 »3
1992 1413 2022 1474 el
2051 1423 2147 1492 supra
2182 1423 2282 1472 nono:
2315 1405 2441 1474 «Nemo

1484 1511 1614 1582 mittens
1635 1531 1763 1580 manum
1781 1513 1820 1580 ad
1843 1519 2013 1606 aratrum»
2036 1519 2094 1582 etc.
2119 1509 2265 1578 Consistit
2289 1511 2380 1578 etiam
2406 1511 2437 1580 itt

1481 1619 1703 1714 praesidendo
1726 1619 1877 1698 sollicita
1892 1628 1925 1686 θῖ
1940 1621 1999 1688 boc
2021 1619 2199 1708 insinuatur
2225 1619 2254 1684 in
2279 1625 2353 1686 actu
2377 1637 2441 1704 pa·
2459 1631 2580 1730 tndggqessst·

1483 1725 1615 1804 scendi,
1638 1727 1812 1794 secundum
1836 1725 1916 1792 illud
1936 1725 2019 1810 quod
2045 1727 2162 1792 dictum
2186 1733 2234 1792 est
2249 1727 2339 1794 Petro
2357 1725 2442 1792 toan·
2555 1717 2561 1730 '

1484 1831 1531 1898 nis
1567 1831 1720 1898 ultimo⁹z
1761 1831 1887 1896 «Pasce
1918 1849 1992 1900 oves
2021 1849 2154 1898 meas».
2191 1831 2277 1900 Unde
2308 1831 2456 1900 Glossa2'

1489 1963 1505 1994 c
1520 1937 1637 2002 Servus
1660 1955 1754 2002 arans
1775 1937 1825 2002 rel
1853 1953 1985 2024 pascens
2006 1937 2116 2004 doctor
2138 1945 2186 2006 est
2208 1939 2379 2020 Ecclesiae,
2403 1941 2441 2010 de

1458 2059 1461 2066 ’
1484 2059 1548 2128 quo
1563 2041 1692 2108 dicitur:
1711 2041 1812 2106 Nemo
1826 2041 1957 2106 mittens
1973 2059 2115 2108 manunt
2132 2045 2355 2110 atterutrum
2370 2053 2440 2128 etc.;

1483 2153 1514 2212 θῖ
1537 2145 1691 2212 Dominus
1721 2147 1812 2212 Petro
1841 2147 1902 2212 ait:
1929 2147 2033 2212 Pasce
2057 2165 2130 2212 ones
2151 2165 2244 2212 meas
2259 2173 2290 2214 s,
2315 2185 2358 2200 -
2376 2153 2443 2234 Qut

1482 2271 1633 2338 represso
1656 2251 1695 2316 de
1717 2271 1803 2338 apro
1826 2251 1918 2318 dieat
1945 2251 2052 2318 tttt10:
2084 2251 2201 2320 Statim
2237 2257 2361 2334 transi,
2390 2277 2442 2322 re·
2457 2269 2593 2368 affinem·

1484 2359 1617 2436 cambe,
1640 2375 1698 2442 per
1712 2357 1876 2428 dulcorem
1890 2357 2179 2444 contemplatione,
2195 2359 2228 2424 in
2244 2379 2307 2444 quo
2321 2367 2370 2428 est
2389 2383 2440 2428 re·
2478 2335 2492 2380 ρ
2576 2383 2584 2392 “’

1481 2485 1620 2550 pressus
1634 2465 1681 2530 ad
1695 2483 1771 2540 cor:
1790 2463 1956 2530 Ezechielis
1971 2465 2075 2550 primo
2088 2467 2130 2530 ¹¹:
2156 2491 2174 2524 a
2186 2465 2333 2532 Animalia
2355 2467 2441 2534 ibant

1483 2575 1515 2638 et
1535 2569 1776 2638 revertebantur
1802 2569 1832 2634 in
1859 2569 2092 2638 similitudinem
2115 2569 2251 2656 lttlguris
2272 2587 2441 2638 coruscan-

1483 2675 1523 2740 tis
1534 2699 1567 2754 »;
1583 2681 1631 2740 est
1646 2673 1740 2740 eliam
1757 2675 1922 2740 transitus
1937 2673 1983 2740 ati
1999 2675 2219 2742 delectationis
2241 2675 2439 2758 conuiuium,

1482 2779 1655 2848 secundum
1673 2779 1751 2848 illud
1765 2781 1966 2848 Ecclesiastici
1985 2781 2133 2866 vigesimo
2149 2787 2280 2866 quarto:
2300 2783 2442 2850 «Teans-
2546 2867 2547 2870 Ἴ

1482 2885 1525 2952 ite
1549 2887 1587 2952 ad
1610 2905 1676 2966 me,
1700 2905 1825 2968 omnes,
1841 2887 1896 2974 qui
1922 2887 2139 2970 concupiscitis
2161 2905 2226 2964 me,
2253 2895 2285 2954 et
2308 2905 2325 2954 a
2348 2905 2441 2974 gene-

1484 2993 1659 3060 rationibus
1691 2995 1768 3062 meis
1799 2993 1989 3080 implemini;
2013 2995 2142 3078 spiritus
2167 2993 2250 3062 enim
2273 3013 2364 3062 meus
2385 3013 2440 3062 su-

1483 3117 1540 3184 per
1565 3103 1626 3166 mel
1648 3107 1696 3168 cst
1718 3095 1863 3168 dulcis».
1880 3103 1958 3168 Haeo
1982 3109 2087 3166 antem
2113 3099 2241 3168 reiectio
2255 3119 2316 3166 noo
2333 3101 2438 3166 statim

1482 3205 1578 3274 datur
1604 3207 1722 3274 honrini
1760 3207 1893 3276 venienti
1926 3209 1962 3274 de
1995 3207 2145 3274 exercitio
2177 3201 2327 3284 actionisc
2358 3205 2440 3274 unde

1482 3313 1684 3382 canticorum
1706 3313 1853 3380 tertio¹2z
1884 3315 1947 3382 «ln
1971 3315 2085 3382 lectulo
2118 3331 2187 3380 meo
2216 3313 2355 3400 quaesiti
2383 3331 2440 3398 per

1482 3427 1590 3486 noctes
1627 3439 1719 3506 quem
1757 3421 1855 3508 diligit
1889 3421 1995 3488 anima
2016 3439 2103 3500 mea;
2128 3421 2265 3508 quaesiti
2291 3439 2382 3500 eum,
2405 3427 2437 3488 θῖ

1481 3543 1545 3592 non
1569 3525 1671 3592 inveni
1690 3551 1719 3606 »3
1745 3527 1820 3612 quia
1841 3527 1995 3594 Dominus
2016 3547 2078 3592 non
2102 3527 2205 3594 statim
2231 3545 2263 3594 se
2286 3527 2387 3604 oilert,
2404 3531 2442 3592 ut

1484 3631 1637 3696 humilius
1658 3639 1692 3698 et
1712 3631 1893 3716 vigilantius
1915 3633 2108 3716 requiratur.

1575 3737 1625 3802 te.
1649 3737 1751 3814 (Vers.
1786 3739 1841 3820 8.).
1875 3739 1959 3804 Unde
1996 3737 2119 3804 subdit:
2155 3741 2196 3804 El
2229 3757 2297 3804 reon
2329 3739 2439 3804 dicat:

1484 3843 1581 3908 Para
1592 3843 1682 3928 quod
1697 3861 1824 3908 coenem
1838 3851 1871 3908 et
1882 3843 2061 3928 proeeinpe
2076 3851 2104 3908 te
2120 3851 2147 3908 et
2163 3841 2321 3910 ministra
2337 3841 2439 3922 mitt,
2450 3853 2598 3964 pfflffi.

1481 3949 1583 4014 donec
1614 3949 1814 4014 mandacem
1842 3955 1872 4014 ct
1902 3947 2033 4028 bibam,
2059 3949 2175 4016 scilicet
2206 3965 2262 4032 per
2285 3949 2439 4034 gemitum
2506 3971 2542 4002 na·

1482 4053 1746 4140 cotnpunotionis
1768 4041 1937 4132 internae,
1959 4055 1992 4120 in
2015 4073 2079 4138 qua
2102 4055 2235 4140 utrilibet
2256 4055 2436 4122 convitium

1478 4169 1604 4244 porut;
1629 4159 1831 4228 Ecclesiastici
1856 4159 1977 4228 deairoo
2002 4161 2164 4226 octatoss:
2194 4163 2302 4228 «Ante
2324 4159 2441 4226 oratio-

1481 4285 1554 4334 nem
1580 4283 1731 4352 praepara
1748 4267 1883 4332 animam
1899 4273 2002 4348 tuam,
2018 4273 2049 4332 et
2066 4267 2128 4352 noli
2144 4285 2211 4334 esse
2228 4267 2316 4352 quasi
2334 4267 2440 4346 bomo,

1482 4373 1536 4458 qui
1564 4379 1660 4438 tentat
1691 4373 1788 4438 Deum
1807 4399 1837 4438 ».
1864 4373 1902 4438 Se
1926 4373 2036 4458 ipsunt
2069 4373 2276 4458 praecinuit,
2309 4373 2440 4439 restrin-

1481 4479 1584 4564 gendo
1607 4479 1758 4546 mentales
1780 4477 1945 4558 dessuxus;
1962 4479 2081 4562 primae
2097 4479 2179 4546 Petri
2196 4479 2313 4564 primo:
2335 4505 2351 4538 «
2365 4479 2439 4546 Suc-

1482 4585 1575 4652 cincti
1599 4585 1723 4654 lumbos
1749 4585 1861 4652 merdis
1886 4591 2038 4652 vestrae»
2061 4591 2119 4652 etc.
2138 4585 2169 4650 in
2188 4585 2246 4652 bac
2261 4585 2354 4652 etiam
2378 4585 2440 4652 rni-

1481 4693 1626 4772 nistrat,
1642 4709 1674 4758 se
1691 4693 1793 4776 ipsum
1818 4691 2004 4772 deiicienda,
2026 4697 2059 4756 θῖ
2074 4691 2172 4758 Deum
2191 4691 2278 4758 cibat
2293 4699 2322 4758 et
2332 4699 2439 4776 potat,

1551 5131 1564 5164 ⁹
1584 5135 1657 5188 Vers.
1671 5133 1713 5198 tl,
1725 5133 1785 5188 dein
1799 5133 1890 5184 Glossa
1903 5131 2045 5186 ordinario
2060 5131 2100 5200 (ex
2120 5131 2191 5182 Beda
2210 5131 2235 5182 in
2255 5131 2319 5184 Luc.
2336 5129 2379 5200 t7,
2391 5131 2441 5200 7.).

1552 5221 1576 5254 ¹⁰
1593 5221 1676 5276 Codd.
1697 5221 1809 5278 cuutt
1827 5219 1867 5302 ei,·
1886 5223 1932 5272 alr.
1958 5221 1988 5272 tt.
2007 5219 2103 5272 Albert.
2123 5233 2157 5260 a·
2177 5221 2266 5272 Glossa
2285 5218 2439 5274 ittladinea·

1481 5309 1536 5366 ris:
1559 5311 1670 5380 Transi,
1691 5311 1823 5374 elabora,
1840 5315 1864 5364 et
1883 5309 2019 5376 reconde,
2042 5311 2076 5364 ad
2095 5325 2222 5386 mensam.

1553 5401 1574 5436 ¹¹
1594 5403 1668 5454 Vers.
1691 5401 1735 5468 tt;
1756 5403 1802 5452 clr.
1823 5413 1902 5464 supra
1920 5413 1981 5464 pag.
2004 5401 2070 5464 373,
2088 5407 2149 5452 nota
2169 5401 2195 5452 5.
2212 5425 2250 5440 -
2267 5401 2385 5452 Subinde
2402 5403 2439 5452 al-

1479 5491 1600 5554 legantur
1618 5491 1696 5544 Eecli.
1714 5491 1763 5554 et,
1781 5491 1824 5542 26.
1842 5497 1869 5542 et
1888 5487 1929 5540 at.
1943 5515 1977 5528 -·
1991 5491 2096 5542 litterius
2116 5503 2163 5554 pro
2185 5487 2364 5542 detectutionis
2378 5501 2438 5542 aaa·

1480 5579 1584 5632 biotam
1602 5579 1648 5646 (ita
1666 5579 1726 5644 ct),
1746 5579 1835 5644 plures
1852 5577 1930 5632 codd.
1950 5585 2011 5632 sunt
2032 5577 2131 5632 dubiae
2147 5575 2274 5644 lectionis)
2296 5581 2354 5632 Vat.
2374 5575 2435 5632 dde-

1480 5667 1576 5722 alionis
1594 5667 1755 5722 conuiuium.

1518 5825 1519 5828 Ἴ
1551 5755 1575 5786 ²²
1594 5757 1667 5810 Vers.
1684 5759 1707 5808 l.
1721 5785 1758 5794 -
1771 5755 1860 5808 Glossa
1874 5753 2016 5810 cattinaria
2029 5755 2100 5820 apud
2114 5755 2200 5810 Strab.
2213 5761 2238 5808 et
2251 5759 2383 5822 lyranum
2397 5755 2439 5824 (ex

1480 5845 1576 5910 Bedale
1595 5847 1646 5912 Qui
1663 5859 1757 5898 servus
1775 5843 1806 5896 de
1825 5857 1893 5912 apro
1911 5843 2081 5912 reproditur,
2100 5859 2175 5910 oum,
2195 5845 2343 5912 intermisso
2356 5857 2438 5910 opere

1480 5935 1665 5998 praedicandi,
1685 5933 1761 6002 quasi
1775 5933 1809 5986 ad
1822 5933 1921 5986 citriam
1942 5933 2114 5986 conscientiae
2128 5933 2239 5998 rediens,
2253 5947 2299 5986 sua
2314 5935 2381 5986 dicta
2395 5935 2438 5986 rel

1479 6023 1545 6102 lacte
1561 6029 1713 6088 pertractat;
1726 6021 1769 6074 cui
1784 6021 1910 6074 [tornines
1919 6035 1973 6074 non
1982 6019 2076 6076 statim
2085 6019 2164 6082 iubet,
2176 6019 2210 6072 ab
2219 6023 2269 6074 bac
2281 6021 2334 6072 vita
2348 6023 2439 6074 trane·

1480 6107 1521 6164 ire
1533 6115 1558 6160 et
1577 6117 1680 6162 aeterne
1695 6109 1782 6178 quiete
1795 6109 1922 6172 refoveri,
1943 6109 1987 6162 sed
2003 6107 2077 6160 domi
2084 6121 2190 6174 parare
2202 6105 2274 6176 qaod
2285 6109 2390 6172 coenet,
2409 6107 2439 6160 id

1479 6205 1520 6250 est
1531 6205 1591 6264 post
1602 6199 1719 6250 laborem
1732 6201 1838 6262 aperlae
1854 6197 1993 6250 locutionis
2007 6197 2176 6248 bumilitatem
2191 6195 2313 6262 propriae
2330 6209 2439 6248 conter-

1479 6289 1586 6340 sationis
1603 6285 1740 6352 exbibere3
1761 6287 1785 6336 in
1805 6285 1847 6338 tali
1867 6285 1938 6336 enim
1958 6283 2112 6336 conscientia
2144 6283 2213 6336 Deus
2240 6289 2346 6346 coenat3
2367 6283 2439 6336 unde

1481 6371 1574 6440 [Apoo
1593 6373 1623 6434 3,
1644 6373 1711 6440 abd:
1732 6371 1851 6424 Coeuobo
1872 6385 1935 6424 cam
1954 6369 2016 6436 itio,
2034 6373 2061 6422 el
2078 6367 2136 6436 t'pse
2152 6383 2267 6424 naccum.

1551 6455 1575 6488 ¹³
1595 6459 1669 6512 Vers.
1689 6461 1731 6512 23.
1750 6485 1785 6496 -
1805 6457 1927 6526 Sequitur
1948 6461 1964 6512 l.
1982 6457 2048 6510 l‘etr.
2071 6459 2100 6520 l,
2120 6457 2161 6508 ts.
2187 6459 2275 6510 Glossa
2294 6457 2438 6514 ordinario

1479 6547 1551 6612 opud
1565 6549 1696 6612 lyranum
1717 6547 1759 6614 (ex
1777 6547 1872 6614 Betim:
1892 6547 1926 6600 Et
1940 6547 2087 6616 praecinpe
2105 6549 2138 6612 te,
2151 6547 2179 6598 id
2193 6553 2239 6610 est,
2254 6547 2435 6600 lluctuantium

1479 6637 1668 6700 cogitationum
1688 6637 1773 6698 sinuo,
1790 6635 1890 6700 quibus
1907 6649 2015 6700 gressus
2027 6649 2138 6700 operum
2151 6633 2273 6700 impediri
2285 6637 2358 6700 solat,
2378 6649 2438 6688 oon·

1478 6725 1587 6788 stringe.
1605 6753 1640 6762 —
1659 6725 1786 6790 Superius
1804 6739 1854 6790 pro
1872 6723 1902 6778 in
1919 6739 1974 6792 qua
1993 6723 2100 6794 quilibet
2114 6723 2178 6796 [CG
2192 6721 2263 6794 quis]
2282 6723 2437 6778 conuiuium

1476 6815 1562 6882 parat
1579 6815 1599 6866 ll
1615 6829 1667 6882 per
1692 6827 1776 6884 qttnrn
1802 6813 1863 6884 quis
1892 6817 1945 6868 beo
1973 6811 2125 6870 conuiuium
2140 6817 2306 6886 praeparat,
2327 6813 2386 6868 Vnt.
2405 6811 2437 6868 in

1480 6915 1536 6970 qua
1553 6901 1707 6958 conuiuium
1724 6907 1850 6972 paratam.
