5900 8266
1021 587 1212 652 tottttatvr.
1237 589 1275 654 IN
1297 589 1535 658 EVhNGELlUM
1560 589 1677 656 adela
1701 589 1732 652 C.
1759 589 1776 652 l.
2285 617 2290 622 ·
2343 597 2382 658 ‘tl

413 779 525 850 passus
545 767 578 826 et
600 767 691 828 sexta
714 763 792 830 hora
816 761 848 828 in
872 779 966 830 cruce
988 781 1179 848 suspensus,
1204 769 1239 828 ot
1263 763 1306 830 sio
1331 761 1369 828 si-

413 865 581 952 gnificetur
595 865 741 934 advenire
767 869 797 934 iu
818 865 1021 952 plenitudine
1043 875 1227 952 temporum
1250 871 1281 934 et
1299 883 1370 952 per·

384 1027 387 1030 .
413 973 561 1052 sectione,
587 973 641 1056 qui
668 979 838 1060 conceptus
860 979 909 1038 est
931 979 1023 1040 sexto
1043 989 1168 1050 mense;
1185 971 1224 1036 ad
1247 971 1368 1038 Galatas

305 1083 307 1086 ’
413 1085 545 1166 quarto:
570 1079 645 1144 ¹«rit
677 1077 732 1144 ubi
768 1077 852 1146 venit
887 1077 1047 1164 plenitudo
1083 1077 1251 1162 temporis,
1283 1077 1369 1144 misit

414 1187 498 1252 Deus
522 1183 780 1252 1111555555»
808 1189 866 1250 etc.

503 1291 555 1356 11.
582 1291 822 1376 Congrueotiam
847 1289 948 1376 legati
961 1295 1065 1368 notat,
1089 1305 1160 1354 cum
1185 1287 1276 1356 dicit:
1292 1291 1370 1358 Mir-

263 1393 714 1480 55555555555515555155
740 1393 876 1462 Gabriel
898 1413 920 1460 5
945 1393 1029 1474 Deo,
1053 1399 1090 1460 ut
1112 1393 1156 1462 515
1184 1395 1371 1480 respondeat

294 1477 364 1528 legati.

416 1501 573 1588 reparatio
595 1499 713 1584 lapsui,
732 1505 788 1578 et,
804 1497 1071 1584 quemadmodum
1085 1499 1179 1564 homo
1203 1501 1308 1582 lapsos
1325 1505 1371 1564 551

416 1625 472 1692 per
494 1603 724 1690 suggestionem
747 1603 848 1690 angeli
872 1603 963 1684 ruali,
986 1605 1031 1672 sic
1054 1609 1201 1688 resurgat
1229 1621 1286 1690 per
1317 1603 1372 1670 mi-

369 1761 372 1766 ·
416 1713 582 1780 nisterium
604 1711 952 1790 bonntaovorniorum
968 1711 1089 1778 decimo
1103 1711 1197 1778 tertio
1211 1713 1236 1776 ¹:
1260 1711 1372 1778 «Nun-

307 1821 309 1824 ’
416 1819 479 1900 tius
501 1815 590 1900 impii
621 1823 757 1882 corruet,
773 1815 804 1880 in
830 1817 965 1894 malum;
993 1817 1114 1900 legatus
1129 1873 1130 1876 ,
1145 1813 1263 1894 tidelis,
1289 1813 1372 1882 sani-

302 1949 305 1954 ·
417 1931 465 1990 tas
479 1945 514 2000 ¹³3
539 1921 725 2006 respondeat
746 1921 841 2000 etiam
856 1921 996 2006 impletio
1019 1921 1229 2004 promissioni,
1247 1927 1299 2000 51,
1318 1921 1373 1988 sic·

417 2035 453 2096 ut
486 2045 543 2112 per
566 2025 740 2094 Gabrielem
764 2027 952 2110 mysterium
974 2025 1051 2092 illud
1086 2025 1282 2110 praedictum
1313 2025 1374 2092 fuit

417 2131 553 2212 Danieli,
590 2131 633 2198 515
666 2137 813 2216 apertum
837 2131 898 2198 fuit
932 2131 1069 2216 Virgioi3
1100 2131 1236 2200 Danielis
1272 2149 1371 2198 nono:

423 2265 438 2296 «
456 2239 548 2318 Ecce,
584 2237 633 2304 vir
656 2237 796 2316 Gabriel,
834 2255 928 2320 quem
961 2239 1101 2303 videram
1127 2239 1158 2302 in
1193 2237 1373 2316 visione,a

418 2341 585 2428 principio,
608 2341 670 2408 cito
687 2341 813 2420 volam,
839 2341 939 2428 tetigit
956 2359 1005 2408 me
1028 2341 1059 2406 15
1078 2347 1217 2426 tempore
1229 2341 1389 2414 sacrificii,

418 2447 588 2532 vespertini
621 2453 654 2512 et
685 2447 792 2514 docuit
822 2447 873 2512 me
890 2469 924 2524 »;
961 2451 990 2512 et
1022 2453 1111 2530 post:
1142 2445 1374 2530 «Septuaginta

419 2551 630 2620 hebdomadae
654 2551 853 2620 abbreviatae
882 2557 957 2618 5551
977 2569 1074 2638 super
1098 2551 1248 2637 populum
1281 2557 1373 2618 tuum

419 2665 450 2726 et
467 2675 560 2742 super
581 2657 694 2726 urbem
711 2663 849 2724 sanctam
866 2663 969 2738 tuam,
984 2665 1023 2724 ut
1037 2665 1273 2724 consummetur
1288 2675 1376 2740 prae-

419 2763 583 2844 varicatio,
606 2769 639 2830 51
653 2765 747 2830 hnem
772 2763 904 2848 accipiat
917 2771 1097 2848 peccatum,
1112 2769 1145 2830 et
1159 2763 1300 2830 deleatur
1321 2763 1376 2830 ini-

420 2871 538 2956 551155,
561 2879 593 2938 51
618 2871 794 2938 adducatur
817 2869 936 2938 iustitia
964 2869 1170 2956 sempiterna,
1195 2877 1225 2938 et
1247 2869 1376 2954 implea-

419 2985 474 3042 tur
496 2977 575 3046 visio
598 2983 628 3044 et
648 2977 840 3062 prophetia,
863 2983 897 3044 et
924 2983 1062 3060 ungatur
1092 2977 1223 3044 Sanctus
1254 2977 1377 3044 Sancto

385 3127 386 3130 κ
420 3099 492 3148 rum
507 3109 540 3148 u.
564 3083 601 3150 Et
622 3091 715 3162 nota,
746 3083 831 3168 quod
852 3081 985 3148 5115555
1008 3081 1123 3150 dicitnr
1157 3085 1279 3148 51155.
1302 3081 1377 3148 Ber·

419 3189 539 3256 nardus
554 3187 585 3256 ⁴²:
614 3189 690 3256 «ab
714 3189 782 3274 ipso
803 3189 868 3256 Deo
885 3187 966 3256 mitti
989 3189 1231 3274 perhibeturm
1257 3189 1288 3256 15
1313 3207 1377 3274 quo
1400 3235 1401 3238 ,

421 3301 569 3376 notatur,
605 3295 689 3382 quod
729 3321 744 3354 <t
765 3295 844 3364 55111
878 3295 1042 3370 beatorum
1079 3295 1248 3382 spirituum
1283 3313 1378 3360 suum

420 3409 492 3468 ante
512 3421 606 3488 quam
629 3403 747 3488 Virgini
773 3397 928 3470 revelasse
959 3407 1090 3486 putetur
1117 3403 1296 3480 consilium,
1326 3419 1379 3468 ex·

422 3514 510 3592 cepto
544 3507 719 3576 dumtaxat
742 3509 934 3592 archangelo
970 3507 1110 3574 Gabriele
1127 3535 1164 3590 »ς
1201 3515 1230 3576 51
1259 3509 1379 3594 quiaa

393 3653 394 3656 =
421 3613 485 3680 Deo
507 3621 591 3694 erat,
613 3613 841 3682 denuntiationi
863 3613 961 3680 divini
983 3613 1124 3700 mysterii
1149 3613 1350 3702 congruebat.

424 3775 426 3780 ,
509 3721 562 3786 13.
588 3721 829 3808 Congruentiam
854 3719 1082 3790 15515515115
1108 3721 1168 3788 hoc
1200 3719 1284 3808 quod
1313 3721 1377 3786 ait:

269 3835 410 3886 coustumia
421 3827 463 3892 15
485 3825 654 3894 civitatem,
669 3827 853 3906 Galilaeae,
869 3827 928 3894 cni
940 3847 1059 3904 555555
1083 3823 1272 3906 Nazareth,
1288 3825 1380 3892 iuxta

312 3887 361 3930 loct.

422 3933 507 4018 quod
530 3935 733 4018 praedixerat
754 3933 907 4000 Dominus
929 3935 1121 4018 per-isaiam,
1146 3935 1380 4018 55553515·-

422 4049 550 4124 gravata
573 4047 620 4108 est
644 4039 693 4108 via
716 4039 811 4106 maris
826 4045 923 4106 ‘trans
947 4039 1107 4106 Iordanem
1130 4039 1282 4106 Galilaeae
1304 4045 1384 4124 gen

422 4143 519 4224 tium,
543 4145 693 4232 populus,
719 4145 774 4228 qui
796 4143 982 4210 ambulabat
995 4143 1030 4210 in
1052 4141 1209 4222 15551515,
1230 4143 1308 4210 vidit
1331 4145 1380 4210 lu-

422 4267 489 4318 cem
512 4267 660 4336 magnam
675 4275 706 4314 5.
731 4249 763 4314 15
788 4249 849 4316 boc
870 4267 961 4334 ergo,
985 4247 1070 4334 quod
1087 4249 1116 4312 io
1135 4249 1291 4316 civitatem
1313 4243 1402 4316 Gn!

423 4355 539 4424 1115555
559 4357 675 4422 missus
704 4361 768 4432 est,
792 4371 873 4440 quae
896 4359 965 4420 erat
994 4351 1164 4420 confinium
1193 4351 1380 4420 ludaeorum

423 4471 455 4528 et
472 4461 627 4546 gentium,
645 4461 854 4546 significatur,
870 4459 957 4546 quod
972 4459 1061 4528 ilium
1078 4459 1163 4536 venit
1177 4459 1380 4540 annuntiare,
1418 4527 1419 4530 ,

424 4561 480 4654 qui
502 4567 677 4654 promissus
698 4567 802 4634 fuerat
826 4567 978 4632 ahrahae
1008 4565 1134 4632 Genesis
1165 4565 1313 4652 vigesimo
1337 4583 1382 4634 se·

424 4675 570 4740 condor:
602 4675 666 4738 «15
690 4673 807 4740 semine
824 4677 879 4738 tuo
904 4670 1128 4738 benedicentur
1145 4671 1310 4740 universae
1334 4689 1382 4738 55

425 4779 586 4864 gnationes
602 4775 705 4846 terrae
721 4801 756 4858 >³3
775 4783 805 4846 et
829 4777 906 4846 illud
922 4777 1030 4858 laceb,
1050 4777 1176 4846 Genesis
1193 4777 1380 4864 penultimo:

430 4887 531 4972 «lpse
553 4887 613 4954 erit
636 4883 829 4970 exspectatio
852 4883 1040 4970 gentium».
1065 4883 1098 4948 15
1129 4883 1204 4964 hoc,
1235 4873 1320 4968 quod
1344 4883 1383 4950 oi·

425 4993 504 5060 vitas
529 4993 581 5058 illa
605 4989 780 5060 Nazareth
794 4997 944 5068 vocatur,
969 5007 1049 5076 quae
1063 4989 1125 5074 1155
1145 4991 1383 5074 iuterpretatur,

426 5097 636 5184 significatur,
655 5095 753 5182 quod
778 5095 865 5162 illum
898 5095 1041 5164 veniebat
1062 5095 1303 5180 praenuntiare,
1329 5097 1383 5182 qui

427 5211 474 5270 est
500 5203 592 5270 «1155
622 5203 723 5288 campi
746 5201 902 5268 etlilium
924 5201 1160 5280 convallium»,
1183 5201 1383 5268 Canticorum

428 5309 580 5388 secundm
611 5315 643 5374 et
677 5307 772 5374 isaiae
810 5305 995 5374 undecimo:
1035 5333 1051 5366 «
1074 5305 1257 5392 Egredietur
1295 5307 1385 5392 virga

499 5659 508 5690 ²
531 5665 607 5716 Vere.
625 5661 669 5716 tt.
687 5691 723 5704 -
742 5665 894 5730 Sequuntur
913 5665 977 5716 Dan.
995 5665 1027 5728 9,
1046 5665 1089 5716 at.
1107 5677 1163 5732 seq.
1181 5669 1208 5716 et
1226 5665 1270 5728 11.
1288 5695 1323 5704 -
1343 5667 1388 5718 Su-

429 5749 517 5812 perius
537 5763 585 5814 pro
605 5753 642 5814 51,
662 5749 889 5818 qtaernudntodunc
909 5751 967 5804 Vat.
985 5753 1017 5806 nt
1034 5749 1269 5818 quamadmodum.

499 5833 510 5866 ²
533 5839 615 5902 Super
634 5837 735 5892 Missus
752 5841 805 5902 551,
826 5839 915 5892 homil.
935 5839 961 5890 t.
978 5853 1005 5890 5.
1026 5841 1050 5890 2.

499 5919 510 5950 ⁵
531 5925 605 5978 Vers.
625 5925 650 5976 1.
669 5937 726 5992 seq.

500 6009 512 6040 ⁴
533 6013 609 6064 Vers.
626 6013 669 6064 ta.
683 6041 719 6052 -
731 6013 795 6066 lres
813 6027 889 6080 seqq.
898 6013 948 6066 1551
961 6019 1021 6066 5551
1034 6015 1096 6076 Gen.
1110 6013 1159 6078 te,
1173 6013 1349 6078 1515515,
1363 6013 1389 6066 1.

429 6097 525 6150 511551.
539 6099 581 6162 11,
596 6099 619 6150 1.
632 6125 668 6136 -
680 6099 800 6160 Hieron,
813 6099 849 6152 de
860 6087 1016 6152 Nominibus
1035 6099 1182 6166 Hebraicis,
1202 6101 1270 6154 Novi
1287 6105 1388 6154 testam.

430 6185 463 6236 de
482 6187 626 6238 llatthaeo:
647 6185 787 6240 Nazareth
809 6187 871 6252 flos,
902 6191 945 6238 551
974 6187 1116 6254 virgultum
1136 6187 1208 6250 eins,
1226 6187 1269 6238 vel
1288 6187 1389 6240 mnndi·
1436 6203 1437 6206 ¹

431 6273 494 6336 tiae,
513 6279 558 6326 551
576 6277 731 6338 separatus,
748 6275 791 6324 vel
808 6273 947 6326 custodita.

500 6357 511 6388 ⁶
532 6361 612 6426 Epist.
639 6361 683 6412 57.
713 6361 787 6430 (51155
815 6361 885 6426 tor.)
907 6377 933 6414 u.
951 6363 981 6414 7:
1000 6363 1065 6416 Nam
1086 6363 1250 6426 15551555,
1271 6361 1315 6416 ubi
1340 6377 1389 6418 uos

431 6447 543 6514 legimus
560 6455 642 6516 atque
661 6449 855 6502 transtulimus:
872 6447 1045 6518 Entatoirpo
1058 6449 1194 6506 deradice
1208 6455 1288 6518 15555,
1301 6457 1326 6508 51
1338 6451 1389 6520 {los

431 6535 463 6590 de
481 6535 571 6592 ludite
592 6535 649 6592 eins
668 6535 793 6590 decondet
810 6535 878 6602 (lsai.
899 6537 940 6600 11,
961 6537 1011 6604 1.),
1032 6541 1056 6590 15
1069 6537 1188 6592 Hebraeo
1202 6541 1272 6592 iuxta
1285 6541 1389 6604 linguae

432 6625 498 6678 illios
517 6619 611 6694 ἰδίωμα
628 6625 664 6677 115
683 6625 810 6690 scriptum
839 6629 896 6676 ost:
923 6625 994 6678 Extat
1018 6627 1095 6690 virga
1112 6627 1146 6682 de
1166 6629 1253 6680 radice
1274 6631 1340 6682 lesse
1363 6633 1389 6680 et

431 6715 561 6766 Nazareus
579 6715 612 6766 de
630 6715 720 6766 radice
737 6713 794 6766 5155
812 6699 990 6766 5555551115.
1013 6715 1054 6766 lV.
1079 6713 1254 6786 commentar.
1283 6715 1305 6766 tn
1333 6715 1388 6766 1551.

434 6803 476 6868 lt,
495 6803 518 6852 l.
539 6827 573 6840 ·—
593 6799 716 6874 Subinde
729 6799 867 6864 respicitur
885 6801 956 6852 loao.
976 6801 999 6864 1,
1019 6799 1066 6854 ld:
1081 6801 1110 6854 Et
1122 6801 1186 6854 dixit
1199 6803 1223 6854 51
1235 6803 1389 6854 Nathanael:

432 6889 453 6940 Α
472 6889 597 6940 Nazareth
623 6893 710 6952 potest
733 6887 831 6956 aliquid
858 6885 920 6940 boni
938 6889 1018 6940 esse?
1037 6889 1106 6940 Vide
1123 6889 1270 6942 Comment.
1289 6889 1389 6940 Donav.

1431 765 1469 832 de
1493 765 1596 832 radice
1629 765 1721 844 lesse,
1755 769 1784 830 et
1815 761 1873 828 flos
1902 759 2069 826 deradice
2099 759 2168 826 eius
2191 763 2335 830 ascendet
2351 791 2386 844 ›>;

1432 871 1485 936 ubi
1511 871 1584 938 dicit
1622 871 1827 954 hieronymus
1838 867 1862 946 ⁵,
1886 865 1970 952 quod
2002 867 2175 934 secundum
2205 867 2387 952 Hebraicam

1433 975 1597 1042 veritatem
1622 975 1775 1042 habetur:
1797 1001 1815 1032 «
1829 973 1986 1042 Nauareus
2001 973 2038 1040 de
2062 973 2165 1040 radice
2183 973 2262 1040 lesse
2284 991 2389 1042 ascen·

1433 1081 1485 1148 det
1501 1107 1531 1146 5.
1557 1081 1654 1168 Igitur
1690 1081 1887 1148 aNazareth
1910 1085 2013 1164 potest
2046 1077 2164 1164 aliquid
2198 1079 2271 1146 boni
2307 1097 2388 1160 esse,

1432 1187 1530 1252 immo
1553 1187 1611 1252 flos
1636 1185 1736 1252 omnis
1759 1185 1840 1254 boni.
1865 1185 2064 1270 Congruebat
2085 1185 2185 1266 euim,
2213 1185 2325 1252 horem
2356 1189 2387 1252 in

1434 1291 1514 1358 hore
1535 1291 1674 1378 concipi,
1704 1291 1735 1356 15
1760 1291 1836 1358 tiore
1868 1291 2004 1372 nutriri,
2026 1291 2059 1358 in
2088 1291 2205 1358 florum
2230 1297 2388 1378 tenrpore,

1433 1397 1466 1464 id
1487 1403 1535 1464 est
1559 1399 1590 1464 in
1606 1417 1682 1466 vere
1705 1405 1735 1464 51
1752 1399 1878 1478 llartio,
1901 1399 2050 1464 nuntiari.
2067 1399 2151 1466 Unde
2168 1399 2346 1466 Bernardus
2358 1401 2389 1464 ⁶:

1441 1529 1457 1562 a
1471 1501 1661 1590 Florigeram
1685 1509 1768 1570 amat
1783 1503 1914 1588 patriam
1940 1505 2060 1572 ssosde
2076 1505 2180 1572 radice
2203 1505 2281 1570 lesse
2300 1531 2328 1568 5.
2355 1507 2391 1572 Et

1435 1607 1505 1674 ideo
1527 1609 1588 1674 iam
1613 1613 1735 1694 poterat
1759 1609 1941 1676 decantare:
1970 1611 2103 1678 «Flores
2126 1617 2342 1696 apparuerunt
2360 1613 2391 1678 in

1436 1721 1523 1780 terra
1544 1721 1653 1780 nostra
1666 1741 1705 1794 »,
1727 1715 1926 1782 Canticornm
1951 1717 2095 1782 secundo.

1525 1819 1578 1886 11.
1603 1819 1800 1900 (1155517).
1817 1821 2057 1906 Congruentiam
2076 1841 2240 1906 personne
2255 1823 2391 1890 insinuat
2405 1837 2547 1890 coronanda

1436 1927 1468 1992 iu
1491 1927 1551 1992 hoc
1575 1927 1659 2012 quod
1681 1925 1773 1992 dicit:
1799 1925 1852 1990 Ad
1880 1925 2041 2012 uirginem
2066 1927 2319 2012 desponsatonc;
2341 1945 2393 1996 eu·
2421 1901 2532 1946 mm

1437 2031 1486 2098 ius
1511 2031 1715 2116 congruentia
1738 2029 1913 2098 ostenditur
1935 2031 2077 2116 portico,
2101 2049 2174 2099 cum
2198 2031 2289 2098 dicit:
2320 2035 2392 2100 Vir·
2411 2047 2535 2112 ostenditur

1435 2137 1566 2222 pinam,-
1588 2137 1708 2220 primae
1729 2137 1770 2202 ad
1792 2135 1969 2204 Corinthios
1992 2137 2166 2222 septimot:
2190 2135 2393 2206 «1115115515-
2431 2101 2517 2156 'mma'

1437 2247 1536 2326 nupta
1559 2249 1590 2308 et
1621 2241 1710 2326 virgo
1732 2241 1846 2326 cogitat
1871 2259 1951 2326 qnae
1973 2239 2027 2308 Dei
2053 2245 2139 2318 sunt,
2165 2239 2322 2324 quomodo
2354 2243 2392 2308 sit

1438 2353 1543 2412 sancta
1567 2365 1700 2432 corpore
1721 2353 1754 2412 et
1776 2345 1891 2428 spiritu
1904 2371 1938 2410 a.
1962 2345 2163 2412 hemardus:
2188 2347 2331 2412 «Missus
2345 2353 2393 2412 est

1437 2449 1476 2518 ad
1491 2451 1668 2536 Virginem,
1694 2451 1846 2536 virginem
1863 2469 1971 2530 carne,
1988 2451 2142 2536 virginem
2165 2457 2283 2530 niente,
2303 2451 2394 2536 virgi-

1438 2575 1510 2624 nem
1522 2557 1725 2644 professione,
1739 2557 1907 2642 virginem,
1919 2558 2045 2644 qualem
2058 2557 2205 2624 describit
2216 2557 2392 2644 Apostolus,

1434 2669 1542 2730 mente
1566 2669 1596 2730 ot
1632 2681 1764 2748 corpore
1796 2669 1937 2730 sanctam
1961 2689 1992 2728 5.
2018 2697 2059 2712 -
2083 2661 2265 2730 Ostenditur
2300 2663 2511 2732 5115555555.

1435 2769 1596 2854 probato,
1621 2755 1695 2848 oum
1710 2769 1801 2836 dicit:
1827 2771 2067 2854 Desponsotnnt
2088 2771 2178 2848 otro,
2203 2771 2260 2836 cni
2277 2791 2393 2836 nonteo

1440 2885 1515 2944 erut
1533 2873 1650 2962 Ioseph
1673 2881 1811 2956 515.,.51
1834 2875 1952 2944 seilicet
1973 2903 1996 2936 a<
2018 2875 2143 2962 loseph,
2166 2875 2216 2944 vir
2239 2877 2342 2944 iustus
2359 2905 2394 2956 »,

1441 2983 1612 3054 monadum
1639 2983 1721 3068 quod
1745 2981 1860 3050 dicitur
1885 2983 2396 3070 11155155155551,5555115555

1441 3089 1728 3174 5551115115155155,
1764 3079 1938 3154 secuudum
1970 3087 2048 3154 illud
2083 3087 2323 3154 Proverbiorum
2351 3091 2397 3156 ul·

1441 3193 1532 3262 timo:
1562 3221 1578 3254 <r
1595 3193 1696 3260 Etvir
1718 3193 1786 3262 eius
1802 3193 1942 3260 laudabit
1963 3211 2031 3262 eam
2045 3219 2077 3258 a.
2098 3193 2291 3262 bernardus:
2315 3221 2329 3252 ι(
2348 3195 2397 3262 Vi·

1441 3319 1521 3366 rum
1542 3301 1700 3380 nominat,
1727 3319 1794 3366 uon
1827 3299 1900 3384 quia
1922 3301 2075 3380 maritus,
2110 3301 2163 3368 sed
2199 3301 2272 3386 quia
2304 3301 2397 3368 homo

1442 3405 1570 3474 virtutis
1592 3411 1623 3472 et
1646 3403 1749 3472 iustos
1765 3411 1833 3472 erat
1847 3429 1884 3484 »3
1907 3411 1939 3472 et
1954 3405 2022 3472 ideo
2045 3405 2208 3472 1511155115
2228 3403 2395 3490 logitimus.

1439 3513 1638 3580 Dernardus:
1667 3537 1683 3570 «
1700 3511 1767 3578 Uno
1788 3511 1988 3578 151155551115
2013 3511 2142 3578 secretis
2164 3511 2350 3580 caelestibus
2368 3517 2397 3578 et

1442 3619 1619 3686 admittitur
1643 3619 1748 3698 testis,
1772 3625 1804 3684 51
1820 3617 1983 3686 exluditur
2007 3619 2118 3698 hostis,
2142 3625 2173 3684 et
2189 3619 2310 3704 integra
2333 3637 2398 3686 ser-

1442 3733 1535 3792 vatur
1558 3727 1642 3790 fama
1662 3723 1800 3808 Virginis
1826 3725 1953 3804 llatris;
1976 3725 2134 3808 alioquin,
2165 3725 2322 3810 quomodo
2343 3743 2398 3808 pe-

1443 3831 1593 3916 percisset
1610 3829 1719 3898 ¹iustus
1740 3829 1901 3898 adulterae
1916 3837 1961 3896 »t
1989 3831 2100 3914 «Quia
2136 3831 2220 3896 zelus
2255 3835 2286 3896 et
2308 3831 2398 3898 furor

1443 3935 1581 4002 virinon
1604 3943 1713 4020 parcet
1726 3961 1759 4016 a,
1776 3935 2018 4022 Proverbiorum
2040 3943 2142 4004 sexto.
2156 3973 2198 3982 -
2214 3935 2398 4004 Ostenditur
2416 3949 2531 4000 Promissa

1444 4039 1536 4108 etiam
1556 4041 1727 4126 promisso
1762 4041 1793 4106 io
1818 4041 1878 4108 hoc
1907 4041 1993 4126 quod
2020 4041 2110 4108 dicit:
2136 4043 2182 4108 115
2212 4041 2308 4108 domo
2335 4043 2400 4108 Do-

1443 4145 1520 4222 oid;
1535 4145 1620 4230 quod
1637 4145 1774 4212 refertur
1786 4145 1836 4210 ,ad
1851 4145 2013 4230 Virginem
2035 4153 2068 4212 51
2082 4147 2208 4232 loseph,
2223 4145 2298 4232 quia
2314 4153 2400 4214 ater-

1444 4267 1506 4336 que
1528 4249 1567 4318 de
1591 4249 1708 4318 semine
1729 4249 1846 4330 David,
1870 4249 1920 4318 cui
1945 4251 2111 4318 foenerat
2135 4251 2336 4338 repromissio
2364 4253 2398 4318 in

1445 4355 1564 4422 Psalmo
1577 4357 1602 4420 ⁹:
1634 4381 1650 4414 5
1664 4355 1782 4422 Iuravit
1797 4357 1950 4422 Dominus
1972 4357 2071 4422 David
2093 4355 2258 4422 veritatem
2280 4363 2313 4420 et
2339 4375 2401 4422 oon

1444 4459 1650 4528 frustrabitur
1677 4477 1764 4540 eam;
1794 4461 1964 4528 defructu
1994 4461 2114 4528 ventris
2138 4461 2216 4528 tui»
2245 4467 2303 4528 etc.
2328 4463 2401 4528 Der-

1445 4567 1581 4634 nardus:
1609 4591 1626 4626 5
1642 4567 1737 4632 hmbo
1774 4571 1862 4632 erant
1886 4567 1923 4634 de
1958 4566 2049 4632 domo
2073 4573 2102 4634 et
2131 4567 2255 4634 tamilla
2283 4567 2399 4648 David;

1445 4673 1500 4740 sed
1523 4673 1554 4738 io
1578 4673 1675 4738 altera
1696 4671 1848 4756 completa
1871 4677 1917 4738 551
1934 4673 2068 4752 veritam,
2091 4691 2187 4758 quarn
2210 4671 2401 4738 1555511115-

1445 4777 1550 4844 minus
1573 4777 1685 4856 David,
1709 4777 1807 4844 altero
1832 4783 1955 4844 tantum
1977 4782 2102 4844 1551551
2120 4777 2296 4858 conscio»,
2322 4777 2402 4846 scili·
2490 4855 2491 4858 ¹

1447 4889 1494 4950 cet
1518 4883 1587 4968 ipso
1609 4881 1728 4968 loseph.
1750 4919 1796 4944 ,-
1824 4881 2006 4950 Ostenditur
2029 4885 2122 4950 etiam
2142 4885 2402 4970 praenominato
2416 4901 2540 4946 Praenom-

1446 4989 1479 5056 5
1502 4989 1562 5056 noa
1586 4987 1668 5074 quoa
1692 4989 1781 5056 555
1810 4991 1848 5054 at
1868 5009 1985 5070 aomar
2017 4989 2161 5078 vcrpruu
2185 4991 2307 5058 atarto.
2333 4989 2403 5056 rru—
2451 4959 2509 5002 ³²²³·

1447 5095 1503 5162 rio
1526 5097 1609 5162 enim
1633 5095 1722 5164 stella
1751 5095 1848 5162 maris
1877 5097 2118 5182 interpretatur,
2147 5103 2178 5164 et
2201 5097 2245 5164 sio
2268 5097 2404 5164 ostendi-

1449 5207 1501 5270 tnr
1525 5203 1654 5290 impleta
1680 5203 1733 5270 illa
1764 5203 1929 5288 prophetia
1960 5203 2097 5282 Balaam;
2123 5203 2334 5272 Numerorum
2359 5203 2404 5270 vi-

1449 5309 1566 5394 gesimo
1590 5317 1706 5396 quarto
1718 5311 1764 5376 1⁰:
1793 5335 1809 5368 «
1826 5309 1954 5376 Orietur
1975 5311 2065 5378 stella
2080 5329 2122 5378 ex
2145 5311 2253 5392 lacob,
2276 5317 2308 5380 et
2332 5329 2404 5378 coo-

1452 5667 1476 5718 iu
1496 5669 1566 5720 huuc
1585 5669 1670 5720 locum
1692 5663 1817 5734 (533),
1843 5665 1890 5718 nbi
1912 5667 1990 5718 etiam
2010 5665 2135 5716 sententia
2153 5653 2306 5730 Hteronpmi
2327 5665 2404 5718 modo

1451 5755 1527 5806 511515
1544 5757 1686 5818 protertur.
1727 5761 1728 5764 ’
1875 5741 1876 5746 ¹

1522 5839 1638 5894 15555.
1656 5843 1679 5894 3.
1700 5841 1727 5892 15
1745 5841 1942 5894 nuntiationis.
1960 5841 2067 5906 itariae,
2093 5855 2121 5890 n.
2148 5839 2174 5890 t.
2201 5839 2254 5894 Cir.
2273 5851 2361 5892 sermo
2381 5843 2406 5892 1.

1452 5929 1485 5980 de
1502 5929 1624 5982 Adventu
1644 5927 1760 5992 Domini,
1778 5943 1805 5980 5.
1825 5931 1848 5980 3.
1868 5957 1901 5968 --
1921 5929 2043 5996 Sequitur
2062 5929 2134 5982 Cant.
2154 5929 2184 5990 1,
2206 5929 2247 5978 lb.

1523 6013 1532 6046 ²
1552 6017 1626 6070 Vera.
1646 6015 1689 6068 at.
1709 6043 1743 6052 -
1763 6013 1850 6068 Verba
1868 6015 1992 6070 Deruacdi
2012 6013 2142 6068 habentor
2159 6013 2186 6066 15
2206 6013 2293 6066 homil.
2314 6017 2340 6064 a.
2366 6027 2406 6066 su-

1453 6103 1778 6170 permanserant.
1860 6131 1863 6136 ·

1523 6191 1533 6220 ⁸
1552 6195 1626 6246 Vers.
1649 6193 1690 6242 te.
1704 6219 1738 6232 -
1752 6193 1875 6256 Sequitur
1894 6193 1970 6244 Prov.
1990 6193 2032 6256 31,
2051 6191 2094 6242 18.
2113 6189 2171 6242 Duo
2190 6203 2265 6256 seqq.
2284 6189 2333 6242 loci
2350 6189 2407 6244 Der·

1391 6303 1392 6308 ¹
1452 6281 1526 6334 nardi
1544 6279 1714 6334 inveniuntur
1731 6277 1822 6332 homil.
1835 6281 1860 6330 1.
1872 6291 1954 6342 super
1970 6275 2071 6332 Missos
2089 6279 2139 6342 est,
2157 6291 2184 6330 5.
2201 6277 2242 6330 ta.
2255 6283 2279 6332 51
2293 6279 2335 6342 13,
2348 6285 2407 6340 5551

1452 6381 1532 6434 quem
1550 6367 1677 6430 allegatur
1695 6367 1773 6418 Prov.
1791 6365 1823 6426 1,
1842 6365 1884 6418 31.

1523 6451 1646 6506 ⁹psalm.
1667 6453 1725 6520 l3l,
1745 6453 1788 6504 11.
1805 6479 1843 6492 -
1860 6451 1949 6506 Verba
1973 6453 2098 6506 Bernardi
2117 6459 2290 6506 ,5515155551
2309 6467 2340 6504 ex
2364 6455 2408 6508 ho·

1453 6541 1504 6594 mil.
1526 6541 1548 6592 1.
1569 6541 1871 6606 supertitiosarum
1895 6541 1941 6608 ld,
1961 6541 1986 6592 15
2006 6553 2119 6608 quorum
2132 6543 2184 6594 tine
2197 6545 2279 6594 textus
2297 6541 2409 6604 origina-

1452 6631 1482 6682 lis
1500 6627 1597 6680 babet:
1614 6627 1701 6682 nitore
1720 6631 1810 6682 155155
1835 6627 1884 6696 [115
1902 6635 1926 6682 51
1945 6625 1976 6696 Α]
1996 6627 2101 6682 conscio
2120 6631 2226 6684 5115515
2249 6625 2408 6698 adimpletor

1449 6713 1650 6784 promissionis.

1524 6797 1545 6830 ¹⁰
1565 6801 1641 6858 Vers.
1661 6799 1703 6852 tt.
1720 6829 1756 6840 -
1775 6801 1893 6854 Subinde
1914 6803 2040 6868 allegatur
2058 6805 2135 6856 Eccli.
2162 6803 2209 6870 50,
2228 6805 2253 6856 6.
2278 6811 2303 6856 51
2327 6803 2408 6868 apoc.

1454 6889 1501 6950 11,
1523 6889 1565 6940 td.
1584 6917 1617 6928 -
1638 6889 1751 6952 Hieron„
1772 6889 1804 6942 de
1823 6889 1976 6944 Nominibus
1999 6889 2148 6956 Hebraicis,
2165 6891 2231 6946 Novi
2252 6897 2355 6946 testam.
2375 6893 2408 6946 de
