5908 8266
458 583 522 650 156
910 651 912 656 ,
1066 593 1259 660 COMMENT.
1285 593 1323 658 IN
1349 587 1584 656 EVANGEBIUM
1608 589 1726 656 LUCAE
1748 589 1781 656 C.
1803 591 1840 654 X.

458 761 613 828 secundo:
642 763 773 848 «Quam
797 765 900 848 pulcri
926 783 1021 851 super
1039 771 1160 834 montes
1175 767 1269 851 pedes
1294 783 1417 832 annun-

308 883 440 930 xuanoum.
457 867 564 934 tiantis
586 875 618 934 61
639 869 849 954 praedicantis
871 887 979 956 paoem
994 873 1022 938 »l
1041 873 1124 938 Bane
1139 887 1248 956 pacem
1264 869 1418 938 Dominus

456 971 549 1062 feeit,
572 975 746 1042 secuudum
761 975 840 1042 illud
856 977 893 1042 ad
911 975 1107 1044 Colossenses
1127 977 1272 1060 prtm01:
1302 1001 1316 1034 «
1335 977 1418 1042 Paci-

456 1083 556 1150 ficans
589 1101 645 1166 per
680 1085 863 1166 sanguinem
893 1085 999 1150 crucis
1030 1085 1128 1150 eius»
1159 1087 1236 1160 ela:
1260 1081 1416 1152 Dominus

457 1187 552 1256 etiam
572 1187 726 1276 reliquit,-
749 1189 870 1256 loannis
893 1189 1013 1256 decimo
1038 1195 1171 1276 quarto:
1200 1215 1217 1248 «
1235 1191 1341 1256 Pacem
1366 1205 1416 1256 re-

456 1295 565 1380 linquo
589 1295 687 1372 vobis,
710 1313 817 1380 pacem
843 1311 944 1362 meam
969 1295 1008 1362 do
1032 1295 1164 1376 vobis»;
1187 1295 1339 1360 Dominus
1355 1309 1417 1362 an-

456 1399 645 1476 nuntiavit:
671 1399 792 1466 loannis
814 1399 981 1484 vigesimo:
1010 1427 1027 1458 «
1044 1399 1132 1466 Stetit
1157 1401 1242 1466 lesus
1266 1399 1298 1464 in
1313 1397 1416 1466 medlo

456 1511 489 1572 et
509 1505 592 1570 dixit
616 1503 675 1570 eis:
699 1505 763 1568 Pax
789 1503 876 1570 vobis
894 1529 924 1580 »3
950 1505 1102 1570 Dominus
1124 1505 1299 1570 mandavit
1313 1509 1347 1570 61
1363 1521 1416 1586 66-

414 1671 416 1676 .
456 1627 525 1676 cem
560 1609 816 1696 eouupelizanit,
850 1611 930 1676 sicut
961 1611 1076 1676 dicitnr
1110 1611 1149 1676 61
1183 1611 1334 1694 Ephesios
1367 1627 1416 1682 se·

456 1715 582 1784 cundo:
617 1715 783 1784 «Veniens
817 1717 1043 1802 evangelizavit
1073 1733 1181 1802 pacem
1217 1719 1323 1800 vohis,
1359 1721 1414 1802 qni

455 1823 548 1908 longe
569 1823 683 1900 fuistis,
707 1829 738 1888 61
761 1841 870 1908 pacem
895 1823 932 1890 iis
955 1823 1009 1908 qui
1035 1841 1131 1908 prope
1149 1851 1179 1890 a.
1230 1887 1231 1890 ,

550 1931 600 1994 11.
623 1927 724 2008 (Vens.
749 1931 804 2010 6.).
831 1927 867 1994 Bt
889 1929 965 2014 quia
987 1933 1114 2012 possent
1136 1931 1267 2012 timere,
1285 1951 1323 2000 ne
1348 1931 1415 2000 iru-

293 2047 442 2112 661661
458 2031 523 2100 stra
546 2051 656 2116 pacem
679 2033 847 2114 offerrent:
870 2033 940 2102 ideo
965 2033 1087 2102 subdit:
1114 2039 1152 2104 nt
1181 2039 1214 2104 si
1232 2037 1337 2126 fuerit
1367 2039 1416 2108 idi

334 2113 402 2160 Μ’
455 2139 547 2224 (ilius
559 2141 676 2224 pacis:
687 2141 786 2228 pacis
801 2141 975 2210 secundum
988 2149 1147 2212 aeternam
1164 2145 1413 2230 praescientiam,

455 2247 494 2314 16
518 2247 634 2330 quibus
659 2249 998 2316 16666166616616662
1022 2251 1157 2332 dicitur,
1183 2253 1269 2336 quod
1297 2277 1313 2308 r
1329 2251 1414 2316 lesus

455 2369 567 2436 passus
583 2357 639 2432 est,
657 2353 874 2434 stultusne,
892 2357 945 2442 qui
965 2363 1053 2424 erant
1069 2357 1220 2440 dispersi,
1243 2369 1413 2440 congrega-

456 2463 504 2522 ret
520 2481 552 2536 »3
576 2457 753 2544 dequibus
778 2461 893 2528 dicitur
917 2463 1072 2530 secundae
1097 2459 1133 2526 ad
1151 2459 1349 2526 Timotheum
1365 2477 1414 2526 se-

455 2563 575 2630 cundo:
606 2563 787 2650 «Cognovit
817 2567 971 2634 Dominus
1004 2565 1294 2656 661-66616166».
1325 2566 1414 2634 Tales

456 2675 531 2736 sunt
552 2669 609 2736 filii
631 2669 734 2756 pacis,
749 2673 825 2756 quia
847 2671 964 2738 dicitur
979 2669 1124 2738 Matthaei
1148 2671 1273 2756 quinto:
1302 2673 1412 2740 «Beati

455 2775 594 2860 66611161,
616 2777 764 2862 quoniam
788 2777 843 2842 iilii
875 2775 930 2840 Dei
965 2776 1163 2842 vocabuntur
1178 2803 1210 2840 6.
1235 2815 1278 2826 -
1302 2777 1335 2844 ln
1358 2779 1411 2846 lali

455 2881 549 2948 habet
572 2881 740 2950 efficaciam
763 2883 896 2948 verbum
913 2881 1166 2966 praedicationis,
1183 2891 1312 2966 propter
1330 2885 1413 2968 quod

455 2989 555 3056 addit:
581 2987 766 3074 Requiaseet
788 3005 889 3072 super
913 2987 1005 3054 illurn
1027 3005 1100 3074 pam
1122 2977 1252 3066 uestra,
1279 2989 1307 3056 id
1333 2995 1413 3056 esta

455 3095 543 3160 vohis
566 3093 766 3172 annuntiata;
791 3093 874 3160 unde
899 3093 993 3160 isaiae
1010 3095 1209 3178 sexagesimo
1231 3101 1323 3162 sexto
1337 3095 1348 3132 ³
1364 3113 1413 3162 se·

455 3199 594 3266 cundum
616 3197 709 3264 aliam
732 3197 984 3266 translationem:
1016 3199 1146 3284 «saper
1168 3217 1264 3285 quem
1288 3199 1413 3284 requie-

455 3311 520 3374 scet
542 3305 672 3390 spiritus
696 3323 785 3372 meus
806 3305 865 3372 nisi
887 3323 982 3392 super
1000 3305 1153 3372 humilem
1169 3311 1202 3374 et
1217 3307 1360 3392 quletum
1373 3313 1412 3372 »1

455 3413 630 3500 1666166611
654 3413 763 3500 611666
779 3431 842 3500 pax
865 3413 981 3480 Christi
1005 3413 1189 3480 annuntiata
1210 3431 1305 3500 super
1322 3431 1412 3500 prae-

454 3519 622 3586 destinatos
653 3539 671 3584 a
702 3521 783 3598 Boc,
815 3519 988 3588 secunaum
1021 3521 1098 3586 illud
1130 3521 1262 3584 hctuum
1290 3521 1411 3586 decimo

454 3623 568 3690 tertio:
599 3649 613 3680 «
629 3623 837 3710 Crediderunt
858 3629 1017 3708 quotquot
1038 3629 1130 3690 erant
1146 3623 1355 3708 praeordinati
1373 3623 1411 3690 61

455 3729 549 3796 vitam
566 3755 597 3808 »3
620 3735 653 3796 et
674 3729 797 3796 loannis
821 3729 963 3798 decimo:
984 3757 1001 3788 <r
1017 3731 1080 3798 vos
1094 3747 1157 3796 non
1174 3729 1320 3808 eradius,
1337 3731 1411 3816 quia

453 3835 613 3902 nonestis
637 3853 677 3902 ex
701 3837 813 3904 ovibus
843 3837 928 3904 meis.
955 3835 1035 3904 Oves
1068 3853 1155 3904 meae
1178 3855 1284 3902 vocem
1310 3853 1410 3902 meam

453 3945 631 4010 audiunt».
657 3943 800 4010 ——Utile
833 3951 879 4010 est
910 3943 1008 4028 igitur
1038 3943 1123 4028 loqui
1151 3943 1410 4028 praedestinatis

454 4049 655 4132 Evangelium
679 4049 785 4132 pacis;
809 4049 889 4118 utile
911 4055 960 4118 est
981 4049 1075 4118 etiam
1099 4049 1184 4134 loqui
1209 4049 1410 4134 praescitis,-

454 4157 621 4240 propterea
645 4153 768 4220 subdit:
793 4155 852 4222 Sin
870 4163 993 4234 antem,
1012 4161 1194 4220 revertetur
1209 4155 1254 4220 ad
1269 4173 1345 4234 nos,
1363 4173 1410 4222 se-

454 4259 594 4328 cundum
625 4259 702 4326 illud
732 4259 893 4328 Psalmi4t
923 4259 1062 4328 «Oratio
1090 4277 1159 4328 mea
1182 4259 1213 4326 in
1245 4259 1317 4326 sinu
1342 4277 1410 4328 meo

454 4371 656 4434 convertetur
670 4391 703 4446 »3
728 4375 761 4432 et
784 4367 861 4446 hoc,
887 4365 962 4452 quia
983 4385 1065 4450 opus
1088 4365 1212 4450 pietatis
1234 4371 1266 4432 61
1287 4367 1411 4434 miseri-

452 4471 577 4538 cordiae
599 4489 722 4556 semper
746 4481 792 4540 est
816 4473 894 4540 utile
914 4471 1039 4538 facienti
1064 4475 1095 4538 61
1116 4469 1335 4538 adfacientem
1360 4489 1409 4538 re

453 4575 598 4656 vertitur,
614 4577 788 4646 secundam
806 4579 885 4646 illud
901 4577 1104 4646 Eeolesiastiei
1122 4577 1242 4644 decimo
1259 4577 1408 4664 septimo:

458 4709 473 4742 «
490 4685 691 4770 Eleemosyua
706 4685 764 4752 viri
780 4685 872 4770 quasi
889 4687 1032 4754 sacculus
1049 4703 1123 4752 curn
1147 4685 1215 4770 ipso
1230 4689 1263 4752 et
1277 4685 1409 4770 gratiam

452 4791 588 4858 hominis
602 4789 691 4874 quasi
707 4791 856 4878 pupillam
870 4791 1085 4872 conservabil;
1102 4799 1134 4858 et
1146 4799 1254 4874 postea
1266 4797 1410 4878 resurget

418 4927 421 4932 ·
455 4901 484 4964 et
500 4895 654 4964 retribuet
670 4897 909 4964 retributionem
926 4897 1098 4982 ranicuique
1115 4897 1146 4964 in
1162 4903 1258 4982 caput
1272 4915 1366 4964 suurn
1379 4925 1408 4962 1.

544 4999 593 5066 13.
620 5001 720 5084 (Vens.
746 5003 800 5084 7.).
827 5003 946 5086 Quarto
968 5021 1044 5070 vero
1068 5009 1222 5086 qnantum
1247 5001 1284 5068 ad
1301 5009 1409 5068 matu·

452 5105 584 5172 ritatem
607 5105 838 5174 ostendendam
863 5107 985 5174 subdit:
1004 5107 1043 5172 ln
1059 5105 1170 5172 eadem
1189 5115 1299 5172 autem
1316 5107 1409 5172 domo

522 5465 531 5496 ²
552 5469 627 5520 Vers.
646 5467 689 5518 10.
708 5469 827 5522 -Tres
845 5483 920 5536 seqq.
941 5469 989 5522 loci
1017 5479 1078 5524 sunt
1097 5471 1167 5524 loan.
1188 5471 1235 5534 11,
1256 5471 1296 5526 11.
1318 5473 1407 5540 6110,

453 5555 696 5624 16666617.
804 5543 806 5548 '

521 5643 532 5674 ²
554 5647 626 5698 llere.
645 5645 689 5698 51.
707 5651 732 5698 61
752 5647 793 5698 61.
815 5649 979 5714 propassus
999 5651 1038 5702 esi
1058 5649 1167 5714 Vulgata
1187 5655 1212 5702 61
1226 5651 1282 5702 Vat.
1298 5649 1408 5704 moritu-

450 5737 638 5790 11166661.-
657 5733 858 5800 subiunguntur
879 5737 903 5788 ΙΙ.
926 5735 994 5786 Tim.
1013 5737 1043 5802 1,
1065 5737 1107 5788 19.
1127 5745 1151 5790 61
1171 5741 1258 5792 116116.
1279 5739 1310 5802 5,
1329 5741 1354 5792 9.
1376 5769 1408 5778 -

435 5825 540 5878 'Glossa
560 5821 741 5876 interlinearis
761 5837 791 5876 ex
810 5827 918 5888 Gregor.
940 5823 967 5892 (l.
987 5825 1081 5878 Hoaail.
1100 5825 1127 5878 16
1145 5825 1245 5892 evang.
1259 5829 1350 5882 homil.
1368 5827 1407 5882 11.

449 5927 476 5966 6.
496 5911 540 5980 6.),
560 5927 639 5978 quem
658 5913 776 5980 sequitur
796 5915 865 5966 Beda
885 5913 979 5980 (11116
998 5915 1123 5978 16610,
1142 5915 1194 5984 6.)ε
1211 5915 1290 5972 Etsi
1307 5915 1343 5970 ibi
1354 5917 1409 5986 sne·

449 6001 489 6056 rit
503 6001 576 6074 filius
593 5999 682 6072 66616,
701 6005 909 6068 praedestinatus
923 6003 954 6056 61
969 6003 1065 6068 vitam,
1083 6011 1208 6074 sequetur
1227 6005 1337 6060 66616616
1351 6019 1405 6060 ver·
1457 6039 1461 6046 a

449 6089 528 6156 bum,
547 6093 620 6160 quod
638 6093 718 6146 audit.

520 6177 531 6210 ³
552 6183 627 6236 Vers.
645 6183 671 6232 1.
693 6183 761 6236 6666
784 6183 918 6236 translatio
937 6181 1072 6236 exhibetur
1095 6183 1130 6236 ab
1148 6183 1267 6248 166661,
1287 6185 1404 6236 Enarral.

449 6271 477 6324 16
496 6273 536 6324 Ps.
551 6273 595 6324 91.
615 6287 641 6324 n.
660 6271 690 6332 6;
709 6271 736 6324 16
755 6275 795 6326 Ps.
817 6273 875 6324 103.
894 6285 975 6324 serm.
995 6275 1019 6324 1.
1038 6287 1064 6324 6.
1084 6273 1131 6338 10;
1150 6273 1176 6324 16
1196 6275 1235 6324 96.
1250 6273 1311 6326 tel.
1329 6287 1356 6324 6.
1376 6271 1407 6338 1;

450 6363 533 6414 Serm.
548 6359 606 6412 119.
628 6359 701 6424 161166
719 6361 763 6414 11.
782 6375 813 6416 ex
832 6359 1019 6428 Sirmondiau.)
1034 6377 1059 6414 n.
1072 6361 1098 6412 6.
1111 6365 1136 6412 61
1148 6353 1289 6414 16166616
1304 6359 1404 6426 Virgia.

449 6465 472 6506 c.
492 6451 533 6506 31.
554 6449 855 6516 6101666166616166
876 6449 961 6514 Super
980 6463 1060 6518 quem
1084 6449 1224 6514 respiciam
1248 6449 1299 6500 6161
1326 6461 1407 6516 66666

449 6541 575 6596 humilem
603 6545 629 6594 et
654 6529 983 6608 6111616661).1661166661
1012 6538 1139 6602 Vulgatae
1157 6537 1220 6590 vide
1240 6551 1317 6602 supra
1337 6551 1360 6590 6.
1379 6539 1418 6588 9.

449 6645 476 6684 n.
492 6627 959 6698 106.-1166666616616661161
974 6629 1022 6690 13,
1037 6627 1079 6680 18.
1100 6633 1125 6680 61
1143 6627 1212 6678 loan.
1232 6625 1273 6690 10,
1289 6625 1331 6678 16.
1350 6641 1404 6692 666.

520 6713 531 6746 ⁴
551 6719 648 6770 Psalmi
664 6715 711 6782 31,
740 6719 776 6770 13.
795 6745 830 6758 -
850 6715 972 6782 Sequitur
992 6713 1068 6767 Becli.
1089 6713 1134 6776 11,
1157 6713 1195 6764 18.
1215 6727 1286 6780 666,
1307 6713 1339 6764 16
1352 6725 1405 6780 666

450 6809 498 6858 616.
516 6821 594 6872 supra
616 6819 678 6872 pag.
698 6805 762 6872 110,
782 6811 842 6860 6616
863 6803 886 6854 6.
905 6833 941 6844 -
959 6803 1050 6854 Glossa
1079 6799 1261 6854 interlinearis
1283 6799 1324 6868 (ex
1343 6803 1406 6854 Gre-

429 6899 434 6908 '
450 6905 522 6958 661,,
542 6895 560 6946 1.
577 6893 672 6946 llomil.
690 6893 714 6944 in
736 6897 832 6960 Evang.
853 6893 944 6944 homil.
965 6893 1006 6944 11.
1025 6905 1052 6942 6.
1070 6893 1095 6942 6.
1115 6895 1190 6942 etex
1208 6889 1296 6952 Beda,
1315 6889 1353 6942 lll.
1379 6889 1404 6940 in

1479 771 1624 842 manete,
1649 769 1799 848 tanquam
1821 765 1881 830 viri
1908 763 2041 842 maturi,
2063 783 2104 832 ne
2126 765 2208 832 forle
2231 767 2378 834 notamini
2397 767 2434 836 de

1480 869 2005 948 661661161666161661661661161
2020 869 2169 954 vigesimo
2183 871 2286 954 primo
2298 873 2330 948 δι
2352 899 2367 932 «
2380 875 2435 942 Pes

1479 977 1555 1044 16161
1580 977 1678 1044 1661116
1700 982 1747 1042 661
1764 977 1795 1042 16
1811 975 1939 1042 domum
1958 975 2095 1060 proximi
2111 1001 2142 1042 a.
2160 975 2230 1044 ldeo
2245 977 2320 1046 dicit
2337 977 2432 1046 Beda:

1485 1109 1500 1142 «
1515 1083 1658 1150 alienum
1681 1089 1729 1148 est
1750 1101 1770 1148 a
1793 1079 2007 1166 praedicatore
2024 1099 2081 1166 per
2096 1081 2206 1148 domos
2226 1085 2380 1150 cursitare
2404 1091 2434 1152 et

1479 1187 1650 1272 hospitium
1673 1193 1798 1256 mutare
1813 1215 1845 1254 a.
1863 1225 1905 1236 -
1922 1187 1956 1252 Et
1973 1187 2048 1270 quia
2070 1193 2196 1270 possent
2216 1189 2361 1268 credere,
2378 1191 2434 1256 ho·
2446 1205 2598 1268 Reatauoar

1480 1293 1607 1376 spitium
1630 1309 1699 1360 esse
1723 1293 1908 1360 mutandum
1933 1299 2062 1376 propter
2087 1293 2210 1370 einum:
2225 1291 2295 1358 ideo
2310 1293 2433 1362 subdit:
2478 1259 2559 1304 mm

1483 1399 1616 1466 livientes
1639 1407 1670 1466 et
1691 1397 1831 1466 bibentes
1853 1419 1938 1488 qnae
1962 1397 2054 1484 apud
2069 1397 2142 1466 illos
2157 1405 2251 1476 sunt,
2270 1399 2336 1466 sine
2351 1397 2435 1466 cibo-

1479 1521 1550 1570 rum
1567 1505 1773 1586 discretione,
1790 1505 1870 1572 sicut
1889 1505 2007 1590 primae
2023 1505 2059 1572 ad
2077 1503 2253 1570 Corinthios
2270 1505 2390 1570 decimo
2402 1505 2432 1572 ⁶:

1483 1609 1630 1690 606166,
1657 1611 1740 1695 6661
1764 1611 1932 1694 apponitur
1949 1611 2053 1690 vobiS,
2073 1609 2278 1690 manducate,
2291 1609 2369 1676 nihil
2388 1611 2433 1676 in-

1478 1725 1674 1804 terrogantes
1684 1725 1814 1802 propter
1827 1715 2045 1782 conscientiam
2059 1741 2090 1796 »;
2103 1715 2169 1784 sine
2181 1717 2326 1785 ciborum
2341 1717 2432 1784 etiam
2505 1789 2508 1802 ,

1479 1825 1674 1902 abiectione,
1709 1821 1881 1888 seeundum
1912 1821 1987 1886 illud
2023 1821 2142 1906 primae
2170 1823 2211 1888 ad
2232 1825 2433 1892 Timotheum

1478 1937 1612 2014 quarto:
1651 1925 1791 1992 «Omnis
1821 1925 1968 1992 creatura
1997 1925 2051 1994 Dei
2086 1925 2164 1992 bona
2197 1935 2262 2008 est,
2291 1937 2325 1994 et
2353 1931 2433 1996 nihil

1478 2033 1697 2110 reiiciendum,
1714 2031 1884 2116 quodcum
1909 2031 2084 2116 gratiarum
2097 2033 2218 2100 actione
2240 2035 2432 2120 percipitur3

1478 2141 1689 2206 sanctificatur
1722 2139 1803 2204 enim
1836 2155 1894 2222 per
1922 2137 2055 2206 verbum
2082 2137 2136 2204 Bei
2159 2147 2190 2206 et
2213 2139 2386 2208 orationem
2402 2165 2432 2222 ²³3

1478 2245 1544 2312 sine
1567 2245 1712 2312 ciborum
1734 2245 1829 2312 etiam
1846 2243 2077 2332 requisitione,
2093 2243 2267 2312 secundum
2284 2245 2361 2312 illud
2378 2247 2433 2312 Ec

1477 2349 1639 2416 olesiastici
1663 2351 1825 2434 trigesimo
1847 2351 1966 2432 primo:
1995 2375 2013 2410 α
2028 2349 2059 2414 16
2079 2351 2179 2416 medio
2196 2353 2368 2418 multorum
2386 2369 2433 2420 66-

1476 2455 1566 2534 disti,
1591 2455 1677 2541 prior
1701 2455 1763 2524 illis
1784 2473 1825 2522 ne
1847 2459 1999 2526 extendas
2023 2471 2149 2524 manum
2166 2465 2255 2524 tuam
2271 2477 2329 2526 nec
2343 2459 2432 2544 prior

1477 2579 1587 2646 poscas
1609 2561 1765 2630 ninere».
1790 2599 1833 2612 -
1856 2561 1893 2628 Bt
1915 2563 1990 2648 quia
2015 2571 2140 2648 possent
2168 2563 2316 2644 credere,
2347 2567 2595 2650 6661066161·

1476 2687 1538 2732 666
1571 2669 1677 2734 1166661
1709 2669 1792 2754 66661
1817 2669 1854 2734 16
1878 2669 1978 2734 611666
2002 2669 2194 2748 substantia;
2224 2669 2293 2736 ideo
2326 2669 2430 2736 addit:
2455 2639 2577 2728 gniiaffiffi'

1477 2775 1607 2862 Dianas
1639 2783 1684 2840 est
1711 2777 1797 2842 enirn
1821 2775 1998 2858 operarius
2021 2775 2164 2840 mercede
2188 2793 2271 2852 sua,
2295 2795 2357 2842 nun
2383 2795 2431 2844 so-

1476 2879 1542 2944 lum
1568 2879 1598 2946 in
1624 2879 1725 2964 patria
1748 2879 1786 2944 ad
1810 2869 2113 2956 remunerationem,
2139 2879 2309 2946 sedetiam
2333 2881 2364 2946 in
2382 2879 2431 2948 via

1475 2983 1515 3050 ad
1538 2985 1805 3050 sustentationem.
1824 2983 1908 3050 Unde
1925 2983 2044 3068 primae
2060 2983 2097 3050 ad
2114 2983 2290 3050 Corinthios
2307 2987 2430 3052 nonol:

1481 3115 1497 3148 «
1515 3089 1665 3156 Dominus
1688 3089 1844 3156 ordinavit
1866 3089 1916 3154 his
1932 3089 1986 3174 qui
2005 3089 2204 3174 Evangelinm
2228 3091 2431 3170 annuntiant,

1459 3197 1515 3262 ,16
1539 3193 1704 3280 Evangelio
1727 3195 1833 3262 vivere
1847 3221 1881 3274 »3
1904 3201 1936 3260 et
1958 3195 1996 3260 ad
2021 3193 2142 3262 Galatas
2165 3201 2278 3262 sexto:
2310 3197 2430 3264 «Com-

1474 3301 1613 3368 municet
1637 3307 1740 3368 autem
1766 3301 1868 3386 isqui
1894 3301 2105 3368 catechizatur
2130 3303 2244 3380 verbo,
2267 3303 2294 3370 ei
2320 3305 2433 3388 quise

1475 3407 1647 3476 catechizat
1667 3407 1701 3476 in
1723 3409 1870 3476 omnibus
1893 3409 1982 3476 bonis
1999 3433 2028 3488 a:
2055 3409 2138 3476 unde
2159 3407 2280 3494 primae
2304 3411 2342 3476 ad
2375 3413 2432 3478 Co-

1475 3515 1608 3580 rinthios
1633 3533 1714 3582 nono
1736 3515 1874 3580 dicitur:
1903 3539 1919 3572 r
1942 3513 1971 3580 Si
1995 3533 2052 3580 nos
2075 3515 2162 3582 vobis
2187 3515 2361 3598 spiritualia
2384 3535 2433 3584 se-

1474 3619 1680 3698 minavimus,
1705 3637 1766 3686 non
1789 3624 1837 3686 est
1859 3637 2023 3704 magnum,
2042 3619 2068 3686 si
2084 3619 2220 3686 carnalia
2246 3629 2432 3688 166166616-

1475 3731 1579 3794 tamus
1593 3751 1625 3790 a.
1653 3725 1691 3792 Bt
1712 3725 1773 3794 hoc
1796 3725 1908 3810 probat
1933 3725 2002 3792 ihi8
2031 3725 2212 3812 16661166,
2246 3727 2329 3813 6661
2345 3795 2346 3798 ,
2362 3727 2432 3796 talis

1474 3833 1640 3920 operarius
1662 3833 1703 3900 sit
1724 3833 1851 3918 dignus,
1877 3841 1908 3900 et
1931 3851 1987 3918 per
2010 3833 2216 3900 auctoritates
2240 3843 2269 3902 et
2293 3853 2349 3920 per
2381 3853 2431 3900 ra-

1473 3941 1575 4006 tiones
1596 3941 1820 4026 quamplureS‚
1840 3939 1922 4006 sicut
1940 3939 1980 4004 ibi
1999 3945 2091 4022 patet.
2117 3939 2268 4022 Quoniam
2294 3959 2371 4026 ergo
2384 3941 2433 4008 di-

1473 4063 1555 4130 gnus
1579 4051 1626 4112 est
1649 4045 1833 4130 relectione,
1857 4051 1987 4130 propter
2010 4044 2093 4112 illam
2119 4061 2180 4110 aon
2203 4051 2340 4128 oportet,
2358 4065 2432 4114 eum

1473 4151 1645 4236 hospitium
1662 4157 1795 4218 mutare.
1813 4187 1851 4198 --
1865 4151 1937 4218 ldeo
1951 4151 1983 4216 in
2004 4151 2067 4218 166
2081 4151 2183 4218 addit:
2199 4151 2305 4218 Nolite
2320 4161 2430 4220 trans·
2449 4159 2586 4260 braggar·

1473 4259 1524 4326 ire
1546 4259 1585 4324 16
1607 4259 1704 4326 domo
1727 4259 1763 4324 ia
1785 4257 1945 4338 domum:
1968 4277 2008 4326 ne
2022 4259 2187 4326 videamini
2204 4259 2291 4346 vagi,
2309 4277 2348 4326 66
2365 4259 2432 4330 sitis
2542 4247 2548 4260 ’

1473 4365 1590 4434 similes
1613 4365 1656 4432 illi
1682 4365 1808 4430 mulieri
1830 4383 1944 4450 vagae,
1966 4365 2007 4432 16
2029 4383 2092 4450 666
2117 4365 2231 4432 dicitur
2248 4367 2431 4436 Proverbio-
2488 4379 2489 4382 ’

1474 4491 1545 4538 rum
1571 4471 1703 4556 septimo
1715 4469 1746 4550 ⁹,
1769 4471 1854 4556 quod
1876 4475 1953 4538 rest
1967 4471 2113 4556 garrula,
2129 4487 2223 4556 vaga,
2242 4469 2356 4556 quietis
2372 4471 2431 4536 im-

1472 4577 1612 4664 patiens,
1629 4595 1690 4644 666
1706 4579 1815 4646 valeus
1829 4577 1862 4644 in
1878 4577 1970 4644 domo
1988 4577 2156 4646 consistere
2173 4577 2304 4664 pedibus
2319 4577 2385 4644 suis
2397 4603 2429 4642 a.

1473 4685 1563 4750 Tales
1585 4689 1659 4750 sunt
1684 4683 1849 4762 haeretici;
1882 4685 1965 4750 unde
1991 4683 2143 4750 secandae
2167 4683 2205 4750 ad
2230 4683 2429 4750 Timotheum

1473 4789 1587 4856 tertio:
1618 4789 1697 4854 «Ex
1719 4787 1769 4856 his
1793 4795 1884 4868 sunt,
1907 4789 1961 4875 qai
1991 4793 2155 4874 penetrant
2187 4787 2295 4856 domos
2324 4795 2357 4856 61
2379 4805 2430 4856 66-

1472 4895 1575 4980 ptivas
1605 4897 1726 4964 ducunt
1757 4895 1958 4962 mulierculas
1991 4895 2430 4980 66666166666661161166

1474 5001 1551 5068 tales
1567 5001 1682 5069 debent
1696 5017 1763 5068 esse
1778 5001 2010 5084 praedicatores
2024 4999 2184 5082 veritatis3
2202 5001 2285 5070 unde
2301 5003 2430 5070 Ambro-

1474 5107 1540 5174 sius
1555 5105 1579 5146 1⁰
1593 5131 1602 5184 εΙ
1630 5107 1726 5174 «Non
1749 5111 1796 5172 est
1811 5105 1848 5174 16
1872 5105 1964 5173 domo
1989 5105 2018 5172 in
2043 5107 2171 5175 domum
2191 5125 2268 5192 vaga
2284 5107 2429 5176 facilitate

1472 5477 1533 5526 Luc.
1556 5475 1603 5536 10,
1624 5473 1680 5538 616
1699 5471 1749 5528 Sia
1766 5477 1874 5540 ualent,
1901 5477 1922 5526 si
1941 5475 2033 5528 audire
2052 5475 2175 5540 noluerit,
2193 5475 2232 5530 ad
2248 5489 2297 5534 nos
2314 5481 2427 5534 reuerte-

1472 5567 1533 5630 lur,
1554 5563 1650 5618 laboris
1670 5563 1749 5616 vestri
1768 5565 1853 5616 fructu
1873 5577 1927 5616 uon
1945 5561 2123 5628 privabimini.

1543 5655 1554 5688 ⁵
1574 5655 1649 5706 Vens
1669 5651 1710 5704 16.
1730 5681 1764 5692 --
1783 5651 1912 5704 Sententia
1933 5651 2426 5722 116166166166661166166666.,611.

1472 5757 1553 5806 supra
1572 5755 1593 5792 6.
1616 5743 1640 5794 s.
1661 5757 1686 5792 6;
1706 5741 1742 5810 8.)
1761 5741 1874 5794 babetur
1891 5743 1930 5794 lll.
1949 5741 1974 5792 in
1994 5743 2055 5794 Luc.
2075 5741 2106 5808 9,
2127 5741 2151 5792 1.

1544 5825 1645 5882 ⁸Vers.
1667 5829 1708 5880 11.
1731 5857 1763 5864 -
1782 5829 1839 5880 1166
1859 5843 1932 5894 seqq.
1950 5829 2001 5880 loci
2019 5835 2080 5880 sunt
2099 5829 2116 5880 l.
2136 5829 2204 5880 Tim.
2228 5827 2255 5894 1,
2276 5831 2301 5882 1.
2320 5843 2376 5896 666.
2403 5839 2428 5882 61

1472 5919 1550 5972 Ε6611.
1568 5919 1611 5984 31,
1631 5917 1674 5970 11.

1543 6003 1554 6036 1
1574 6007 1647 6058 Vers.
1670 6005 1716 6068 11,
1737 6007 1777 6060 661
1797 6005 1993 6070 subiunguntur
2009 6005 2066 6058 Gal.
2088 6009 2118 6070 6,
2137 6007 2164 6058 6.
2182 6011 2208 6058 61
2227 6009 2242 6058 l
2262 6005 2319 6062 Cor.
2335 6009 2427 6070 9,1·1;

1473 6095 1500 6146 Si
1517 6109 1566 6148 nos
1583 6095 1662 6148 vobis
1680 6095 1822 6158 spiritualia
1842 6095 2046 6158 seminavimus,
2066 6108 2191 6158 magnum
2211 6101 2265 6158 est,
2279 6095 2300 6148 61
2312 6109 2427 6148 noscar-

1472 6185 1538 6236 nella
1559 6189 1644 6236 vestra
1665 6187 1815 6236 metamus?
1841 6185 1889 6236 Pro
1907 6181 2100 6236 seminavimus
2119 6181 2234 6236 cnon
2250 6183 2426 6238 seminamus.

1471 6299 1507 6312 -
1524 6273 1615 6324 Glossa
1634 6269 1776 6326 ordinaria
1803 6271 1843 6338 (ex
1867 6271 1977 6334 666661.
1994 6275 2019 6320 61
2038 6269 2108 6322 Beda
2125 6269 2188 6320 locis
2208 6271 2287 6334 paulo
2305 6269 2427 6336 superius

1471 6359 1617 6426 allegatislz
1634 6359 1712 6424 Nota,
1733 6359 1805 6426 quod
1823 6359 1868 6410 uni
1886 6357 1959 6422 opert
1979 6353 2188 6422 praedicatorum
2201 6359 2271 6410 duae
2291 6359 2426 6410 mercedes

1466 6445 1618 6500 debentur:
1637 6463 1687 6500 una
1706 6449 1734 6500 16
1752 6449 1809 6512 via,
1828 6459 1898 6514 quae
1916 6459 1963 6498 nos
1982 6447 2008 6496 in
2037 6443 2125 6498 labore
2154 6449 2296 6510 sustentnt;
2325 6447 2374 6498 elia
2401 6445 2425 6498 in

1470 6537 1568 6602 patria,
1586 6551 1656 6604 quae
1674 6551 1721 6590 aas
1739 6537 1764 6588 in
1784 6535 1973 6590 resurrectione
1990 6539 2146 6586 remunerat

1542 6621 1644 6694 ⁸Vers.
1668 6625 1690 6678 1.
1709 6641 1784 6692 6666.

1541 6709 1644 6766 911616.
1667 6714 1708 6765 10.
1728 6719 1752 6766 61
1772 6715 1812 6766 11.
1832 6743 1868 6754 -
1886 6711 2010 6776 Sequitur
2031 6711 2056 6762 11.
2079 6709 2146 6760 Tim.
2168 6709 2197 6770 3,
2218 6709 2241 6760 6.

1542 6797 1564 6830 ¹⁰
1581 6801 1652 6854 Line.
1673 6803 1766 6854 11116
1787 6805 1848 6854 Luc,
1867 6815 1889 6852 c.
1915 6797 1952 6848 10.
1970 6813 1992 6848 6.
2006 6797 2050 6848 61.
2063 6797 2193 6848 Sententia
2207 6795 2339 6850 Ambrosii
2357 6799 2425 6852 exhi:

1470 6887 1553 6940 betur
1573 6887 1663 6940 verbis
1689 6891 1797 6944 Glossae
1823 6883 1981 6944 ordinariae
2006 6885 2034 6936 16
2060 6885 2123 6936 Luc.
2147 6883 2308 6950 l0‚7,ubi
2330 6887 2425 6956 proin
