5908 8266
828 621 890 674 Nlla
1208 531 1248 600 ih
1268 527 1563 596 uoulleNulnlos
1584 533 1614 596 S.
1638 531 1864 602 SCRIPTURAE
1962 631 1974 656 x
2183 619 2245 676 OCC
2463 531 2524 596 804

548 717 654 756 sitorum
676 703 752 758 initiis
770 707 902 772 insignivit
922 709 953 760 Vl
967 707 1017 760 545
1038 709 1054 758 4
1076 705 1137 760 Vitia
1156 719 1182 758 u.
1220 707 1324 758 rituales
1343 707 1409 758 44444
1427 707 1451 758 44
1472 705 1625 758 4444444404
1644 707 1748 758 animae
1760 705 1860 758 haben·
1897 709 2005 774 intnris3
2026 709 2167 760 4444044444
2178 711 2207 760 44
2220 707 2359 776 444444444
2370 709 2472 774 primae
2483 715 2535 762 sto-

548 791 762 848 Matrimonium.
1221 795 1252 848 tis
1269 795 1356 846 zelum
1373 793 1516 847 dilectionis
1537 789 1599 846 ibid.
1612 821 1645 832 -
1660 793 1684 844 ln
1696 793 1797 858 nuptiis
1808 795 1860 858 spi·
1897 795 1950 858 lae,
1976 795 2078 848 animae
2104 797 2214 862 scilicet;
2237 801 2263 848 et
2288 803 2484 850 consummatur
2507 797 2533 848 in

600 911 634 920 —
647 883 764 950 Quatuor
782 883 1044 948 generauuptiarum
1056 881 1089 934 Vl
1105 881 1182 934 5454
1221 883 1358 938 4444444444
1373 883 1501 938 convertit
1519 881 1646 936 Dominus
1666 893 1760 948 nquam
1780 883 1860 948 44444-
1897 883 2036 948 444444444
2053 881 2183 936 44444444
2202 883 2406 950 stolae‚scilicet
2417 885 2535 950 44444444

546 999 580 1012 ·-
590 973 618 1022 ln
628 971 725 1038 nuptiis
738 971 884 1024 carnalibus
893 977 933 1022 est
941 971 1086 1022 animarum
1099 971 1184 1036 inqui·
1222 983 1323 1024 marum
1345 973 1370 1024 in
1388 971 1482 1024 vinum
1499 971 1683 1024 consolationis
1700 967 1764 1022 thie.
1899 971 1929 1024 vt
1943 969 1994 1022 546
2007 971 2025 1022 7
2039 999 2073 1012 ·-
2086 971 2228 1024 invitamur
2244 973 2281 1024 ad
2297 975 2402 1036 nuptias
2420 973 2534 1038 gratiae,

548 1057 1184 1124 natio,nativitatisimmutatio,nuptiarnmincon·
1273 1085 1309 1098 -
1325 1061 1525 1112 sacramentales
1550 1059 1684 1124 signantur
1701 1071 1749 1124 per
1769 1059 1860 1110 Esther
1898 1063 1926 1110 ut
1938 1053 1993 1112 Deo
2009 1057 2157 1122 nubamus;
2174 1059 2208 1110 ad
2227 1061 2331 1124 nuptias
2350 1061 2535 1126 eucharistiae,

548 1147 814 1212 stantia‚inordinatiu
824 1147 957 1200 moechiae
968 1153 994 1200 et
1005 1145 1184 1212 impudicitiae
1223 1147 1254 1196 Vi
1273 1147 1324 1200 545
1345 1151 1416 1200 6-
1433 1147 1715 1214 Nuptialeconvivium
1730 1151 1767 1200 est
1782 1145 1860 1199 insu·
1899 1151 1927 1198 ut
1943 1145 1981 1198 ibi
1997 1135 2211 1214 disunmbainus3
2229 1149 2262 1200 ad
2289 1147 2394 1212 nuptias
2420 1147 2532 1212 gloriae,

548 1235 579 1288 40.
602 1235 671 1286 4-
689 1235 708 1286 h
729 1235 825 1298 nuptiis
845 1235 937 1298 culpae
954 1235 1184 1288 avocamuretad
1223 1235 1356 1298 saeptione
1373 1237 1605 1290 sacramentorum
1622 1235 1751 1290 Ecclesiae
1772 1241 1797 1288 et
1814 1235 1860 1286 do·
1898 1239 1926 1286 nl
1942 1235 1981 1286 ibi
1997 1247 2140 1298 regnemus
2159 1233 2191 1286 40.
2216 1235 2244 1286 40
2258 1235 2348 1286 —Ad
2360 1235 2465 1300 nuptias
2477 1249 2535 1298 gra·

548 1325 650 1388 nuptias
669 1323 828 1388 spirituales,
845 1325 1185 1388 sacramentales‚aeterna·
1223 1329 1406 1376 camentorum
1424 1337 1512 1378 444444
1533 1327 1680 1390 scripturae
1697 1325 1743 1376 Vll
1760 1325 1810 1376 364
1827 1325 1859 1376 46
1898 1325 1947 1376 4444
1967 1321 2088 1376 invitatur
2106 1323 2208 1386 anima,
2231 1327 2258 1376 ut
2284 1325 2337 1376 Deo
2360 1325 2535 1388 desponsetur

547 1413 582 1464 les
601 1411 744 1464 invitamur
761 1409 813 1462 546
831 1411 1001 1474 9-444444
1013 1415 1074 1464 4444
1085 1411 1185 1478 fugien-
1222 1443 1257 1450 -
1275 1415 1315 1466 Ad
1334 1415 1383 1464 hoc
1403 1415 1860 1478 conviviumvocanturomnesper
1897 1409 1959 1466 iota.
1977 1441 2011 1450 —-
2031 1412 2057 1463 ln
2075 1411 2174 1476 nuptiis
2192 1411 2292 1476 gratiae
2310 1413 2460 1466 cavendnm
2480 1419 2534 1476 444,

547 1499 611 1562 444,
629 1499 691 1566 4444
709 1497 807 1550 hahent
824 1499 851 1550 in
870 1499 1182 1566 principioignominiam
1223 1501 1335 1556 veritatis
1364 1501 1583 1566 praedicationem
1609 1499 1671 1556 iiia.
1697 1531 1733 1540 —-
1757 1501 1859 1556 invitati
1896 1513 1928 1552 ne
1946 1499 2034 1552 anima
2051 1499 2200 1552 inveniatur
2219 1499 2298 1564 digna
2320 1501 2430 1566 repudio
2457 1499 2534 1554 abne·

428 1603 429 1606 ¹
509 1665 510 1670 η
548 1591 572 1640 44
588 1587 618 1636 44
636 1587 687 1640 044
704 1601 818 1652 poenam
836 1585 897 1640 thid.
1222 1591 1380 1644 manducant
1408 1603 1455 1656 per
1483 1591 1632 1644 divinornm
1663 1589 1805 1644 verborum
1834 1595 1860 1644 et
1898 1589 1985 1656 gando
2003 1587 2121 1642 debitum
2138 1601 2184 1654 per
2197 1585 2400 1642 inobedientiam
2413 1595 2436 1640 et
2450 1589 2534 1654 ingre·

599 1701 635 1714 --
653 1679 682 1728 ln
698 1677 798 1740 nuptiis
815 1679 882 1742 ligni
901 1693 917 1732 a
935 1679 990 1732 Deo
1008 1679 1185 1734 communica·
1223 1681 1392 1744 mysticorum
1418 1679 1649 1744 perscrutationem
1669 1685 1693 1732 44
1710 1681 1860 1734 ruminatio·
1897 1679 1992 1734 diendo
2021 1683 2106 1734 torum
2133 1669 2245 1730 alienum
2273 1691 2318 1744 per
2344 1677 2534 1742 impudicitiam

548 1769 588 1816 444
609 1763 743 1816 beatitudo
761 1765 795 1820 Vl
815 1769 823 1818 l
848 1769 864 1820 4
877 1795 912 1808 -
925 1769 1031 1834 Nuptias
1044 1769 1113 1834 hgni
1125 1769 1185 1820 lecit
1222 1781 1283 1820 nam
1297 1765 1357 1820 iiia.
1370 1795 1406 1808 -
1419 1769 1517 1820 invitati
1531 1767 1627 1820 debent
1639 1769 1782 1834 intelligere
1792 1783 1860 1836 quae
1897 1767 1959 1824 iord.

548 1853 618 1904 Deus
635 1853 708 1906 Pater
727 1853 753 1906 in
771 1857 885 1910 thalamo
904 1859 969 1910 vileri
990 1859 1123 1922 virginalis
1139 1857 1184 1908 Vll
1222 1855 1441 1920 suscipientem
1474 1859 1503 1908 46
1524 1857 1603 1906 -ln
1626 1857 1713 1920 primo
1738 1859 1796 1910 loco
1823 1855 1860 1910 di·
1949 1859 2136 1910 Nurnrnenvun
2158 1885 2191 1898 -
2216 1857 2367 1910 lintrimenti
2394 1857 2534 1922 spiritualis

447 1933 448 1938 '
548 1943 599 1994 364
621 1941 651 1994 46
670 1945 799 1998 -lactae
811 1951 870 1998 sunt
881 1945 947 1998 inter
959 1945 1089 1998 Christum
1105 1951 1128 1996 et
1140 1945 1185 1994 Ec·
1226 1941 1339 1994 scnmbit
1366 1943 1413 2008 qui
1436 1943 1492 1996 aliis
1519 1945 1665 2006 4444444444
1682 1943 1739 1996 sive
1757 1943 1786 1996 in
1803 1947 1859 1996 om-
1898 1945 2067 1998 delectionem
2089 1945 2221 2010 patiuntur
2237 1947 2283 2012 444
2301 1961 2354 2000 444
2373 1945 2471 2000 habent
2488 1949 2535 1998 hn-

548 2029 1185 2098 444444444444444444447147044-04444
1223 2033 1261 2084 cio
1281 2031 1495 2094 4444444444,4444
1508 2029 1534 2082 44
1547 2031 1689 2096 privilegiis
1703 2031 1858 2094 sanctitatis,
1898 2045 1998 2084 morem
2018 2033 2116 2096 gratiae
2135 2033 2225 2100 44444
2243 2047 2274 2088 44
2291 2035 2427 2088 40444444
2445 2035 2535 2088 44444·

548 2119 651 2172 animae
670 2123 731 2172 sunt
749 2119 773 2170 in
791 2119 1003 2194 reconciliatione
1024 2117 1126 2170 animae
1151 2117 1185 2168 ad
1223 2119 1279 2170 sive
1298 2117 1321 2168 44
1343 2117 1492 2180 magisterio
1509 2117 1625 2170 veritatis
1637 2117 1698 2172 iiia.
1712 2119 1859 2172 -lnvilati
1898 2119 1992 2184 4444444
2009 2121 2121 2172 diversis
2141 2123 2356 2188 occupationibus
2373 2129 2401 2174 et
2417 2125 2463 2188 444
2481 2125 2535 2174 sui-

548 2207 645 2266 Deum,
666 2207 699 2258 ad
717 2219 783 2270 quas
804 2205 934 2258 iaciendas
957 2205 1030 2256 venit
1054 2203 1184 2266 Christus,
1223 2219 1273 2256 non
1295 2203 1389 2258 debent
1413 2219 1427 2256 a
1445 2219 1475 2258 se
1499 2203 1562 2268 ipsis
1587 2205 1762 2258 conscendere
1788 2203 1859 2270 thia,
1899 2209 2017 2258 locantur
2036 2221 2051 2258 4
2069 2207 2139 2258 coris
2158 2209 2235 2260 huius
2252 2213 2349 2264 saeculi
2366 2217 2394 2262 et
2417 2209 2535 2264 sollicitu-

549 2293 594 2346 sed
614 2293 738 2346 invitatus
755 2291 803 2348 474
828 2293 861 2344 43
1194 2305 1196 2310 ·
1228 2293 1257 2346 47
1277 2321 1311 2330 -
1328 2291 1546 2346 Recumbendum
1565 2298 1606 2346 est
1625 2293 1652 2346 in
1676 2293 1767 2346 ultimo
1793 2295 1860 2356 lucu,
1899 2285 2003 2346 dinibns
2029 2297 2060 2346 Vi
2088 2295 2139 2346 553
2159 2297 2173 2346 6
2192 2323 2228 2334 ·-
2245 2297 2331 2350 Homo
2349 2297 2427 2350 habet
2452 2297 2535 2350 nutri·

582 2379 712 2432 —Canae
725 2383 806 2434 iactae
817 2385 969 2444 sunlprope
980 2381 1084 2444 Pascha,
1096 2381 1137 2434 vel
1148 2395 1185 2432 se·
1224 2381 1405 2448 postponendo
1424 2395 1450 2434 se
1470 2379 1593 2434 omnibns
1610 2379 1644 2434 46.
1665 2381 1712 2446 49,
1726 2375 1758 2434 46
1773 2381 1860 2434 -Ad
1900 2387 2014 2434 mentum
2041 2381 2174 2434 doctrinae
2198 2387 2225 2434 et
2248 2383 2349 2446 gratiae
2371 2395 2419 2446 per
2447 2383 2535 2436 mode·

549 2469 666 2522 cundum
679 2467 778 2534 aliquos
792 2469 818 2520 in
827 2467 872 2522 die
880 2469 1042 2536 Epiphaniae
1052 2469 1083 2522 Vl
1095 2469 1139 2522 474
1151 2469 1185 2522 44
1224 2473 1269 2522 has
1292 2471 1396 2534 4444444
1415 2471 1487 2522 44444
1510 2469 1627 2522 Christus
1646 2483 1693 2536 per
1718 2471 1860 2534 inspiratio·
1898 2471 1974 2524 stiam
1992 2471 2155 2534 paupertatis
2172 2473 2198 2522 44
2220 2471 2400 2536 eleemosynae
2422 2469 2534 2536 largitio·

601 2585 637 2596 ·-
655 2555 802 2624 spirituales
824 2563 885 2610 44444
909 2555 954 2610 Dei
985 2557 1135 2612 4444444444
1161 2563 1187 2612 44
1224 2565 1482 2624 nem,per1norte1n
1499 2563 1526 2612 et
1548 2559 1621 2612 444444
1640 2555 1855 2612 exornabantur
1899 2573 1960 2612 nem
1979 2557 2064 2610 5547

550 2651 659 2714 4444444
684 2647 789 2714 intelligi
813 2647 999 2702 convenienter
1016 2663 1064 2712 per
1081 2649 1186 2714 nuptias
1276 2677 1311 2690 -
1335 2649 1489 2714 Nuptiarum
1515 2647 1683 2702 aeternalium
1712 2647 1862 2702 solemnitas
1950 2677 1986 2686 —-
2003 2645 2129 2700 Nutritiva
2150 2661 2217 2712 opus
2234 2647 2313 2700 habet
2332 2647 2459 2714 regimine
2476 2661 2535 2714 pru·

551 2739 629 2790 lactas
647 2735 674 2788 in
692 2735 760 2790 Cana
779 2737 906 2792 Galilaeae
926 2737 956 2790 Vl
979 2735 1030 2790 545
1050 2739 1065 2790 5
1082 2739 1187 2804 -spi
1224 2739 1337 2792 initiatur
1356 2741 1382 2792 in
1401 2741 1531 2806 praesenti
1550 2739 1575 2792 in
1595 2737 1862 2802 iustisperspemde
1898 2735 2030 2790 videmiae
2047 2735 2154 2788 divinae
2171 2735 2215 2788 Vll
2234 2735 2286 2788 340
2304 2735 2340 2788 38
2371 2727 2378 2756 ³⁶

1510 3035 1557 3144 O

443 3379 447 3390 ·
506 3413 507 3416 Ἰ
602 3351 747 3404 0444444444
764 3353 948 3406 -4444044
967 3367 1020 3406 4444
1040 3359 1186 3418 apponente
1278 3383 1312 3394 -
1331 3355 1484 3408 divinornm
1495 3357 1678 3408 inundaturum
1695 3355 1863 3422 commende·
1882 3417 1883 3420 ,
1900 3359 1997 3422 natanto
2017 3355 2094 3408 detur
2111 3351 2371 3420 thia-Copiostns
2391 3357 2471 3410 donat
2488 3355 2536 3422 qni

551 3439 660 3506 gratiam
680 3437 713 3492 ob
726 3447 813 3494 nostra
826 3441 918 3494 merita
931 3441 963 3492 74
985 3443 1036 3494 384
1056 3441 1089 3494 55
1109 3471 1140 3480 -
1162 3443 1186 3494 44
1226 3447 1266 3494 444
1288 3443 1318 3492 Vl
1340 3443 1371 3494 44
1391 3457 1419 3494 4.
1439 3441 1520 3494 47-
1533 3443 1617 3494 llomo
1631 3443 1711 3494 debet
1724 3449 1862 3508 promptus
1900 3443 1992 3494 maiori
2010 3443 2091 3494 eorde
2109 3443 2189 3494 44444
2208 3441 2241 3496 rh.
2263 3445 2279 3496 4

549 3529 681 3596 praesenti
698 3533 738 3582 444
760 3531 867 3596 signum
890 3529 1066 3594 despectionis
1085 3531 1130 3582 Dei
1150 3545 1187 3582 se
1226 3545 1282 3584 esse
1292 3529 1325 3582 ad
1336 3529 1510 3584 obedientiam
1522 3529 1674 3586 iaia-Au
1684 3531 1862 3584 obedientiam
1952 3531 2088 3584 0444444444
2111 3557 2145 3568 -
2173 3529 2276 3596 Omnia,
2302 3545 2370 3598 4444
2390 3529 2535 3596 habemus,

549 3619 665 3672 cundum
685 3617 895 3684 reprobationem
922 3623 1053 3672 aeternam
1070 3619 1106 3672 59
1124 3633 1150 3686 q.
1172 3621 1185 3672 4
1224 3617 1353 3674 illuminat
1369 3620 1517 3684 4444444444
1544 3617 1635 3672 Christi
1655 3633 1682 3672 se
1701 3617 1862 3672 subiicientis
1899 3619 1954 3672 sine
1973 3615 2130 3684 obligatione
2150 3617 2248 3684 peccati
2268 3621 2322 3672 Deo
2345 3619 2472 3672 debemus
2489 3617 2534 3670 Vll

550 3707 634 3760 -Ad
647 3705 848 3762 obdurationem
863 3709 1051 3762 concomitatur
1061 3707 1184 3774 superbia
1225 3709 1288 3772 Legi
1307 3709 1358 3760 304
1377 3707 1411 3760 83
1430 3707 1662 3776 (84)-44444444
1676 3707 1816 3774 4444444444
1837 3707 1861 3758 44
1901 3707 1950 3760 485
1973 3695 2004 3758 73
2020 3735 2059 3778 ¹-
2079 3707 2239 3760 desnntenda
2269 3713 2307 3760 est
2336 3723 2364 3760 44
2393 3707 2536 3776 4444444444

550 3797 591 3848 lili
612 3797 664 3848 450
683 3797 697 3848 4
715 3797 889 3850 -0444444444
909 3811 959 3848 444
979 3797 1068 3850 timent
1086 3797 1185 3860 Deum,
1225 3795 1447 3860 praedicatoribus
1466 3797 1586 3860 exemplo
1605 3795 1697 3850 Christi
1718 3797 1861 3848 etSancto·
1899 3783 2088 3850 beneflcioinm
2105 3797 2256 3848 collaturum
2277 3795 2337 3850 40444.

549 3885 595 3938 sed
614 3887 701 3950 potius
719 3891 889 3938 contemnunt
908 3885 957 3938 449
980 3887 1049 3938 4-
1066 3885 1185 3938 Obdura-
1224 3899 1283 3936 rum
1294 3883 1399 3938 Vll397
1415 3883 1861 3950 ae-Curistunsequidehemus
1951 3883 2088 3944 0444444444
2105 3911 2141 3924 ·-
2159 3883 2277 3950 pluribus
2295 3885 2381 3938 modis
2399 3893 2436 3938 est
2454 3899 2534 3952 quarn

445 3999 447 4002 ·
548 3973 612 4028 tioni
633 3973 801 4040 coniungitur
821 3975 936 4032 desertio
959 3977 1010 4028 357
1029 3975 1064 4028 75
1085 4003 1118 4012 -
1135 3973 1186 4026 Ob·
1224 3987 1270 4038 per
1290 3969 1465 4028 obedientiam
1493 3975 1517 4026 in
1542 3975 1632 4028 ellectu
1663 3973 1695 4026 Vl
1716 3973 1767 4026 584
1793 3975 1806 4024 4
1828 4001 1862 4010 -
1898 3973 1977 4040 dirigi
1994 3973 2039 4026 Vll
2057 3973 2109 4028 379
2130 3973 2163 4024 64

547 4061 691 4116 durationis
701 4077 822 4118 summae
841 4070 879 4116 est
891 4063 1077 4128 benignitatem
1092 4063 1185 4118 Christi
1224 4061 1341 4116 Christus
1359 4061 1543 4116 obedientibus
1560 4067 1671 4128 apparet
1686 4061 1715 4112 in
1740 4061 1784 4112 via
1802 4059 1867 4114 obe?
1951 4061 2052 4114 0444444
2070 4091 2106 4100 -
2124 4067 2164 4114 444
2187 4061 2293 4128 signum
2319 4067 2484 4128 contemptus
2510 4067 2535 4114 et

548 4165 670 4204 recusare
689 4149 722 4202 io.
738 4149 771 4204 74
786 4153 862 4204 -ln
876 4151 1051 4204 obduratione
1068 4151 1185 4204 Christus
1224 4151 1334 4204 dientiae
1353 4151 1405 4202 643
1425 4165 1449 4202 v.
1468 4151 1478 4202 i
1499 4177 1537 4190 -
1553 4151 1602 4202 Per
1619 4147 1862 4202 obedientiamcol·
1899 4151 2091 4216 ingratitudinis
2108 4151 2142 4202 Vl
2162 4151 2193 4202 78
2215 4165 2238 4202 4.
2261 4151 2293 4204 45
2319 4179 2347 4190 -
2363 4151 2480 4204 plurium
2496 4165 2535 4202 re·

547 4239 678 4304 lapidatur
696 4239 749 4292 404
766 4241 801 4292 63
1223 4241 1321 4292 iocatur
1342 4241 1421 4290 horno
1448 4237 1476 4290 in
1502 4243 1593 4290 monte
1610 4235 1712 4290 Christo
1739 4243 1765 4290 et
1784 4237 1861 4290 bene-
1898 4255 1957 4292 rum
1985 4247 2025 4294 est
2042 4239 2141 4292 oblivio
2168 4253 2247 4306 quiem
2269 4241 2396 4294 memoria
2420 4241 2453 4292 47
2473 4255 2499 4306 q.
2521 4239 2535 4292 4

600 4325 753 4380 0444444444
769 4335 859 4382 -est
869 4327 1031 4382 nobilissima
1044 4343 1106 4394 pars
1117 4329 1185 4382 iusti·
1223 4325 1316 4380 dicitnr
1346 4325 1485 4380 aChristo
1512 4331 1539 4378 et
1561 4325 1679 4378 ascendit
1708 4327 1732 4378 io
1759 4325 1861 4380 caelum
1898 4359 1933 4372 ·-
1952 4331 2044 4382 Omnia
2062 4329 2199 4382 traduntur
2216 4327 2341 4382 oblivioni
2360 4331 2392 4382 46
2412 4345 2438 4382 v.
2459 4331 2484 4382 ll
2500 4355 2536 4368 —

547 4417 597 4470 tiae
616 4417 660 4472 Vll
680 4415 730 4468 436
749 4417 783 4470 34
801 4447 836 4456 κ-
851 4421 933 4472 Homo
944 4417 1017 4472 audit
1037 4417 1184 4472 obediendo
1224 4415 1264 4468 Vll
1287 4415 1336 4466 663
1354 4415 1386 4466 53
1400 4443 1434 4454 -
1447 4421 1487 4466 est
1506 4415 1583 4482 44444
1604 4415 1685 4478 44444,
1708 4427 1755 4478 444
1780 4427 1872 4494 quam.
1899 4421 2016 4484 Tempus
2040 4417 2139 4470 inducit
2157 4415 2319 4472 oblivionem
2339 4415 2400 4472 tola.

547 4505 579 4556 Vl
593 4505 713 4556 44447
729 4533 760 4544 -·-
775 4521 837 4558 vera
851 4513 888 4560 444
903 4507 961 4572 4444,
980 4509 1005 4558 44
1025 4489 1077 4574 444
1097 4507 1184 4558 omnin
1223 4503 1367 4556 ascendunt
1388 4503 1482 4568 Angeli
1499 4503 1536 4556 ad
1555 4503 1608 4556 Deo
1634 4501 1808 4556 assistendum
1836 4505 1860 4554 ot
1949 4505 2147 4558 -verborum
2165 4505 2212 4558 Dei
2237 4513 2314 4562 44444
2342 4507 2374 4558 Vl
2396 4505 2445 4560 455
2466 4505 2480 4556 4
2498 4533 2537 4546 -

548 4595 687 4658 implentur
704 4595 825 4648 mandata
847 4596 888 4650 Vll
903 4595 952 4646 lau
968 4595 1184 4648 ul—'ohedien-
1223 4591 1383 4644 descendunt
1396 4589 1429 4642 ad
1447 4589 1524 4644 nobis
1538 4589 1736 4644 ministrandum
1756 4593 1790 4644 Vl
1808 4589 1859 4644 til
1897 4595 2274 4648 Obliviosinndiunlverbum
2286 4595 2535 4662 Domini‚sedsulit

548 4679 727 4736 tes'vnandete
747 4683 853 4736 Domini
876 4685 1014 4748 perliciunt
1033 4685 1065 4737 Vl
1091 4685 1140 4736 539
1169 4685 1182 4736 8
1223 4695 1248 4732 v.
1268 4681 1302 4732 40
1863 4679 1865 4682 ’
1898 4685 2063 4746 infructuosi,
2084 4681 2217 4750 quianon
2236 4685 2409 4736 retinentVll
2431 4683 2481 4734 tal
2501 4685 2534 4734 48

548 4799 581 4808 -
611 4771 679 4824 Vere
704 4767 853 4826 obedientis
874 4777 914 4826 est
936 4773 1044 4826 credere
1065 4771 1183 4836 fideliter,
1274 4795 1309 4808 -
1337 4769 1452 4820 Praelato
1481 4755 1586 4820 iniusto
1601 4771 1639 4820 est
1666 4765 1859 4832 obediendum,
1949 4771 2097 4824 0444444444
2112 4799 2151 4810 -
2168 4769 2336 4824 obsecrantis
2348 4777 2387 4824 est
2405 4785 2433 4824 se
2453 4771 2535 4824 humi·

548 4859 689 4924 intelligere
714 4859 840 4912 vivaciter
860 4865 883 4914 et
910 4861 1017 4926 implere
1046 4861 1184 4914 efficaciter
1223 4857 1349 4924 44444444
1367 4861 1523 4922 potestatem
1537 4855 1615 4910 naha
1632 4859 1716 4910 4044
1731 4857 1766 4908 Vl
1787 4859 1818 4908 84
1834 4871 1860 4924 4.
1896 4861 1959 4913 44444
1976 4865 2001 4910 44
2020 4859 2135 4912 44444444
2154 4859 2196 4910 vu
2217 4859 2268 4912 440
2286 4859 2320 4912 73

548 4949 591 5000 Vll
618 4947 669 5000 464
693 4949 744 5000 406
763 4977 799 4988 -
817 4949 909 5002 Modus
927 4949 1067 5002 obediendi
1087 4949 1184 5002 divinis
1222 4945 1323 5012 -Qui
1346 4951 1383 5000 est
1409 4945 1577 5000 4044444444
1598 4959 1678 5010 opere
1699 4943 1779 5000 debet
1802 4959 1860 5000 esse
1949 4949 2124 5002 0444444444
2147 4957 2178 4984 -’-
2198 4949 2252 5000 Nun
2276 4955 2337 5002 sunt
2358 4949 2535 5014 imponendae
2586 4979 2592 4992 ·

548 5037 695 5102 praeceptis
714 5041 766 5102 444,
788 5043 815 5090 44
833 5039 867 5090 444
883 5039 1007 5090 sedulitas
1021 5039 1047 5090 in
1065 5039 1183 5102 44444444
1222 5033 1326 5090 humilis
1346 5037 1370 5088 44
1390 5035 1553 5100 reputatione
1571 5035 1614 5088 Vll
1635 5035 1684 5088 433
1706 5035 1734 5088 44
1896 5051 1981 5090 novae
1990 5035 2172 5090 observantiae
2184 5039 2367 5090 convenientes
2378 5051 2463 5090 novae
2475 5051 2535 5090 con·

548 5123 666 5188 virtutis,
683 5129 848 5190 profunditas
861 5129 886 5180 in
899 5129 1056 5192 hvtniilitate,
1074 5127 1184 5180 44444444
1277 5153 1308 5162 —-
1327 5127 1376 5178 Per
1394 5123 1686 5190 4444444444444444444
1708 5123 1860 5176 obedientes
1897 5125 2051 5188 versationi,
2073 5123 2201 5192 quamdiu
2223 5127 2302 5180 homo
2321 5139 2372 5178 non
2393 5129 2430 5178 est
2453 5125 2535 5190 priori

549 5213 572 5264 in
591 5213 697 5268 caritate
716 5213 749 5268 t'b.
769 5217 819 5270 407
895 5213 896 5216 ’
1223 5213 1255 5266 vl
1276 5213 1325 5266 539
1348 5217 1411 5266 8-
1423 5213 1517 5268 dicitnr
1536 5219 1638 5266 sculum
1657 5213 1790 5278 spirituale
1807 5213 1858 5266 446
1898 5219 1989 5268 exutus
2008 5215 2050 5266 Vll
2072 5213 2121 5266 433
2144 5213 2175 5266 83
2195 5241 2230 5254 -
2249 5215 2397 5282 spirituales
2409 5227 2462 5266 non
2475 5219 2535 5268 4444

602 5303 798 5358 -Conversio
824 5307 925 5370 444444
951 5305 1128 5360 obedientiam
1152 5307 1184 5360 Vl
1223 5319 1247 5356 v.
1268 5305 1297 5356 44
1320 5333 1356 5342 -
1373 5303 1535 5368 significatur
1552 5303 1755 5368 perauriculam
1776 5305 1860 5358 dexte·
1896 5303 2071 5370 imponendae
2091 5301 2238 5355 carnalibus
2259 5303 2308 5356 434
2330 5303 2358 5354 84
2381 5331 2416 5342 --
2434 5303 2535 5368 regula-

549 5387 600 5440 583
620 5387 653 5438 40
673 5417 706 5426 -—
725 5389 796 5444 Deus
812 5391 980 5456 cognoscitur
997 5405 1046 5456 per
1062 5393 1184 5446 obedien·
1223 5397 1279 5444 ram
1298 5393 1350 5444 480
1370 5393 1403 5444 48
1418 5421 1454 5430 —-
1471 5393 1518 5444 Per
1532 5393 1657 5444 Marthem
1670 5393 1858 5444 ministrantem
1896 5393 1931 5448 ris
1950 5393 2110 5456 significatur
2129 5405 2176 5456 per
2197 5393 2285 5446 ionem
2304 5387 2338 5446 Vi
2358 5391 2445 5444 5983

548 5475 610 5528 tiam
637 5475 712 5542 quasi
738 5489 786 5540 per
809 5477 966 5546 obseouium
992 5479 1044 5532 604
1062 5481 1122 5546 3,4
1151 5509 1184 5518 -
1223 5481 1401 5546 intelliguntur
1413 5479 1563 5534 obedientes
1585 5481 1629 5534 504
1655 5497 1680 5534 v.
1700 5481 1860 5534 43-4444-
1949 5483 2118 5534 0444444444
2136 5507 2171 5520 -
2188 5495 2239 5534 444
2255 5481 2469 5546 promouendo,
2486 5479 2534 5534 sed

548 5563 720 5630 1444444444,
746 5567 808 5632 4444
837 5567 905 5620 bona
934 5567 967 5618 44
993 5583 1018 5618 v.
1041 5567 1071 5620 47
1093 5597 1126 5606 -
1145 5575 1185 5622 est
1223 5575 1316 5634 gnatnr
1335 5569 1361 5620 in
1379 5555 1561 5622 calceamentis
1583 5571 1623 5624 Vll
1645 5567 1695 5622 397
1715 5571 1746 5620 38
1896 5575 2003 5636 propter
2013 5569 2218 5624 misericordiam
2227 5573 2377 5624 4444444444
2387 5569 2533 5636 praemium

548 5653 660 5706 maxime
674 5653 781 5720 4444444,
794 5655 900 5720 444444
920 5655 946 5706 04
958 5669 990 5708 ex
1002 5657 1097 5708 allecto
1115 5657 1183 5710 tilieli
1275 5657 1431 5710 0444444444
1448 5687 1485 5696 -
1502 5657 1601 5710 debant
1623 5657 1656 5710 ad
1683 5657 1858 5710 reverentiam
1898 5657 1929 5710 vl
1951 5659 1998 5708 446
2020 5673 2047 5712 v.
2067 5659 2094 5710 44

550 5743 590 5794 Vll
613 5741 663 5792 397
683 5743 715 5794 38
737 5771 768 5780 -
790 5743 864 5794 Stulti
887 5757 939 5796 444
965 5749 1056 5796 444444
1074 5743 1184 5798 obedire
1222 5745 1305 5798 cultus
1316 5745 1413 5810 divini,
1430 5749 1539 5808 propter
1549 5745 1740 5810 indulgentiam
1760 5745 1858 5810 peceati
1949 5745 2098 5798 0444444444
2115 5773 2154 5786 ·-
2170 5753 2211 5798 est
2228 5747 2339 5800 caecitas
2359 5747 2393 5798 vl
2411 5747 2463 5798 579
2481 5749 2497 5798 4

548 5831 581 5886 Vl
602 5831 634 5884 44
662 5845 689 5882 v.
715 5829 747 5882 47
765 5831 848 5882 -ln
871 5831 925 5882 044
949 5837 1039 5884 manet
1061 5833 1110 5898 444
1133 5833 1183 5898 4444
1223 5837 1246 5884 44
1264 5845 1312 5894 pro
1332 5831 1650 5898 gratiarumactionellll
1669 5831 1859 5884 5404-444-
1950 5833 2136 5888 0444444444
2155 5861 2188 5874 -
2208 5835 2256 5900 Qui
2276 5835 2377 5888 Christo
2402 5833 2534 5900 obtempe-

548 5921 636 5976 obedit
660 5919 711 5972 604
731 5933 756 5972 4.
776 5921 792 5972 4
815 5949 852 5958 -
873 5921 996 5972 Peccator
1024 5933 1133 5972 rnanens
1159 5921 1183 5972 in
1223 5917 1285 5972 bant
1301 5919 1327 5970 in
1348 5920 1536 5984 gazophylacio
1554 5919 1588 5970 Vl
1608 5919 1692 5970 4570
1897 5925 1935 5972 444
1955 5921 2040 5984 444444
2058 5935 2110 5972 444
2131 5927 2217 5986 potest
2234 5921 2279 5976 Vll
2299 5923 2349 5974 480
2369 5923 2403 5976 48

548 6011 627 6064 domo
645 6009 810 6064 obedientiae
827 6023 879 6062 non
895 6005 975 6062 debet
992 6007 1083 6060 timere
1103 6007 1182 6062 5864
1274 6007 1420 6070 -triplex
1446 6005 1540 6058 Christi
1567 6005 1859 6058 invitatadhnmilita·
1950 6007 2054 6058 Occasu
2075 6035 2109 6044 -
2127 6009 2214 6060 Homo
2231 6009 2311 6062 dehet
2330 6023 2423 6062 cavere
2442 6025 2457 6062 e
2475 6025 2534 6074 pec·

548 6127 582 6138 -·
601 6099 627 6152 Ei
647 6101 693 6168 qni
721 6097 823 6160 obedit,
853 6097 936 6150 nullus
964 6095 1087 6150 dominus
1115 6097 1184 6150 valet
1222 6101 1287 6162 tem,
1305 6097 1486 6158 paupertatem
1498 6099 1526 6146 et
1538 6093 1661 6158 pietatem
1674 6093 1719 6146 Vll
1731 6093 1765 6144 57
1779 6093 1811 6144 54
1825 6119 1860 6132 -··
1897 6095 1946 6146 eati
1974 6093 2110 6146 occasione
2133 6095 2165 6146 Vl
2195 6095 2239 6146 594
2274 6111 2299 6146 v.
2330 6097 2360 6148 43
2381 6095 2534 6148 -Diaboli

548 6187 726 6242 contradicere
743 6189 787 6242 Vll
807 6185 858 6240 490
877 6185 912 6238 50
1221 6185 1247 6236 44
1265 6183 1398 6236 oblatione
1417 6183 1518 6236 Domini
1538 6189 1652 6248 quatuor
1669 6195 1798 6246 personae
1817 6181 1860 6234 ad·
1898 6183 2054 6236 munitiones
2072 6187 2133 6236 sunt
2150 6187 2316 6248 peccatorum
2337 6185 2487 6238 occasiones
2499 6185 2532 6238 78
2587 6193 2589 6218 l

601 6275 816 6330 -Obedientiae
830 6279 930 6330 4444444
947 6281 987 6328 444
1003 6275 1113 6328 victoria
1131 6279 1183 6326 ten·
1222 6277 1325 6326 luerunt
1344 6277 1368 6326 et
1387 6271 1535 6338 significant
1556 6277 1670 6338 4444444
1691 6271 1801 6324 44444444
1826 6269 1860 6322 64
1897 6285 1923 6324 v.
1944 6269 1977 6322 45
1994 6297 2031 6310 -
2048 6269 2160 6336 Lapides
2177 6271 2327 6326 offensionis
2345 6277 2406 6326 suni
2422 6275 2535 6326 occasio-

548 6363 675 6416 tationum
688 6365 798 6418 Vilius
818 6363 1183 6416 tuemurmetcontraten-
1223 6363 1254 6414 89
1277 6389 1305 6400 -
1325 6373 1474 6426 pauperum
1492 6359 1520 6410 in
1543 6359 1723 6422 purificatione
1740 6365 1860 6422 4444444
1898 6371 1944 6410 nes
1963 6359 2061 6424 peccati
2091 6359 2118 6410 34
2153 6373 2176 6410 v.
2198 6359 2268 6410 8-
2285 6359 2326 6412 hb
2353 6359 2534 6412 occasionibus

549 6451 672 6504 tationem
690 6453 843 6506 exteriorem
860 6457 885 6506 et
899 6453 1050 6506 interiorem
1067 6449 1130 6506 ibid·
1148 6481 1183 6490 -
1222 6455 1352 6504 turturum
1370 6449 1482 6500 444444
1493 6447 1557 6512 pulli
1571 6445 1753 6500 columbarum
1775 6447 1806 6500 56
1827 6445 1860 6498 54
1898 6447 1996 6512 4444444
2011 6447 2087 6512 pauci
2099 6445 2256 6516 liberantur,
2275 6449 2324 6500 nisi
2336 6447 2382 6514 444
2396 6461 2410 6500 4
2422 6447 2533 6500 Domino

489 6525 491 6530 ’
549 6539 717 6594 obedientiae
742 6543 922 6608 promptitudo
943 6541 1005 6596 lacit
1023 6541 1131 6596 idoneos
1150 6541 1187 6594 ad·
1276 6535 1607 6600 -viduaepauperculae
1625 6537 1673 6588 snit
1687 6535 1859 6600 Deoaccepta
1898 6535 2081 6590 custodiuntur
2099 6537 2135 6588 34
2152 6551 2178 6590 v.
2198 6537 2402 6590 8-Secnritas
2418 6539 2534 6590 4444444-

534 6629 735 6680 transeundum
748 6643 780 6682 ex
792 6633 843 6682 hoc
855 6631 954 6684 mundo
968 6629 999 6684 ad
1016 6631 1118 6684 Patrem
1131 6629 1183 6682 397
1223 6629 1265 6682 Vll
1286 6627 1330 6680 544
1356 6627 1371 6678 3
1389 6653 1425 6662 ·-
1443 6637 1592 6690 pauperum
1616 6629 1861 6690 quantumcumque
1898 6629 1984 6678 torum
2003 6625 2107 6680 occasio
2125 6629 2292 6690 peccatorum
2312 6627 2346 6678 74
2364 6639 2392 6678 v.
2411 6627 2425 6676 3

550 6717 581 6768 38
601 6743 635 6754 -
655 6713 786 6770 obediens
808 6725 922 6772 meretur
945 6719 1065 6784 accipere
1089 6731 1185 6772 merce·
1223 6729 1320 6782 parvae
1349 6715 1403 6766 Deo
1430 6717 1491 6764 sunt
1519 6717 1641 6776 acceptae
1668 6707 1730 6764 iiia.
1747 6739 1784 6752 -
1804 6713 1860 6764 Nun
1908 6723 1909 6728 ¹
1942 6711 2533 6766 Occlusae—innocentemnullomodobene

549 6803 611 6858 dem
628 6803 663 6856 Vl
681 6803 767 6856 5398
974 6793 975 6798 ’
1223 6803 1362 6872 perpendit
1378 6803 1464 6866 DenS‚
1482 6805 1609 6866 quantum
1631 6801 1752 6866 offertur,
1772 6797 1860 6854 sedes
1902 6805 1986 6866 potest
1997 6801 2054 6854 lieri
2066 6803 2100 6856 Vl
2115 6801 2166 6854 409
2179 6797 2215 6854 75
2233 6799 2295 6856 Vale
2308 6815 2334 6856 u.
2345 6799 2533 6856 Homicidiam.

655 6909 686 6966 S.
703 6911 808 6968 Bonan.
817 6941 856 6954 ·-
868 6915 945 6968 Tum.
958 6915 1013 6968 Vll.
2376 6909 2420 6962 404
