5900 8266
490 553 556 622 981

361 727 578 812 6666661161
605 725 664 792 mei
689 723 794 792 66116»
818 729 877 792 etc.
893 763 939 774 -·
953 723 999 790 Ad
1021 723 1118 792 istum
1140 723 1277 792 amicum
1301 727 1447 794 eundum

362 801 468 898 §iiiiii
488 843 534 904 661
557 839 666 910 66616,
690 831 721 898 id
746 839 793 898 est
809 837 970 898 nocturno
986 829 1133 910 61166116,
1158 831 1241 898 61661
1262 831 1449 900 Nicodamus

488 939 590 1016 venit,
616 937 652 1004 de
676 955 740 1024 quo
761 937 884 1004 loannis
916 937 1034 1004 tertio¹
1057 935 1188 1016 dicitur,
1220 937 1305 1022 quod
1332 961 1350 994 v
1367 937 1450 1004 venit

488 1043 526 1110 al
551 1045 650 1108 lesum
676 1049 765 1110 nocte
781 1069 798 1100 a
826 1041 977 1126 primum,
1001 1043 1076 1126 quia
1092 1043 1124 1108 iu
1148 1047 1268 1108 secreto
1293 1041 1449 1108 66611661-

489 1149 582 1216 lentio
618 1155 749 1232 661666
783 1147 954 1216 orationem
992 1149 1184 1234 6616661166,
1215 1143 1388 1216 secuudum
1413 1147 1449 1212 11-

489 1253 543 1320 lud
566 1253 660 1320 Isaiae
684 1253 833 1340 vigesimo
862 1261 969 1322 sexto:
1000 1255 1140 1320 «Anima
1167 1273 1237 1322 mea
1262 1253 1449 1322 desideravit

487 1369 518 1426 te
541 1359 573 1426 16
597 1367 738 1440 66616»,
760 1367 792 1426 61
808 1361 1007 1426 Threuorum
1032 1357 1184 1426 secundo:
1214 1359 1401 1444 «consurge
1418 1359 1448 1426 iu

488 1471 592 1544 nocte,
618 1465 648 1530 16
675 1465 827 1550 661661616
851 1465 1049 1550 vigiliarum3
1072 1465 1197 1532 effunde
1221 1465 1304 1532 61661
1332 1483 1448 1552 aquam

488 1587 542 1636 cor
567 1577 656 1636 tuum
677 1597 691 1630 a
711 1575 769 1636 etc.
788 1569 841 1636 Vel
864 1569 899 1636 16
918 1579 1024 1648 66616,
1049 1569 1080 1636 id
1097 1577 1143 1636 est
1167 1571 1203 1636 16
1220 1569 1446 1648 tribulatione,

488 1675 660 1744 secundum
686 1675 866 1744 1116610666
896 1675 1028 1766 seuto2:
1059 1677 1128 1742 «ln
1158 1675 1360 1742 tribulatione
1390 1693 1448 1742 sua

487 1799 577 1848 mane
601 1789 792 1866 consurgent
808 1781 846 1846 ad
864 1799 912 1848 me
929 1807 963 1860 »3
989 1787 1019 1848 et
1035 1781 1067 1846 in
1084 1781 1219 1846 Psalmo:
1243 1783 1383 1848 olnvooa
1398 1799 1448 1848 me

322 1903 416 1968 6666,
433 1903 468 1968 qur
488 1889 519 1954 in
542 1887 591 1954 die
617 1887 840 1968 tribulationis,
866 1895 897 1956 et
917 1907 1026 1954 eruam
1045 1897 1107 1954 16»
1136 1895 1254 1954 616-
1277 1915 1294 1948 6
1310 1889 1449 1956 Amicus

322 1959 466 2034 *⁰⁰¹²⁶⁰*³²'
487 2000 609 2076 autem,
633 1993 693 2080 661
713 1993 803 2060 66611
824 1995 864 2060 de
885 1993 1101 2072 admouimus
1124 1999 1230 2060 noster
1253 2001 1315 2074 661,
1340 2011 1448 2062 secun·

487 2099 563 2166 dum
586 2101 671 2184 quod
694 2099 810 2166 dicitur
825 2099 859 2166 in
881 2099 1023 2178 Glossor,
1041 2099 1111 2184 qui,
1128 2101 1251 2184 6661166
1266 2101 1306 2166 ad
1328 2107 1448 2186 tempo-

488 2205 566 2272 ralia
587 2207 720 2290 petenda
744 2215 890 2290 vagatur,
917 2207 1007 2272 toties
1025 2225 1045 2272 a
1067 2205 1156 2272 nobis
1181 2207 1344 2274 recedit».
1363 2209 1447 2276 llunc

487 2311 624 2380 amioum
648 2313 772 2398 evagari
797 2311 871 2380 lacit
889 2311 1067 2394 delectatio,
1091 2313 1146 2382 sed
1171 2313 1293 2382 reducit
1316 2315 1448 2382 tribula-

488 2419 545 2500 tio,
569 2421 743 2490 secundom
759 2422 843 2508 quod
868 2421 984 2490 dicitur
1001 2421 1039 2488 de
1064 2423 1127 2488 lilio
1142 2423 1273 2508 prodigo
1298 2423 1447 2490 16166616-

487 2529 567 2596 cimo
590 2527 700 2614 661616
715 2529 741 2608 4,
770 2529 826 2614 661
859 2537 988 2614 propter
1020 2529 1183 2596 luxuriam
1214 2529 1362 2608 recessit,
1393 2529 1447 2596 sed

487 2641 616 2722 propter
638 2635 771 2702 inediam
805 2634 905 2702 rediit.
938 2635 1023 2702 Unde
1059 2633 1138 2702 Osee
1169 2635 1323 2702 secundo:
1353 2661 1369 2694 «
1385 2635 1447 2722 Ego

487 2743 603 2826 sepiam
628 2743 819 2828 6166616666
843 2741 942 2826 spinis
964 2749 996 2808 et
1018 2741 1135 2826 sepiant
1160 2761 1229 2808 eam
1256 2743 1392 2808 66666616
1416 2767 1446 2820 »3

487 2855 518 2914 et
545 2853 615 2932 post
638 2847 804 2914 subditur:
833 2873 849 2906 o
866 2849 901 2914 Et
925 2847 1022 2914 dices:
1049 2847 1164 2914 Vadam
1189 2853 1219 2912 et
1244 2853 1385 2914 revertar
1409 2847 1446 2912 ad

486 2953 589 3018 virum
617 2969 723 3022 meum.
746 2951 898 3036 priorem,
924 2951 999 3036 quia
1020 2951 1134 3016 melius
1157 2955 1224 3016 erat
1247 2949 1323 3014 milri
1354 2957 1445 3028 tuuc,

322 3071 362 3114 66
375 3069 466 3166 ι666·
487 3057 584 3142 magis
600 3075 695 3142 quam
712 3073 798 3124 nunc
814 3083 843 3120 a.
861 3091 905 3102 ·-
921 3057 981 3122 1616
997 3055 1188 3136 reuertitur,
1203 3055 1328 3140 quando
1344 3055 1382 3120 ad
1398 3055 1446 3120 io-

385 3135 417 3168 m'
488 3163 604 3232 teriora
628 3165 779 3242 recurrit,
797 3163 971 3230 secundum
995 3163 1072 3228 illud
1089 3163 1184 3228 isaiae
1206 3161 1446 3246 quadragesimo

488 3271 618 3338 sout05:
647 3271 786 3334 «Redite
810 3269 1078 3352 praevaricatores
1102 3267 1140 3334 ad
1157 3285 1210 3334 cor
1226 3293 1262 3346 »,
1283 3265 1337 3334 sed
1362 3267 1446 3334 inve-

487 3373 531 3440 nit
548 3373 651 3458 ipsum
674 3391 843 3440 vacuuma
868 3373 976 3438 solatio
997 3373 1206 3456 spiritualium
1229 3371 1444 3438 refectionum.

389 3467 390 3470 ¹
487 3479 573 3546 Unde
595 3479 635 3544 de
657 3479 876 3562 peccatoribus
897 3477 1014 3546 dicitur
1037 3481 1238 3544 Tbreuorum
1265 3477 1401 3545 secundo
1415 3479 1445 3544 ⁶:

485 3585 773 3652 «1161611666616
797 3585 969 3652 dixerunt:
1001 3583 1057 3652 Ubi
1088 3591 1139 3652 est·
1167 3583 1308 3652 triticum
1339 3591 1371 3652 et
1399 3583 1446 3650 vi-

489 3711 582 3772 num,
607 3711 678 3760 cum
701 3691 984 3778 (16166666166661
1010 3691 1166 3760 vulnerati
1190 3693 1221 3758 in
1247 3691 1446 3778 61616166161-

490 3799 579 3880 tatis;
605 3817 678 3866 cum
700 3799 887 3866 exhalarent
909 3799 1029 3864 animas
1053 3817 1127 3866 suas
1148 3799 1182 3864 in
1211 3799 1284 3866 sinu
1310 3805 1446 3864 matrum

488 3923 620 3972 suarum
644 3931 675 3970 a.
708 3931 723 3962 u
751 3905 786 3970 Et
813 3905 924 3972 defecit
946 3903 1095 3990 gaudium
1120 3905 1222 3972 cordis
1250 3905 1359 3972 nostri.
1385 3905 1447 3974 Vae

488 4009 594 4078 nobis!
621 4011 695 4096 6616
718 4011 962 4096 peccavimus».

578 4117 631 4182 91.
656 4117 714 4182 Pro
740 4117 798 4182 boc
821 4117 918 4204 igitur
942 4117 1042 4184 amieo
1063 4117 1203 4186 famelico
1224 4117 1356 4204 petendi
1370 4127 1448 4186 suut

324 4233 468 4278 1666166
490 4243 512 4288 6
534 4243 611 4288 6666
635 4223 744 4290 666166
767 4231 831 4288 tres
859 4243 983 4310 66666,
1015 4225 1046 4290 id
1070 4231 1134 4304 661,
1166 4225 1338 4292 secundum
1364 4223 1448 4310 quod

360 4297 435 4342 panes.

488 4327 564 4396 dicit
597 4325 679 4396 Beda
711 4337 744 4396 et
777 4331 971 4414 Augustinus
995 4331 1017 4410 ⁷,
1054 4331 1257 4416 intelligentia
1287 4331 1448 4398 Trinitatis

401 4497 404 4508 ‚
489 4433 555 4502 sive
577 4435 674 4502 trium
698 4453 903 4520 personarum
929 4437 1071 4516 nentina,
1094 4443 1132 4504 ut
1149 4437 1183 4504 in
1205 4437 1304 4506 solius
1326 4437 1448 4506 116166-

489 4541 627 4628 gnitione
653 4543 791 4610 inveniat
820 4543 1037 4626 relectionem3
1064 4545 1146 4612 rande
1178 4545 1274 4612 Exodi
1300 4545 1448 4632 vigesimo

490 4655 621 4734 quarto:
649 4651 835 4718 «Viderunt
858 4651 1025 4718 Dominum
1055 4657 1085 4720 61
1109 4651 1314 4720 comederunt
1340 4659 1373 4720 61
1401 4653 1449 4720 11-

561 5071 570 5102 ¹
590 5075 665 5126 Vers.
686 5075 762 5124 9.-
782 5073 839 5126 1166
859 5089 935 5140 seqq.
956 5073 1086 5126 16616661
1106 5073 1161 5124 1661.
1187 5073 1234 5140 96,
1254 5073 1277 5124 9.
1304 5077 1329 5126 61
1348 5073 1446 5126 Tlrreu.

490 5165 520 5224 9,
541 5161 584 5214 19.
605 5189 640 5200 -
659 5161 766 5212 interius
785 5161 844 5212 Vat.
864 5161 957 5212 omittit
971 5161 1106 5228 66161616.

560 5247 664 5302 ”Vers
686 5251 714 5310 t,
734 5249 776 5302 cui
800 5247 968 5314 subiungitur
991 5251 1031 5302 Ps.
1059 5249 1104 5312 19,
1132 5249 1174 5302 15.
1193 5275 1228 5288 ·-
1247 5249 1332 5314 Beda,
1358 5251 1395 5302 llt
1421 5251 1448 5302 in

488 5341 552 5392 Luc.
567 5339 606 5402 ll,
621 5337 645 5390 5.
657 5353 728 5404 seq:
752 5337 885 5390 «Amicus
902 5351 981 5402 ergo,
995 5337 1028 5390 ad
1046 5349 1126 5404 quem
1141 5337 1227 5388 media
1241 5345 1317 5390 noete
1336 5339 1448 5404 venitur,

489 5427 545 5492 ipse
565 5427 635 5478 Deus
651 5425 814 5492 intelligitur,
838 5425 883 5478 661
905 5425 933 5476 16
952 5425 1038 5476 media
1064 5425 1229 5478 tribulatione
1249 5425 1397 5490 supplicare
1423 5431 1448 5478 et

489 5521 540 5566 tres
560 5527 654 5578 panes,
676 5515 702 5566 id
721 5521 761 5566 est
779 5513 973 5578 intelligentiam
988 5513 1132 5576 Trinitatis,
1151 5527 1203 5580 666
1217 5513 1361 5578 6666666116
1379 5515 1448 5566 ritae

489 5603 655 5654 consolentur
674 5599 791 5666 labores,
811 5601 953 5666 efflagitare
968 5599 1098 5652 debemus
1112 5621 1137 5652 a.
1156 5601 1228 5654 ldem
1242 5601 1305 5654 dicit
1322 5601 1445 5668 August,

488 5693 516 5744 11.
535 5691 585 5758 Qq.
604 5689 769 5756 Evangelior.
787 5703 816 5758 q.
833 5691 878 5744 91.

560 5779 692 5834 ”Scilicet
710 5777 851 5834 ordinario
873 5781 912 5848 (ex
933 5779 1014 5848 Beda)
1034 5781 1105 5846 apud
1125 5783 1257 5848 Lyranum
1276 5779 1304 5832 in
1322 5779 1384 5834 Luc.
1406 5781 1447 5846 tl,

489 5871 516 5924 5.
533 5885 588 5938 seq.
607 5869 658 5924 Cir.
677 5869 801 5934 August,
821 5871 846 5922 11.
869 5873 918 5938 Qq.
938 5869 1101 5934 Errangelior.
1121 5885 1146 5938 6.
1168 5871 1210 5922 91.
1319 5925 1321 5930 ,

559 5957 571 5988 ⁴
590 5961 663 6012 Vers.
686 5959 725 6012 11.
746 5971 821 6028 seqq.
834 5987 871 6000 -
884 5959 1002 6012 Subinde
1019 5959 1166 6026 allegantur
1186 5959 1253 6012 Osee
1271 5961 1302 6022 9,
1321 5959 1345 6010 fi.
1369 5965 1394 6012 et
1418 5957 1448 6026 7,

488 6049 534 6102 ubi
554 6063 601 6116 pro
621 6049 695 6104 61666
713 6053 789 6104 tuom
809 6047 919 6104 ACDF
939 6047 998 6104 6166
1007 6051 1081 6118 tum,
1095 6055 1122 6104 et
1134 6063 1183 6114 pro
1196 6047 1291 6102 661166
1310 6045 1450 6102 66616611

489 6139 600 6204 Vulgata
622 6145 647 6190 et
665 6139 723 6190 Vat.
746 6137 896 6192 decemuiri
911 6141 979 6192 erut.
1381 6163 1382 6166 ¹

560 6225 665 6280 Β11666.
686 6231 710 6280 8.
730 6257 765 6266 —-
782 6229 867 6292 Beda,
893 6229 932 6281 111.
950 6229 975 6280 16
997 6229 1059 6282 Luc.
1085 6229 1131 6292 ll,
1149 6229 1174 6280 5.
1194 6241 1263 6294 seq:
1289 6225 1367 6278 Redit
1385 6237 1449 6276 vero

488 6317 645 6384 caelestique
657 6317 778 6370 alimonia
791 6317 863 6370 retici
876 6317 1015 6384 desiderat,
1028 6331 1098 6382 oum,
1112 6319 1137 6368 in
1150 6331 1179 6370 se
1192 6329 1323 6376 reversus,
1335 6327 1450 6378 superna

1091 545 1285 614 ebullient.
1311 547 1349 616 IN
1371 549 1611 618 svaudunum
1632 547 1750 616 tuctu
1779 547 1810 614 C.
1837 547 1882 614 Xl.

1512 727 1681 806 berunt»;
1705 731 1737 794 61
1766 725 1973 794 Ecclesiastici
2002 725 2122 794 decimo
2155 727 2283 812 quinto:
2312 727 2475 796 «uitauit

1513 835 1603 900 illum
1626 849 1707 916 pane
1731 829 1811 898 vitae
1827 839 1860 898 et
1880 831 2059 900 intellectus
2083 837 2213 920 616666
2235 835 2406 918 sapientiae
2423 853 2474 900 sa-

1513 937 1626 1006 lutaris
1649 937 1767 1022 potabit
1792 937 1879 1004 illum
1901 963 1932 1004 6.
1949 937 2064 1004 -Vel
2081 943 2146 1002 666
2161 955 2264 1024 pones
2281 945 2355 1006 sunt
2375 939 2473 1018 tides,
2490 955 2569 1000 666.

1513 1061 1600 1130 6666,
1616 1043 1745 1124 6661166,
1760 1043 1878 1130 661166
1895 1045 2038 1112 reficitur
2053 1043 2171 1126 triplex
2186 1043 2289 1110 virtus
2304 1045 2337 1110 in
2353 1045 2472 1124 auima;

1511 1149 1691 1234 dequibus
1715 1149 1797 1216 16166
1817 1149 1938 1216 decimo
1961 1149 2112 1238 quintofl:
2141 1147 2287 1234 «Quanti
2311 1165 2473 1216 mercena-

1512 1255 1553 1322 rii
1574 1255 1608 1322 in
1630 1255 1725 1324 domo
1745 1255 1846 1342 patris
1867 1257 1928 1324 mei
1951 1257 2112 1326 abundant
2140 1255 2274 1342 panibus
2295 1283 2310 1314 »
2340 1261 2398 1324 etc.
2427 1255 2472 1324 116

1513 1363 1563 1430 luis
1585 1363 1679 1448 primi
1704 1365 1821 1450 Regum
1854 1363 1991 1432 decimo:
2020 1391 2037 1424 o
2053 1363 2129 1432 Cum
2155 1361 2280 1432 veneris
2305 1363 2346 1430 ad
2375 1379 2473 1448 quer-

1511 1487 1583 1536 eum
1610 1469 1749 1550 Thabor,
1781 1469 1939 1536 invenient
1963 1479 1993 1538 te
2016 1479 2082 1538 tres
2112 1469 2172 1536 viri
2199 1467 2403 1536 ascendentes
2431 1467 2473 1534 ad

1511 1575 1680 1642 Dominum
1703 1575 1737 1642 16
1752 1575 1876 1642 Betbel:
1901 1595 1986 1644 uuus
2001 1585 2130 1660 portans
2154 1583 2220 1644 tres
2235 1575 2365 1654 1666166,
2389 1573 2472 1642 61166

1511 1687 1575 1748 1666
1593 1687 1692 1746 166166
1707 1681 1811 1764 66616,
1826 1687 1860 1746 61
1880 1681 1961 1748 61166
1982 1689 2110 1766 6661666
2132 1681 2274 1768 lagenam
2297 1681 2360 1750 vini
2376 1705 2414 1762 »3
2433 1687 2472 1748 61

1511 1787 1545 1852 16
1561 1787 1611 1854 116
1632 1785 1825 1872 intelligatur
1843 1785 1946 1852 unitas
1966 1787 2084 1872 gratiae
2108 1793 2137 1852 et
2155 1787 2278 1854 trinitas
2297 1789 2471 1868 virtutum,

1511 1911 1569 1980 per
1592 1911 1672 1980 6666
1701 1893 1891 1960 reformatur
1924 1893 2025 1978 imago
2056 1893 2111 1960 1161
2142 1893 2173 1960 16
2196 1893 2310 1960 anima.
2339 1931 2383 1942 -
2412 1895 2472 1962 Sed
2489 1907 2603 2006 666666

1510 2002 1588 2068 1666
1613 1999 1722 2086 6611116
1751 2019 1818 2066 666
1840 1999 1952 2068 6161166
1981 1999 2213 2084 6666611666
2242 1999 2383 2078 Christo,
2417 2001 2472 2068 sed
2509 1975 2600 2008 'W'

1510 2114 1634 2196 oportet
1659 2125 1732 2176 cum
1755 2107 1856 2176 multa
1878 2107 2026 2176 instantia
2047 2107 2224 2195 requirore;
2248 2107 2322 2192 quia
2346 2105 2383 2172 ad
2407 2113 2471 2176 tam

1511 2235 1624 2302 magna
1658 2213 1740 2282 dona
1773 2221 1820 2282 est
1852 2215 2166 2302 661616666661616
2198 2213 2305 2282 minus
2340 2213 2470 2296 idonea,

1510 2321 1595 2390 unde
1619 2321 1762 2390 llattbaei
1789 2323 1909 2388 decimo
1924 2323 2074 2408 quintol:
2102 2347 2118 2380 «
2132 2321 2196 2388 Non
2215 2327 2261 2388 est
2285 2322 2472 2387 16666666-

1510 2447 1598 2496 mere
1614 2447 1727 2514 panem
1742 2429 1878 2496 filiorum
1897 2435 1929 2496 et
1943 2429 2019 2496 dare
2036 2429 2166 2496 canibus
2177 2453 2213 2508 »;
2231 2447 2343 2496 verum
2360 2427 2470 2510 etiam,

1510 2535 1536 2602 si
1561 2537 1621 2602 iam
1643 2535 1737 2620 filius
1756 2543 1817 2616 est,
1841 2553 1880 2602 ne
1901 2537 1989 2620 panis
2012 2535 2064 2602 1116
2088 2535 2229 2616 vilescat,
2249 2553 2322 2602 cum
2347 2551 2472 2620 semper

1511 2641 1614 2726 ipsum
1637 2647 1781 2728 oporteat
1799 2641 1941 2720 6666166,
1967 2641 2136 2708 secundum
2164 2641 2241 2706 illud
2264 2641 2470 2708 Ecclesiastlci

1509 2747 1661 2832 vigesimo
1685 2753 1812 2830 quarto:
1843 2747 1934 2828 «Qui
1957 2747 2056 2812 edunt
2077 2763 2127 2810 me
2151 2745 2253 2812 adbuc
2278 2745 2418 2810 esurient
2433 2773 2470 2824 »3

1510 2853 1575 2918 6166
1591 2857 1627 2918 61
1643 2851 1776 2936 petendo
1794 2851 1889 2934 magis
1911 2869 2089 2916 mereamur
2105 2855 2135 2914 et
2152 2851 2366 2934 disponamur.
2382 2851 2471 2918 Unde

1509 2957 1702 3042 Augustinus
1727 2955 1763 3022 ad
1789 2957 1920 3022 Probum
1936 2955 1975 3022 de
1991 2953 2116 3022 Orando
2132 2955 2195 3022 1166
2214 2957 2256 3020 1⁰:
2290 2981 2304 3014 (ι
2321 2957 2469 3022 Exerceri
2546 3033 2550 3038 Ν,

1508 3063 1577 3130 6611
1601 3061 1631 3128 16
1655 3061 1850 3130 orationibus
1871 3061 2060 3130 desiderium
2084 3069 2247 3142 nostrum,
2271 3081 2335 3148 quo
2359 3081 2471 3148 possu-

1508 3185 1580 3234 mus
1605 3185 1716 3252 capere
1740 3167 1816 3234 illud
1840 3169 1926 3254 qood
1947 3175 2114 3254 praeparat
2135 3169 2211 3234 dare
2228 3197 2257 3234 a.

1599 3275 1776 3358 95111666.
1804 3277 1858 3356 u).
1886 3277 1924 3340 Et
1944 3293 2002 3360 epo
2034 3275 2107 3340 dieo
2129 3273 2229 3340 66116.
2261 3277 2331 3342 Post
2360 3273 2470 3341 simili·
2486 3289 2634 3342 6666666

2446 3379 2452 3392 ,
2497 3341 2619 3386 eruditione

1508 3379 1648 3446 tudinem
1676 3379 1864 3444 incitativam
1896 3379 2001 3446 subdit
2025 3379 2242 3446 cruriitr'ouem
2273 3377 2467 3466 1616661616-
2492 3393 2627 3492 rgrffgrffivra

1508 3505 1586 3550 uuor
1610 3485 1647 3552 ad
1673 3485 1821 3552 orationis
1845 3485 2067 3570 frequentiam,
2093 3505 2187 3572 quam
2211 3487 2295 3552 elicit
2317 3503 2360 3550 eu
2382 3487 2472 3552 simr-
2530 3501 2580 3546 66.

1508 3589 1640 3658 litudiue
1664 3591 1864 3676 praehabita3
1881 3579 1935 3658 ubi
1952 3591 2055 3676 primo
2070 3593 2217 3658 bortatur
2232 3595 2255 3632 ¹1
2273 3593 2469 3678 discipu-ios,

1510 3697 1647 3766 secundo
1673 3715 1748 3766 vero
1768 3697 1968 3784 6666611166
1991 3719 2111 3766 ornnes.

1600 3805 1671 3870 ldeo
1693 3811 1847 3890 quantum
1870 3805 1908 3870 ad
1925 3805 2183 3872 exhortationem
2206 3811 2355 3890 respectu
2370 3805 2470 3870 disci·
2488 3817 2636 3914 ”Uitellii

1508 3913 1668 3998 potorum
1691 3911 1782 3978 dicit:
1809 3913 1848 3978 Et
1877 3931 1934 3998 666
1957 3913 2049 3978 66116
2069 3913 2160 3990 dieo,
2184 3913 2238 3996 661
2266 3913 2382 3978 66111661
2408 3929 2469 3978 666
2501 3925 2609 3978 purorum.

1509 4019 1660 4096 mentior,
1686 4019 1773 4104 6616,
1798 4019 2008 4086 Numerorum
2035 4017 2184 4102 vigesimo
2207 4017 2301 4084 166116
2314 4019 2352 4096 ¹2,
2372 4043 2388 4076 6
2406 4035 2469 4084 666

1510 4129 1558 4192 661
1579 4123 1665 4192 11666
1687 4131 1723 4190 ut
1746 4123 1857 4204 borne,
1886 4131 1925 4190 ut
1946 4123 2133 4202 mentiatur,
2158 4141 2215 4190 nec
2246 4123 2388 4190 61111166
2413 4123 2472 4190 lto-

1511 4231 1622 4310 mlnis,
1645 4237 1683 4296 ut
1697 4237 1857 4312 mutetnr;
1880 4231 1960 4298 dixit
1978 4249 2069 4314 ergo,
2095 4237 2124 4296 61
2141 4249 2200 4296 666
2219 4229 2310 4296 166161
2325 4237 2363 4296 »t
2383 4229 2470 4296 Unde

1511 4333 1619 4402 Glossa
1638 4333 1733 4400 dicit:
1754 4361 1769 4394 «
1787 4337 1927 4420 Magnam
1943 4353 2029 4420 spem
2056 4333 2166 4402 tribuit
2181 4335 2236 4420 661
2260 4333 2471 4420 promittendo

1511 4459 1574 4506 uon
1597 4441 1712 4528 decipit
1729 4469 1757 4506 6.
1775 4479 1818 4490 -··
1833 4443 1936 4510 116661
1958 4459 2034 4528 ergo
2057 4441 2096 4508 ad
2118 4441 2267 4508 orationis
2292 4441 2472 4508 instantiam

1511 4555 1544 4614 et
1567 4549 1794 4634 trequentiam‚
1811 4537 2130 4628 conuictumue,
2147 4555 2176 4614 61
2198 4547 2336 4614 dubitur
2360 4547 2472 4626 66116;

1511 4655 1671 4744 66666116,
1688 4655 1924 4734 611666616116,·
1943 4655 2094 4740 6616616,
2118 4663 2148 4720 61
2171 4655 2340 4750 operietur
2369 4653 2469 4720 66116.
2572 4703 2573 4706 ,

1583 5071 1593 5102 ⁸
1613 5075 1689 5128 Vers.
1709 5075 1750 5136 r7,
1769 5075 1811 5128 cui
1829 5071 1998 5138 subiungitur
2015 5073 2033 5124 1.
2048 5073 2114 5136 lieg.
2133 5071 2179 5136 to,
2198 5073 2228 5134 3,
2243 5071 2287 5124 ubi
2307 5071 2383 5126 codd.
2398 5073 2474 5126 omit·

1511 5165 1569 5214 tunt
1586 5161 1658 5214 61166
1675 5165 1800 5230 portuno.
1818 5189 1855 5202 -
1872 5161 1924 5216 Clr.
1949 5161 2073 5226 August,
2095 5163 2177 5212 Serm.
2203 5161 2262 5212 195.
2285 5161 2357 5230 (allas
2375 5163 2418 5212 99.
2438 5161 2473 5216 de

1511 5249 1607 5304 Verbis
1625 5249 1743 5316 Domini)
1763 5263 1785 5302 c.
1806 5249 1828 5302 1.
1849 5265 1874 5302 6.
1894 5251 1925 5314 5,
1943 5247 1989 5302 ubi
2008 5247 2134 5310 insinuat,
2156 5255 2205 5302 tres
2225 5263 2306 5314 panes
2323 5251 2472 5314 significare

1511 5339 1606 5402 tidem,
1625 5351 1698 5402 spem
1727 5343 1753 5390 et
1774 5337 1919 5391 caritatem.
1943 5327 2082 5400 bernard,
2108 5341 2189 5392 Serm.
2216 5337 2241 5390 io
2265 5339 2472 5408 Rogationibus,

1511 5441 1538 5478 n.
1561 5429 1583 5478 9.
1604 5427 1700 5492 credit,
1723 5447 1737 5474 α
1751 5427 1878 5492 petendos
1896 5425 1973 5480 66116
1992 5441 2050 5480 6666
2067 5431 2121 5478 1666
2138 5441 2235 5494 panes:
2255 5429 2385 5492 verbalia,
2406 5429 2474 5482 6661-

1511 5515 1571 5566 tatis
1589 5521 1616 5568 61
1635 5515 1801 5568 tortitudinis.
1820 5517 1866 5568 llis
1884 5515 1968 5568 tribus
1988 5529 2065 5580 egere
2078 5531 2122 5570 me
2135 5519 2230 5580 lateor,
2249 5519 2370 5570 veniente
2381 5519 2417 5570 ad
2429 5531 2473 5572 me

1512 5603 1598 5654 amieo
1618 5603 1650 5656 de
1671 5601 1968 5670 616...11611611661666
1988 5603 2054 5656 ratio
2071 5617 2157 5658 meu...
2177 5619 2240 5670 prae
2263 5605 2410 5670 ignorantia
2429 5617 2473 5656 ve-

1511 5691 1607 5758 611696,
1631 5693 1737 5758 languet
1759 5699 1784 5746 et
1811 5695 1930 5746 voluntas
1947 5707 2010 5758 prae
2036 5693 2121 5746 inedia
2144 5693 2299 5758 allectionis,
2324 5695 2471 5746 infirmatur

1513 5795 1575 5836 earo
1593 5797 1657 5848 prae
1672 5785 1758 5848 inopia
1777 5783 1960 5836 tortitudinis...
1975 5781 2121 5838 Commodo
2132 5797 2196 5848 ergo
2210 5781 2292 5848 6611,
2306 5781 2404 5844 amice,
2419 5785 2474 5836 tres

1509 5883 1610 5938 66666,
1630 5873 1658 5922 61
1677 5871 1833 5934 intelligam,
1847 5877 1875 5924 ut
1887 5869 2010 5936 diligam,
2030 5875 2059 5924 ut
2071 5873 2166 5924 laetam
2178 5873 2338 5924 voluntatem
2359 5875 2430 5920 tuam
2446 5887 2473 5920 a.

1513 5985 1550 5998 -
1567 5959 1605 6010 De
1623 5961 1807 6012 reformatione
1824 5959 1945 6024 imaginis
1958 5959 2005 6012 1161
2022 5953 2051 6010 16
2063 5961 2148 6012 anima
2169 5973 2216 6026 per
2229 5967 2280 6010 tres
2300 5959 2409 6010 virtutes
2422 5959 2449 6010 61
2462 5995 2469 6010 .

1513 6047 1532 6098 l.
1553 6049 1624 6100 Sent.
1642 6047 1669 6098 d.
1695 6049 1720 6100 3.
1739 6061 1764 6112 6.
1789 6049 1816 6100 11.
1841 6061 1868 6100 a.
1892 6049 1917 6100 t.
1936 6061 1961 6114 q.
1985 6049 2007 6100 t.
2033 6049 2067 6100 ad
2092 6049 2121 6116 i,
2145 6051 2174 6102 ll.
2198 6049 2268 6100 Sent.
2295 6049 2321 6100 d.
2343 6047 2383 6098 te.
2403 6059 2427 6098 6.
2445 6047 2473 6096 9.

1514 6149 1541 6202 q.
1562 6137 1585 6188 3.
1605 6135 1631 6188 in
1650 6149 1739 6202 corp.;
1761 6137 1787 6190 d.
1808 6137 1850 6190 aa.
1876 6151 1902 6202 q.
1923 6135 1993 6188 661
2016 6135 2044 6188 d.
2063 6133 2106 6190 97.
2129 6151 2151 6190 6.
2181 6139 2203 6190 1.
2230 6151 2256 6202 q.
2283 6137 2321 6202 l.;
2342 6135 2472 6206 Breviloq.

1514 6223 1680 6288 chA

1535 6315 1537 6318 '
1584 6307 1596 6340 ⁹
1616 6311 1692 6366 Vers.
1709 6315 1753 6366 95.
1765 6339 1803 6352 ·-
1815 6313 1932 6366 Subinde
1950 6313 2076 6376 allegatur
2098 6315 2175 6368 Eruli.
2192 6313 2242 6378 91,
2260 6313 2305 6364 99.
2316 6339 2353 6352 -
2366 6311 2475 6366 interius

488 6409 604 6472 coeperit
623 6421 652 6460 ae
671 6407 816 6472 spiritualia
840 6409 970 6460 meditari.
989 6407 1039 6460 Cir.
1067 6407 1191 6472 August,
1211 6405 1240 6458 tl.
1264 6405 1314 6472 Qq.
1334 6405 1450 6466 Evange·
1515 6407 1575 6466 post
1594 6415 1689 6454 666666
1703 6403 1764 6454 Vat.
1790 6401 1957 6466 prosequitur
1976 6399 2098 6454 6161166
2117 6401 2258 6472 61166661,
2283 6397 2373 6454 adbuc
2395 6413 2476 6470 opor-

488 6495 546 6548 lior.
566 6511 591 6564 q.
611 6499 653 6550 91.

560 6583 663 6640 ὓ11666.
685 6587 730 6652 19,
750 6591 907 6654 postquem
928 6587 1014 6652 615.
1034 6587 1122 6640 6116.

560 6673 571 6706 ⁷
590 6675 801 6742 [116666666616
812 6679 836 6730 9.
851 6677 917 6730 Vide
931 6677 1010 6730 etiam
1019 6677 1139 6742 August,
1152 6675 1236 6730 Sevm.
1250 6671 1311 6724 1115.
1323 6669 1397 6738 (alias
1408 6671 1451 6722 99.

489 6757 825 6836 (16966116966116116.
849 6767 875 6820 3.
899 6765 975 6832 6.1;
1001 6767 1081 6832 Epist
1107 6763 1167 6818 191.
1191 6763 1264 6832 (alias
1287 6759 1359 6828 191.)
1382 6773 1404 6812 6.
1428 6763 1452 6814 8.

489 6863 516 6902 n.
534 6850 577 6904 15.
596 6853 865 6922 -116666661661
885 6859 946 6908 6661
962 6855 1043 6910 Exod.
1064 6853 1110 6920 91,
1132 6851 1174 6910 11.
1193 6857 1217 6906 el
1236 6847 1313 6902 ECCU·
1332 6847 1379 6916 15,
1397 6851 1424 6902 3·

1481 6445 1485 6556 Ι
1515 6493 1552 6546 161
1569 6503 1632 6544 cum
1650 6487 1900 6560 66666166166116
1920 6487 2067 6556 requirere,
2086 6503 2120 6542 66
2133 6487 2216 6556 punis
2236 6493 2284 6538 etc.

1586 6577 1610 6610 ¹⁰
1629 6581 1708 6646 Epist.
1730 6581 1788 6634 139.
1809 6577 1971 6646 (eliasibi.)
1993 6593 2014 6630 6.
2036 6579 2060 6628 8.
2077 6593 2104 6628 n.
2126 6577 2166 6628 17.

1587 6667 1609 6700 ¹²
1630 6669 1695 6724 Cod.
1712 6673 1734 6724 H
1753 6669 1825 6722 addit
1842 6665 2001 6736 6666161166,
2021 6667 2079 6718 Vat.
2099 6661 2287 6732 spiritualiter.

1587 6755 1610 6788 ¹2
1631 6759 1705 6812 Vers.
1732 6759 1773 6812 19.
1792 6785 1827 6798 --
1848 6757 1952 6816 (116666,
1972 6767 2040 6820 6666
2059 6751 2190 6820 sequitur,
2209 6757 2248 6804 est
2266 6751 2411 6808 6161166616
2432 6751 2475 6820 (ex

1516 6847 1597 6916 Beda)
1617 6847 1642 6900 ln
1661 6849 1723 6904 Luc.
1740 6847 1785 6910 11,
1810 6847 1833 6898 9.
