5908 8266
500 539 567 604 tlte

500 713 575 779 iusti
597 719 629 780 ct
652 713 781 800 perlecti
810 713 996 790 Christiani,
1019 713 1058 778 ad
1089 729 1168 798 qtaos
1199 711 1316 778 dicitnr
1337 711 1378 776 ad
1399 713 1458 778 He-

500 819 610 886 braeos
635 821 796 888 decimol:
827 845 843 878 <t
860 819 993 902 Rapinas
1016 819 1169 884 bonorum
1188 823 1368 884 vestrorum
1385 835 1457 884 oum

500 925 612 1010 gaudio
638 923 828 1010 suscepistis
848 919 1080 1010 'cognoscentes
1095 943 1151 992 ros
1167 923 1329 992 meliorem
1345 931 1377 990 et
1392 941 1458 990 ma-

500 1037 624 1098 nentem
650 1031 768 1098 babere
790 1031 997 1096 substantiam
1016 1057 1044 1094 a.
1343 1107 1344 1110 Ἴ

589 1135 644 1202 ῖ3.
668 1137 770 1220 (Vero.
794 1135 872 1218 ab).
897 1135 1038 1202 Secundo
1063 1139 1215 1220 quantum
1232 1135 1272 1202 ad
1286 1133 1458 1202 hnmanae

350 1253 480 1316 neesson
500 1241 687 1310 tenacitatis
706 1239 897 1326 pericnlum
911 1237 1078 1304 subditur:
1100 1239 1218 1306 Videris
1234 1247 1343 1306 nutem
1361 1239 1456 1306 illum

351 1307 478 1362 ΨΜ
498 1349 592 1412 leons
615 1347 742 1412 tristem
773 1343 921 1430 factum,
954 1351 1085 1430 propter
1119 1345 1266 1412 allectum
1293 1345 1457 1430 pusillani-

497 1453 633 1532 mitatis;
657 1457 832 1538 quocontra
854 1451 1059 1518 Ecclesiastioi
1077 1451 1251 1536 septimoi:
1274 1451 1373 1518 «Noti
1389 1469 1458 1520 esse

498 1557 708 1642 pusillanimis
723 1559 754 1624 in
771 1557 875 1622 animo
896 1565 960 1622 tuo.
977 1557 1118 1646 Exorare
1142 1563 1171 1622 et
1196 1557 1296 1622 lacere
1323 1557 1457 1622 eleemo-

402 1725 405 1730 .
500 1681 609 1748 synam
635 1681 673 1730 ne
696 1661 849 1746 despicias
864 1689 897 1728 n.
919 1699 965 1710 -
989 1661 1100 1728 nteit.-
1127 1665 1235 1744 anm
1252 1661 1383 1748 difficile
1398 1663 1458 1750 qni

494 1769 659 1856 pecunius
682 1769 801 1836 hebent
816 1769 852 1836 in
868 1789 1010 1854 repnnm
1028 1769 1088 1836 Dei
1108 1769 1302 1836 intrabunt!
1327 1777 1456 1854 propter

497 1875 608 1942 vitium
633 1875 826 1952 tenacitatis;
842 1873 991 1940 Glossai:
1016 1899 1031 1932 «
1048 1875 1114 1956 Qui
1133 1873 1294 1958 pecuniae
1319 1871 1455 1954 liabent,

497 1979 530 2046 id
552 1985 616 2058 θεῖ,
643 1999 714 2046 curn
737 1989 846 2046 amore
875 1979 1035 2066 possident
1057 1985 1089 2046 θῖ
1110 1979 1144 2046 in
1170 1979 1216 2044 eis
1247 1979 1407 2046 conlidunt
1422 2007 1455 2046 a.

497 2085 585 2152 Unde
610 2087 705 2152 blanci
725 2085 849 2152 decimo
872 2085 987 2152 dicitur
1013 2087 1213 2170 expressius:
1241 2111 1257 2144 (ι
1276 2087 1374 2170 Quane
1393 2075 1456 2152 ‘dil'-

497 2189 555 2258 cile
589 2191 779 2258 confidentes
812 2191 845 2256 in
876 2189 993 2258 divitiis
1025 2191 1055 2258 in
1075 2211 1221 2276 regnum
1256 2191 1310 2258 liei
1346 2191 1456 2258 introi-

380 2309 443 2354 bato
458 2297 578 2366 obem
596 2303 624 2364 »l
650 2299 686 2364 Et
712 2297 789 2364 ratio
813 2297 911 2366 huius
933 2305 994 2378 θεῖ,
1020 2299 1095 2384 quia
1117 2299 1170 2386 qui
1199 2301 1380 2388 temporalia
1404 2301 1462 2386 hic*

496 2405 733 2486 amplectuntur
757 2409 907 2488 tanquam
940 2423 1050 2492 magna
1084 2413 1287 2474 contemnunt
1321 2409 1372 2474 illa
1404 2425 1456 2474 ae-

496 2515 603 2588 terna;
620 2509 705 2576 unde
721 2509 828 2578 Glossa
840 2513 869 2576 4:
893 2537 909 2570 (ι
924 2511 983 2594 Qui
1007 2513 1123 2580 divitiis
1148 2513 1392 2598 multiplicandis
1408 2513 1455 2578 in-

378 2628 441 2672 nato
456 2629 477 2672 a.
496 2615 661 2694 euutbunt
676 2615 807 2682 alterius
821 2615 903 2684 ritae
914 2617 1028 2702 gaudia
1043 2627 1289 2684 contemnunt».
1307 2655 1350 2666 -
1363 2619 1456 2708 Prae-

495 2729 600 2802 terea,
623 2723 678 2808 qui
704 2725 781 2790 haec
803 2723 987 2808 temporalia
1009 2723 1143 2808 diligunt
1173 2723 1281 2790 moltis
1309 2707 1455 2788 tentatio-

450 2881 451 2884 .
494 2847 571 2894 num
596 2829 706 2894 lacellis
729 2835 953 2914 exponuntur3
978 2829 1098 2912 primae
1119 2829 1159 2894 ad
1182 2829 1380 2920 Timotheum
1405 2828 1454 2892 nl-

494 2933 611 3000 timo⁵:
641 2961 657 2992 o
673 2935 732 3018 Qui
750 2933 860 3000 volunt
875 2927 989 3000 divites
1010 2933 1079 3000 lieri
1096 2933 1237 2998 incidunt
1253 2933 1287 2996 in
1310 2933 1454 2998 tentatio-

494 3059 564 3108 nem
599 3047 627 3108 et
659 3041 688 3106 in
723 3041 871 3122 laqtteum
904 3039 1018 3104 diaboli
1048 3045 1080 3104 θῖ
1110 3039 1142 3104 in
1172 3039 1326 3104 desideria
1353 3039 1453 3104 multa

376 3161 439 3204 natio
454 3159 474 3202 3-
493 3145 615 3212 ῖθθῖῖῖῖθ
627 3153 659 3212 θῖ
670 3147 789 3224 nociva,
802 3161 882 3228 quae
896 3151 1042 3230 mergunt
1057 3143 1215 3212 hominem
1229 3171 1243 3204 2>
1262 3151 1319 3212 etc.
1333 3181 1377 3192 -
1389 3143 1454 3210 hlia

455 3289 459 3298 ι
494 3251 573 3316 ratio
599 3259 660 3330 θεῖ,
683 3251 757 3336 quia
782 3251 837 3334 urei
861 3251 911 3316 his
932 3251 1047 3316 aliectu
1070 3251 1246 3336 iunguntur
1264 3251 1348 3316 baud
1363 3249 1452 3318 facile

494 3363 699 3440 separantem
726 3355 808 3422 unde
831 3361 862 3422 θῖ
884 3355 924 3422 de
946 3355 1062 3422 talibus
1086 3357 1116 3422 iu
1142 3357 1305 3422 Psalmoi:
1337 3383 1352 3414 r
1367 3355 1451 3440 Quo-

492 3461 576 3528 niam
602 3461 766 3530 bumiliate
791 3467 837 3528 θεῖ
860 3461 892 3528 ῖθ
917 3461 1047 3546 pulvere
1070 3461 1173 3528 anima
1187 3467 1305 3540 nostra,
1322 3459 1451 3546 conglu-

491 3569 611 3640 tinatus
633 3575 681 3636 θεῖ
704 3569 736 3636 in
771 3575 857 3636 terra
891 3577 1000 3636 venter
1025 3575 1131 3636 noster
1148 3595 1178 3632 a.
1203 3569 1290 3636 Unde
1316 3569 1450 3634 Bernar-

493 3675 597 3742 dusi:
625 3701 641 3734 <t
659 3675 732 3744 Plus
753 3675 863 3740 muudi
887 3675 1140 3758 concupiscentia
1164 3695 1257 3760 quam
1277 3675 1450 3742 substantia

492 3789 592 3850 nocet.
618 3783 653 3850 Et
677 3785 753 3852 haee
777 3781 998 3866 fugiendarum
1029 3781 1209 3848 divitiarum
1242 3799 1338 3848 causa
1359 3799 1449 3866 prae-

492 3891 585 3976 cipua
608 3897 672 3970 θεῖ,
695 3891 771 3976 quia
794 3897 849 3956 aut
872 3881 928 3956 rin
952 3897 1007 3956 aut
1024 3899 1185 3974 nonquam
1203 3889 1323 3974 absque
1340 3905 1447 3956 amore

493 3999 598 4064 valent
620 3995 782 4082 possideri.
806 3995 930 4062 Limosa
952 3995 1035 4062 enim
1059 4003 1090 4060 et
1121 3995 1278 4080 glutinosa
1301 3999 1348 4060 θεῖ
1373 3995 1449 4062 sub-

493 4103 607 4172 stantia
627 4103 737 4170 mnndi
760 4101 874 4182 huius,
899 4107 930 4168 θῖ
953 4119 1006 4168 eor
1035 4103 1208 4166 humanum
1235 4101 1323 4166 facile
1352 4099 1449 4168 omni

492 4209 569 4288 bus,
594 4227 675 4294 quae
696 4209 893 4292 frequentat,
918 4207 1068 4274 adhaeret
1083 4233 1114 4272 n.
1139 4207 1176 4272 Et
1197 4205 1268 4274 ideo
1298 4205 1447 4274 Glossass:

498 4313 703 4382 «Difficulter
728 4313 854 4380 divitiae
876 4317 1138 4392 contemnentem
1158 4311 1194 4378 de
1211 4313 1359 4380 omnihus
1373 4331 1449 4398 ergo

492 4421 591 4486 tutius
615 4419 808 4488 estdiritias
831 4437 888 4486 neo
914 4419 1032 4510 hahere
1055 4437 1113 4486 neo
1147 4437 1253 4486 amare
1271 4445 1302 4484 a.
1326 4421 1360 4484 ln
1385 4437 1449 4504 quo

342 4541 472 4586 noandum·
492 4527 544 4592 dat
565 4527 741 4612 intelligere
774 4531 913 4610 quatuor
947 4527 1113 4592 hominum
1134 4523 1343 4604 differentiam
1367 4543 1447 4610 quas

493 4633 623 4718 exponit
653 4631 775 4712 nouat,
800 4639 830 4698 et
855 4631 1012 4700 hahentur
1037 4631 1067 4696 in
1097 4631 1203 4700 Glossa
1236 4649 1331 4718 super
1366 4631 1448 4700 deci-

493 4757 578 4806 mum
604 4739 712 4806 blarei:
744 4737 862 4804 «hlutri
884 4739 1002 4804 habeut
1038 4743 1068 4804 et
1103 4757 1166 4804 non
1199 4745 1322 4818 amant;
1357 4739 1448 4804 multi

493 4861 555 4910 nou
579 4845 695 4910 habent
719 4851 750 4910 et
771 4848 894 4922 amant;
920 4843 970 4910 alii
988 4843 1106 4928 liabent
1121 4849 1151 4910 et
1167 4849 1288 4924 amant;
1304 4845 1357 4910 alii
1373 4861 1447 4910 vero

492 4967 549 5016 nec
572 4949 690 5016 hahere
712 4967 769 5018 nec
792 4967 897 5016 amare
923 4967 954 5016 se
979 4949 1125 5034 gaudent,
1141 4949 1194 5034 qui
1212 4949 1345 5016 tutiores
1362 4955 1446 5028 sunt,

563 5429 572 5460 ¹
594 5431 667 5482 Vero.
687 5429 729 5480 st.
749 5429 861 5494 Vulgata
880 5427 1021 5498 Rapina-m.
1116 5413 1117 5416 ¹

552 5515 573 5558 -2
593 5519 666 5570 Vere.
688 5519 710 5570 ll.
731 5525 756 5570 θῖ
775 5519 818 5568 ῖῖῖ.

563 5605 696 5660 ³Sniliret
719 5603 900 5660 interlinearis
928 5605 1083 5672 (sectandum
1113 5607 1232 5676 bedam).
1260 5635 1297 5646 -
1325 5609 1448 5676 Sequitur

493 5699 568 5750 liora
588 5696 636 5762 to,
656 5695 698 5748 el.

563 5783 574 5814 ⁴
591 5787 693 5852 Nempe
709 5783 891 5840 interlinearis
912 5785 954 5852 (en
972 5787 1054 5856 Beda)
1073 5787 1098 5838 in
1119 5789 1179 5840 Luc.
1201 5789 1248 5854 l8,
1268 5787 1313 5840 et.

563 5873 573 5904 ⁵
593 5877 669 5928 Vers.
688 5877 711 5928 9.
731 5877 779 5928 Pro
800 5873 936 5930 ltcaninem
953 5877 1012 5928 Vat.
1031 5891 1092 5928 eorm
1112 5877 1224 5942 Vulgata
1245 5875 1374 5930 ltotnines.

563 5961 685 6018 6Ρεθῖθε.
705 5963 751 6032 ta,
771 5963 814 6014 25.
833 5963 1021 6028 Tlreopbylact.
1042 5955 1069 6016 in¹
1087 5965 1149 6018 Luc.
1171 5967 1217 6030 ta,
1247 5965 1341 6018 iel-30:
1367 5967 1448 6018 Tena-

494 6051 578 6104 ciores
595 6053 665 6106 euim
686 6053 759 6104 visco
785 6051 929 6104 adhaerent
947 6053 1088 6116 pecuniae,
1107 6059 1133 6104 θῖ
1159 6053 1263 6106 difficile
1289 6053 1447 6106 abstrahitur

491 6143 535 6210 qui
556 6157 570 6194 a
588 6141 685 6194 talibus
703 6147 742 6194 est
760 6143 975 6206 comprehensus.

563 6227 731 6284 'Declamat
753 6229 808 6296 (etr.
835 6243 915 6294 supra
945 6243 1005 6294 pag.
1033 6229 1098 6296 228,
1119 6235 1177 6282 uota
1206 6229 1243 6296 8.)
1268 6231 1295 6292 ll.
1324 6245 1348 6282 n.
1370 6233 1394 6282 i.
1412 6257 1447 6284 υ,

491 6321 539 6388 Pro
560 6317 634 6372 Linde
651 6315 811 6374 Berncrdns
830 6317 888 6368 Vnt.
909 6315 984 6370 Unde
1003 6321 1027 6372 et
1045 6317 1119 6372 lecec.

562 6403 573 6436 ⁸
590 6407 693 6460 Scilicet
710 6405 894 6460 interlinearis
914 6407 1072 6474 (seeundum
1091 6407 1200 6474 Bedam)
1219 6405 1248 6458 iu
1261 6407 1322 6458 luo
1337 6407 1455 6470 Ὶ18,24;,

494 6495 582 6562 Onam
599 6485 780 6566 difficiliore,
805 6509 853 6548 nec
879 6493 1054 6560 impossihile,
1078 6497 1125 6548 sed
1149 6495 1256 6548 dillioile
1278 6495 1356 6560 dixit,
1385 6497 1448 6560 onia

492 6585 629 6638 ‹litbeulter
647 6589 696 6638 etc.

563 6671 660 6726 9ῖῖῖῖῖε.
680 6673 712 6728 V.
732 6673 758 6724 in
776 6673 838 6724 Luc.
859 6673 906 6738 l8,
926 6671 968 6724 at.
988 6677 1014 6726 θῖ
1032 6673 1068 6724 lll.
1088 6671 1116 6724 in
1135 6673 1210 6726 blare.
1226 6673 1273 6736 ld,
1287 6673 1329 6740 et,
1348 6689 1446 6740 exquo

474 6767 530 6824 ,θεῖ
554 6761 633 6814 etiam
657 6777 713 6830 seq.
740 6745 831 6814 Glossa
856 6759 1012 6828 ordinarie,
1034 6761 1062 6812 in
1080 6761 1155 6814 ouius
1174 6761 1224 6812 bue
1244 6763 1371 6826 allegatur
1391 6761 1446 6816 Gal.

492 6851 522 6916 6,
547 6851 585 6902 ll.

1046 535 1240 602 cantarent.
1265 537 1302 602 lN
1327 535 1567 602 evlnonntbu
1588 535 1705 604 unuln
1730 537 1762 602 C.
1786 536 1886 602 XVlll.

1520 713 1594 798 quia
1619 731 1691 780 cum
1724 713 1869 796 Apostolo
1901 713 2006 780 dicere
2040 719 2190 798 possunt:
2213 709 2298 778 Mihi
2328 713 2479 780 entecnius

1520 817 1706 902 crucidnns
1728 825 1791 896 est,
1817 825 1844 884 et
1868 837 1924 902 epo
1946 821 2071 884 terrendo
2087 845 2121 896 »,
2144 819 2185 884 θεῖ
2204 817 2328 884 Galatas
2353 825 2452 884 sexto.

1609 923 1660 990 bt.
1688 923 1787 1010 (Vens.
1814 921 1889 1006 55).
1914 923 2019 990 Tertio
2052 929 2205 1010 quantum
2229 923 2267 990 ad
2304 923 2411 1008 ipsius
2435 931 2478 988 te·
2496 935 2625 1034 affinitatis

1520 1031 1678 1098 teoeitntis
1700 1029 1905 1096 obstceninm
1931 1029 2109 1114 subiungit:
2134 1029 2285 1096 Facilius
2309 1037 2356 1094 cst
2378 1029 2476 1106 enim,
2493 1001 2530 1032 ⁰⁶
2555 1001 2631 1034 Μ

1520 1137 1683 1204 colneium
1702 1155 1764 1220 per
1784 1133 1941 1220 foramen
1962 1155 2046 1202 ceres
2070 1135 2235 1214 transire,
2259 1133 2331 1200 licet
2348 1133 2387 1201 sit
2403 1153 2477 1202 oon-

1521 1249 1571 1310 tra
1592 1249 1755 1320 pataream,
1771 1261 1874 1328 qnam
1889 1241 2023 1306 diuitem
2048 1241 2178 1308 intrare
2194 1241 2229 1306 in
2246 1259 2386 1326 repham
2403 1241 2474 1320 Dei,

1520 1349 1593 1434 quia
1616 1349 1676 1414 boc
1700 1353 1746 1412 θεῖ
1769 1355 1878 1412 contra
1899 1345 2035 1412 divinam
2061 1345 2220 1413 iustitiam.
2240 1347 2302 1412 lloc
2318 1347 2400 1412 onim
2417 1345 2475 1412 mi-

1520 1473 1581 1520 uus
1601 1453 1792 1538 impossibile
1817 1459 1881 1532 θεῖ,
1903 1453 1989 1538 quod
2012 1471 2065 1520 res
2078 1471 2193 1538 magna
2207 1459 2403 1538 pertranseat
2419 1469 2475 1538 per

1520 1577 1650 1644 parram
1673 1575 1778 1636 acum,
1805 1577 1898 1642 quam
1935 1559 2019 1642 quod
2054 1559 2156 1624 anima
2192 1557 2305 1642 cupida
2327 1565 2359 1622 et
2381 1575 2476 1624 avara

1520 1663 1615 1730 intret
1640 1661 1668 1726 io
1695 1662 1833 1740 caelum,
1856 1661 1910 1730 uhi
1930 1667 1976 1730 est
1993 1663 2180 1730 sufficientia
2201 1663 2373 1740 honorum;
2390 1659 2474 1744 quia,

1520 1769 1600 1836 sieut
1616 1767 1692 1834 dicit
1706 1769 1903 1834 Ecclesiastes
1927 1767 2036 1854 quinto
2051 1769 2086 1848 1⁰,
2110 1795 2127 1828 «
2141 1787 2257 1836 avarus
2279 1787 2341 1834 non
2367 1767 2475 1852 imple·

1520 1875 1605 1942 bitur
1630 1873 1775 1960 pecunia,
1799 1881 1830 1940 et
1853 1875 1906 1960 qui
1931 1883 2014 1940 amat
2036 1875 2159 1942 divitias
2184 1877 2322 1942 tractum
2345 1893 2408 1940 non
2426 1891 2474 1940 oa-

1520 1981 1584 2066 piet
1605 1999 1648 2048 en
1670 1981 1716 2048 eis
1732 2007 1764 2060 »‚
1787 1981 1885 2048 immo
1913 1989 2000 2048 certe
2032 1981 2197 2048 interitum
2228 1979 2472 2064 sempiternum,

1520 2089 1593 2174 quia
1616 2089 1738 2174 trontius
1761 2087 1942 2154 divitiarum
1964 2087 2064 2154 trahit
2084 2087 2248 2166 deorsnm;
2273 2085 2473 2152 Ecclesiastae

1520 2195 1647 2280 quinto:
1676 2193 1839 2260 «Divitiae
1862 2201 2064 2260 conservatae
2086 2193 2118 2258 iu
2136 2193 2254 2258 uratum
2274 2189 2390 2258 domini
2412 2189 2471 2258 sui.
2570 2249 2574 2258 .

1521 2303 1656 2370 Pereunt
1677 2303 1711 2368 in
1736 2303 1902 2370 afflictione
1934 2303 2069 2386 pessima
2084 2327 2114 2366 a.
2139 2301 2224 2366 Unde
2249 2303 2401 2384 quantum
2427 2297 2471 2364 di·
2493 2305 2624 2348 neretum.

1520 2417 1581 2476 stat
1602 2411 1722 2478 caelum
1747 2429 1766 2476 θ
1790 2415 1892 2490 terra,
1915 2413 2036 2474 tantum
2061 2407 2153 2474 distat
2177 2423 2231 2474 cor
2259 2405 2362 2484 arari,
2388 2403 2471 2488 quod

1520 2515 1601 2582 circa
1624 2525 1751 2582 terrena
1774 2533 1961 2582 ronnersum
1984 2519 2040 2594 est,
2067 2509 2291 2598 erupentia,
2318 2507 2401 2594 qnod
2426 2515 2472 2576 est

1519 2621 1548 2684 in
1566 2621 1659 2686 caelo.
1676 2621 1807 2702 Propter
1824 2621 1906 2704 quod
1922 2619 2018 2686 Isaiae
2033 2619 2292 2704 quinquagesimo
2310 2613 2420 2702 (punto
2432 2615 2470 2678 11:

1524 2751 1539 2782 <r
1554 2725 1642 2790 Sicut
1663 2723 1844 2788 exaltantur
1868 2725 1984 2790 caelia
2012 2731 2111 2802 terro,
2137 2723 2179 2790 sio
2214 2723 2370 2788 exaltatae
2394 2726 2467 2787 sunt

1518 2829 1586 2894 riae
1607 2845 1695 2894 ureae
1718 2847 1735 2892 a
1760 2827 1818 2894 viis
1841 2827 1968 2902 restris,
1992 2833 2023 2892 et
2045 2827 2248 2912 cogitationes
2274 2843 2361 2890 meac
2386 2829 2469 2890 aeo-

1517 2931 1718 3018 gitetionihus
1740 2933 1854 2998 restris
1869 2933 1916 2998 e.
1938 2933 1973 2998 lit
2005 2931 2246 3010 attendendum,
2276 2929 2359 3014 quod
2384 2935 2469 2996 reeta
2491 2941 2626 3038 affinio

1517 3043 1562 3106 est
1587 3039 1777 3122 comparatio
1798 3041 1885 3104 arari
1908 3041 1955 3104 nri
1976 3039 2158 3116 cometem,
2175 3037 2250 3122 qrtia
2271 3037 2408 3104 camelus
2423 3037 2471 3102 in·
2582 3027 2589 3038 ’

1516 3143 1662 3230 gentibus
1676 3143 1829 3212 membris
1844 3151 1892 3212 θεῖ
1906 3145 2023 3238 animal
2037 3163 2165 3212 enorme
2180 3147 2216 3224 1²,
2231 3151 2469 3210 monstruosum

1516 3257 1546 3318 et
1569 3249 1751 3334 gibbosum3
1778 3249 1821 3318 sie
1844 3269 1975 3332 avarus,
1992 3269 2048 3336 per
2066 3269 2204 3318 amorem
2222 3251 2388 3334 copulatus
2404 3251 2469 3316 suis

1514 3357 1776 3440 possessionibus
1793 3365 1840 3422 θεῖ
1855 3357 1944 3442 qrtasi
1968 3359 2083 3424 animal
2099 3365 2345 3424 monstruosum.
2362 3357 2470 3424 Aditus

1514 3469 1619 3530 autem
1652 3463 1737 3548 regni
1775 3465 1914 3530 caelestis
1949 3471 2151 3548 comparatur
2184 3463 2351 3550 foramini
2387 3483 2469 3530 acres

1514 3575 1644 3654 propter·
1667 3569 1887 3636 arctitudinetn
1920 3577 1953 3638 et
1982 3569 2253 3656 spiritualitatem
2279 3569 2361 3636 unde
2394 3569 2469 3636 blat-

1514 3677 1598 3742 thaei
1621 3677 1752 3762 septimo
1767 3677 1805 3742 1³:
1838 3703 1852 3736 «
1868 3679 2005 3762 Angusta
2035 3683 2082 3744 est
2111 3683 2205 3762 porta
2226 3683 2259 3744 θῖ
2287 3681 2381 3764 arcta
2398 3675 2467 3756 via,

1514 3781 1704 3868 praeducit
1726 3783 1765 3848 ad
1789 3783 1902 3864 vitam,
1925 3783 2072 3866 etpauci
2102 3783 2222 3850 intrant
2245 3799 2301 3866 per
2333 3781 2417 3848 illam
2434 3809 2466 3848 ».

1513 3887 1599 3956 Unde
1621 3887 1721 3954 maior
1743 3893 1791 3956 est
1813 3889 2045 3976 impossibilitas
2069 3889 2166 3974 ipsius
2183 3889 2271 3956 atari
2286 3889 2325 3954 ad
2348 3887 2469 3954 aditum

1513 3995 1545 4060 iu
1569 4013 1703 4080 regnum
1727 3995 1885 4062 caelorum
1913 4013 2009 4080 quam
2044 3995 2152 4062 cameli
2176 3996 2216 4061 ad
2239 3993 2469 4076 transeundum

1512 4103 1652 4168 foramen
1674 4119 1759 4168 acus.
1785 4103 1914 4188 Propter
1930 4103 2016 4188 quod
2031 4103 2268 4170 bernardus²4z
2297 4127 2313 4160 «
2331 4103 2388 4166 Per
2410 4119 2466 4168 an-

1511 4211 1633 4292 gustam
1670 4207 1894 4274 contendamus
1926 4209 2048 4294 ingredi
2082 4215 2222 4292 portam,
2245 4223 2373 4274 neeesse
2410 4211 2467 4272 θεῖ.

1513 4311 1610 4394 Quid,
1634 4319 1670 4378 tu
1693 4313 1828 4392 camele,
1853 4313 1998 4398 gibbum,
2025 4313 2116 4398 quid,
2144 4319 2176 4380 tu
2201 4313 2388 4398 pecuniose,
2419 4311 2470 4378 lu-

1513 4419 1570 4484 dae
1596 4417 1761 4502 proditoris
1785 4417 1904 4486 locaalos
1926 4419 2033 4486 tollis?
2054 4421 2119 4486 Non
2138 4419 2200 4498 sic,
2218 4417 2330 4502 impie,
2347 4435 2409 4482 non
2425 4417 2470 4484 sic

1512 4523 1716 4610 ingredieris3
1733 4523 1872 4592 foramen
1889 4543 1966 4592 acus
1981 4525 2162 4592 huiusmodi
2182 4523 2321 4592 sarcinas
2338 4541 2400 4590 non
2416 4523 2470 4590 ad-

1511 4631 1616 4698 mittit.
1631 4631 1689 4698 Sed
1702 4639 1857 4698 exeusant
1869 4649 1902 4700 se
1914 4631 2009 4718 aliqui
2027 4631 2181 4700 dicentes:
2199 4631 2373 4708 Abraham,
2389 4631 2636 4732 lsaaclxggfflefflfr

1512 4743 1545 4802 θῖ
1565 4735 1656 4804 Iacob
1673 4735 1832 4822 ceterique
1849 4737 1950 4804 Sancti
1976 4739 2117 4822 nunquid
2139 4757 2201 4804 non
2227 4745 2368 4804 terrenas
2393 4737 2471 4804 divi-

1512 4843 1571 4910 tias
1596 4843 1743 4910 habuisse
1766 4845 1916 4928 leguntur
1929 4843 1983 4910 15?
2006 4843 2127 4910 Sufficit
2144 4843 2249 4922 nobis3
2267 4841 2469 4926 nequeenim

1512 4967 1623 5016 sumus
1638 4949 1784 5032 patribus
1799 4949 1944 5016 meliores
1961 4975 1991 5012 n.
2010 4985 2052 4998 -
2075 4977 2091 5008 «
2107 4949 2187 5032 Qraid
2213 4947 2472 5032 respondebimus

1583 5427 1698 5482 10ῖθεε.
1720 5431 1743 5480 n.
1769 5439 1795 5482 θῖ
1811 5429 1907 5482 deinde
1935 5445 1962 5484 r.
1991 5433 2034 5486 lb.
2063 5447 2127 5500 seq„
2148 5431 2191 5486 ubi
2222 5447 2270 5498 pro
2295 5437 2470 5488 conservatae

1511 5517 1594 5572 ACD
1613 5521 1798 5588 conprcpetce.
1816 5547 1853 5558 —
1871 5521 1908 5572 lle
1926 5519 2038 5574 diversis
2056 5522 2142 5576 modis
2162 5519 2362 5586 impossibilium
2383 5525 2430 5576 etr.
2449 5527 2469 5576 l.

1512 5609 1581 5660 Sent.
1601 5609 1626 5660 d.
1647 5609 1689 5660 te.
1708 5623 1734 5676 q.
1754 5609 1779 5660 3.
1799 5609 1823 5660 in
1844 5623 1917 5674 corp.

1583 5695 1605 5726 ²1
1625 5697 1699 5750 Vere.
1721 5699 1746 5750 9.

1581 5783 1604 5816 ²²
1622 5787 1705 5850 Beda,
1727 5789 1755 5856 b'.
1776 5787 1803 5840 in
1820 5789 1881 5840 Luc.
1910 5789 1954 5850 lb,
1976 5789 2016 5840 ·25
2047 5789 2163 5842 uomiuat
2184 5791 2339 5842 «centetum
2357 5788 2469 5854 ingenti-

1511 5873 1563 5928 bus
1580 5873 1707 5928 membris
1727 5891 1861 5928 enormem
1874 5897 1898 5928 e.
2528 5875 2529 5878 ’

1582 5961 1698 6016 13ῖθεε.
1719 5963 1760 6016 tt.
1779 5963 1829 6020 Clr.
1850 5967 1939 6018 Glossa
1959 5963 2102 6020 ordinaria
2120 5965 2163 6032 (ex
2186 5965 2266 6032 Beda)
2294 5967 2318 6018 in
2338 5969 2401 6020 Loe.
2423 5969 2468 6030 lb,

1512 6053 1555 6106 25.
1574 6081 1610 6092 -
1628 6053 1736 6106 interius
1753 6067 1802 6116 pro
1820 6051 1849 6106 in
1876 6067 2006 6122 repetam,
2025 6059 2048 6106 H
2066 6053 2160 6124 repni,
2179 6057 2225 6122 qui
2243 6055 2321 6106 etiarn
2342 6069 2403 6108 eum
2417 6055 2468 6108 nc

1485 6173 1487 6176 -
1511 6143 1564 6194 DG
1581 6141 1676 6194 omittit
1694 6141 1840 6206 coelorum,
1861 6149 1885 6194 et
1903 6157 1951 6208 pro
1972 6143 2170 6198 transeundum
2189 6145 2234 6210 (ita
2247 6141 2278 6206 G)
2300 6143 2319 6194 h
2330 6143 2412 6194 Cllll
2430 6141 2468 6196 in-

1511 6227 1652 6284 trundum.

1582 6319 1605 6350 ¹4
1625 6323 1761 6374 Declamet.
1783 6323 1839 6380 loir.
1860 6337 1938 6386 snpra
1957 6337 2019 6386 pag.
2042 6323 2106 6386 528,
2120 6327 2180 6374 note
2194 6321 2231 6390 8.)
2250 6319 2283 6372 V.
2302 6335 2325 6372 u.
2342 6323 2365 6374 5.
2379 6329 2406 6374 et
2425 6323 2466 6376 Vl.

1511 6423 1537 6460 n.
1557 6409 1580 6460 6.
1599 6437 1635 6448 ·-
1652 6411 1723 6462 loon.
1747 6411 1792 6476 ld,
1812 6411 1836 6462 6.
1856 6411 1889 6464 de
1914 6411 1977 6464 luda
1996 6411 2106 6472 elicitur,
2127 6429 2140 6456 α
2154 6409 2216 6476 qnia
2244 6409 2287 6460 lor
2306 6417 2362 6464 erat
2388 6419 2415 6464 et
2432 6413 2468 6464 lo-

1512 6499 1584 6550 culos
1603 6497 1704 6550 habens
1716 6517 1731 6544 »
1753 6503 1804 6552 etc.

1580 6581 1604 6614 ¹⁵
1623 6587 1686 6638 Gen.
1706 6587 1754 6650 l3‚
1775 6587 1798 6638 l.
1817 6601 1890 6654 seqq.
1910 6593 1935 6640 θῖ
1953 6589 2001 6652 36,
2020 6587 2047 6638 7.
2065 6585 2115 6638 Cir.
2129 6585 2249 6654 llieron.,
2263 6587 2301 6640 lll.
2318 6587 2467 6642 Commeat.

1511 6675 1538 6726 in
1558 6675 1643 6728 llettb.
1664 6675 1710 6748 tt,
1731 6677 1773 6728 23.
1792 6703 1827 6714 -
1847 6679 1905 6730 Post
1925 6671 2029 6744 Sufficit
2055 6671 2130 6728 anobis
2160 6679 2244 6728 textus
2267 6677 2403 6740 originalis
2431 6675 2468 6742 (et

1511 6761 1587 6816 Card.
1605 6763 1693 6830 Ilugo)
1712 6765 1785 6818 addit
1805 6779 1873 6830 csse,
1891 6763 1960 6818 eiciet
1980 6761 2020 6816 illi
2036 6761 2163 6830 fuerunt,
2177 6765 2223 6830 qui
2242 6765 2319 6818 etiam
2338 6771 2398 6830 post
2417 6779 2469 6818 me·
2496 6755 2499 6762 ’

1475 6915 1477 6922 y
1511 6851 1590 6904 liores
1610 6851 1685 6918 plura
1703 6851 1846 6918 subiungit.
