5900 8266
488 2939 491 2942 ,
559 2883 586 2934 ln
606 2883 655 2934 hoc
674 2881 786 2948 septimo
804 2883 909 2934 nostrae
927 2881 1049 2936 editionis
1064 2881 1199 2936 volumine
1211 2881 1445 2950 exhibemusopos

436 2993 439 3002 “
491 2989 651 3056 exegeticum
662 2989 792 3056 seraphici
802 2989 921 3044 Doctoris
932 2993 1002 3042 certo
1014 2989 1170 3056 genuinum,
1180 2983 1279 3042 adlecta
1291 2989 1446 3056 appendice,

490 3109 558 3166 quae
575 3095 690 3150 continet
706 3093 788 3150 dubia
807 3097 849 3148 rel
863 3097 948 3164 potius
967 3093 1102 3160 illegitima
1121 3097 1256 3162 opuscula.

914 3271 985 3328 ChP.
1003 3273 1020 3326 l.

584 3447 628 3518 De
650 3437 787 3536 genuino
810 3445 840 3516 S.
865 3445 1106 3518 Bonaventurae
1127 3445 1356 3518 Commentario

564 3565 566 3570 ·
767 3549 803 3620 in
824 3551 1035 3644 Euangeliou
1057 3551 1170 3622 Lucae.
1272 3549 1273 3554 ’

561 3745 748 3802 Commentarii
765 3747 844 3800 lunius
866 3749 995 3814 prologus
1011 3745 1117 3814 incipit:
1134 3745 1254 3816 Spiritus
1274 3745 1385 3802 Domini
1403 3761 1447 3802 su·

487 3865 537 3922 per
557 3865 615 3918 ¹tote,
635 3851 762 3916 expositio
780 3865 846 3904 vero
860 3851 1027 3916 praelationis
1037 3853 1064 3904 S.
1079 3853 1181 3904 Lttcae:
1195 3849 1329 3916 Quoniam
1343 3849 1449 3920 quidun

492 3955 572 4012 uuiti
582 3963 641 4022 etc,
660 3957 711 4010 sic:
731 3955 779 4012 Hie
793 3961 832 4012 est
845 3955 982 4026 prologus
1000 3955 1129 4012 ductoris.

562 4063 726 4116 Praecianum
741 4065 811 4116 hunc
822 4059 1049 4116 Commentariun]
1061 4075 1119 4114 esse
1131 4067 1202 4114 certo
1216 4063 1362 4128 genuinum
1374 4075 1450 4128 opus,

492 4171 589 4222 arinis
609 4171 732 4232 crttditls,
752 4169 814 4222 solis
836 4171 951 4234 exceptis
976 4167 1122 4222 editoribus
1147 4169 1267 4232 Venetis,
1286 4181 1391 4234 semper
1411 4181 1451 4220 as·

492 4279 590 4328 sertum
610 4279 657 4326 est.
676 4275 718 4327 lsti
737 4287 801 4326 vero
820 4287 955 4342 censores,
968 4273 1094 4338 neglectis
1113 4273 1234 4340 plurimis
1252 4273 1413 4338 argumentis
1426 4273 1452 4324 in

494 4381 612 4432 taronem
630 4377 750 4430 Doctoris
773 4377 903 4440 seraphici
933 4377 1119 4442 militantibus,
1137 4379 1188 4430 hoc
1210 4391 1278 4444 opus
1298 4377 1331 4430 ad
1349 4377 1452 4432 lnce-u

494 4483 588 4550 scripta
607 4483 714 4536 relicere
734 4483 820 4534 conati
837 4489 911 4548 sunt,
931 4483 1003 4536 ducti
1020 4483 1174 4538 ratiunculis
1192 4497 1255 4536 rere
1273 4483 1398 4536 sutilibus.

520 4613 522 4616 ·
564 4589 579 4654 S
599 4591 624 4642 l.
642 4585 750 4642 Nullius
767 4585 888 4642 momenti
907 4585 970 4642 suut
989 4585 1104 4642 rationes
1123 4587 1154 4642 ab
1176 4585 1318 4642 editofibus
1345 4587 1452 4642 Venalis

493 4707 536 4762 pro
556 4691 610 4746 ista
629 4689 747 4762 opinione
765 4689 874 4746 allatae.

564 4797 680 4852 Censura
698 4799 810 4852 istorum
823 4805 878 4852 tunt
892 4805 982 4852 contra
995 4801 1065 4852 hunc
1076 4797 1302 4852 Commentarium
1321 4805 1377 4854 tum
1390 4813 1453 4854 con-

493 4911 531 4958 tra
551 4903 746 4970 Expositiouem
770 4905 896 4958 orationis
924 4903 1073 4960 dominicae
1100 4907 1166 4958 haec
1194 4879 1235 4958 est
1262 4905 1314 4972 (ed.
1330 4907 1452 4970 ·Veneta,

493 5017 558 5064 tom.
581 5011 597 5062 l.
627 5009 742 5064 diatriba
767 5023 828 5074 pag.
857 5009 927 5078 auh:
951 5011 1042 5064 «Sunt
1061 5011 1148 5078 plura,
1178 5025 1247 5080 quae
1273 5013 1387 5066 maxime
1404 5029 1452 5068 nos

458 5095 461 5104 ⁴
494 5119 613 5180 movent,
628 5121 655 5169 ut
667 5121 810 5182 utrumque
824 5119 876 5170 hoc
887 5097 1045 5182 opusculum
1059 5115 1093 5170 ad
1106 5117 1272 5182 supposititia
1284 5111 1452 5184 ablegamus;

494 5227 555 5278 sunt
574 5235 588 5274 c
607 5221 713 5276 diverso
732 5235 803 5290 qrrae
822 5235 983 5290 magnopere
996 5223 1107 5276 alliciant
1126 5229 1230 5290 nos,·ut
1253 5225 1319 5278 inter
1336 5225 1452 5290 legitima

494 5329 695 5382 Bonaventurae
713 5343 794 5396 opera
822 5343 1016 5384 recenseamus.
1034 5329 1072 5382 Ac
1098 5343 1147 5384 nos
1172 5343 1234 5384 cum
1253 5331 1345 5398 primis
1371 5347 1452 5398 grave

494 5437 590 5502 premit
607 5435 786 5488 testimonium
806 5437 948 5492 Ptolomaei
965 5437 1104 5502 Lucensis,
1124 5435 1273 5490 cuiusmodi
1291 5435 1375 5490 verba
1392 5443 1453 5492 sunt

495 5541 571 5610 (illst.
589 5543 687 5596 Eccles.
706 5555 765 5608 cap.
782 5541 901 5612 XXlll.):
925 5541 1016 5594 «Huic
1038 5543 1239 5596 Bonaventurae
1263 5541 1386 5596 Urbanus
1409 5545 1452 5596 lV.

494 5649 547 5702 duo
566 5649 710 5716 Evangelia
728 5647 869 5716 glossando
887 5647 1069 5712 commiseram
1087 5647 1136 5702 sed
1154 5659 1279 5700 excusans
1299 5661 1327 5700 se
1344 5653 1453 5712 propter

494 5757 626 5820 officium,
644 5755 717 5824 quod
745 5755 874 5824 habebat,
901 5755 963 5822 quia
989 5755 1109 5820 tlogister
1137 5755 1269 5806 Generalis
1293 5757 1362 5820 erat,
1381 5753 1453 5806 idem

479 5863 589 5916 Doctor
607 5863 724 5928 Aquinas
744 5863 878 5926 supplerit
890 5881 915 5914 a.

538 5941 540 5944 ¹
571 5969 648 6022 «Sed
666 5973 696 6022 ul
713 5983 782 6034 opus
810 5971 851 6022 rel
880 5971 968 6034 ipsum
998 5965 1222 6034 introspiciamus,
1242 5967 1405 6030 incomptum
1419 5971 1455 6042 et

494 6073 644 6126 inornatum
662 6073 768 6126 dicendi
786 6087 886 6138 gentis,
905 6073 977 6140 quod
998 6077 1047 6126 hoc
1061 6073 1086 6126 in
1098 6073 1225 6140 opusculo
1241 6071 1455 6136 deprehenditur,

479 6179 558 6234 ,satis
576 6177 733 6244 suspicionis
753 6175 829 6232 nobis
846 6179 906 6242 dat,
925 6183 955 6230 ut
980 6179 1103 6244 spurium
1128 6181 1328 6232 Bonaventurae
1355 6179 1454 6244 foetum

494 6283 652 6338 iudicemus.
670 6283 806 6350 Frequens
825 6283 920 6338 deinde
940 6283 1071 6348 expositor
1088 6285 1137 6336 tuit
1159 6283 1187 6336 in
1206 6283 1316 6338 citandis
1334 6285 1455 6354 Sallustii,

496 6391 624 6454 Senecae,
643 6389 698 6442 lulli
716 6387 849 6452 Caesaris,
869 6389 973 6442 Catonis
992 6389 1079 6454 libriS,
1097 6403 1113 6442 a
1133 6389 1241 6458 quibus,
1264 6395 1293 6442 ut
1306 6391 1454 6444 coniectura

496 6493 697 6562 consequimur,
715 6505 745 6544 se
763 6491 872 6558 quidem
890 6491 1076 6546 Bonaventura
1093 6493 1220 6548 continuit
1232 6515 1259 6548 ι).

572 6599 732 6664 «Ceterum,
752 6603 781 6652 ul
798 6599 918 6652 dimmus
938 6599 1012 6664 quod
1028 6613 1073 6652 res
1091 6605 1144 6664 est,
1163 6601 1292 6654 habemus
1311 6601 1374 6670 alia,
1386 6617 1455 6670 quae

496 6719 545 6758 nos
563 6705 592 6758 in
617 6705 769 6772 oppositam
786 6703 942 6760 sententiam
961 6707 1125 6770 pertrahunt.
1146 6705 1184 6758 hc
1201 6705 1319 6772 primurn
1341 6709 1455 6760 occurrit

496 6811 603 6868 loannes
623 6815 784 6868 Trithemlus
801 6813 828 6868 ln
845 6811 963 6868 indiculo
981 6815 1196 6866 Bonaventurae:
1215 6811 1306 6880 Super
1327 6809 1454 6868 Oratione

1508 2881 1650 2938 Dontint'cu
1667 2881 1713 2964 tib.
1731 2885 1752 2938 i.
1771 2887 1808 2962 Iu
1820 2881 1999 2954 Douugcit'um
2018 2887 2107 2940 Lucuc
2124 2883 2169 2938 tt'b.
2188 2887 2211 2938 I.
2229 2883 2375 2938 Occttrrunt
2393 2899 2469 2950 prae-

1508 2995 1594 3056 terea,
1612 3005 1681 3058 quae
1698 2991 1809 3044 Romani
1829 2991 1942 3046 editores
1955 2991 2152 3058 inergumeno
2165 2991 2335 3058 expositionis
2348 2993 2468 3046 eiusdem

1508 3101 1572 3150 tom.
1592 3099 1621 3152 ll.
1638 3097 1812 3164 scripserant:
1836 3097 1985 3152 «Dicemus
2012 3099 2094 3166 igitur
2120 3099 2173 3152 iarn
2198 3099 2233 3154 de
2260 3097 2421 3166 expositione
2441 3101 2469 3182 in

1509 3205 1623 3274 Lucam,
1641 3219 1725 3274 quarn
1742 3205 1799 3260 eius
1825 3217 1884 3262 esse
1912 3221 1966 3260 nou
1991 3205 2078 3260 solum
2097 3205 2256 3260 Trithemius
2276 3205 2403 3274 ostendit,
2420 3207 2469 3260 sed

1510 3313 1589 3378 plane
1607 3283 1768 3366 demonstrat
1796 3313 1928 3378 exemplar
1955 3316 2033 3366 vetus
2054 3311 2226 3376 Vaticanum,
2245 3311 2362 3378 itemque
2381 3325 2470 3390 exem·

1510 3417 1593 3484 pluria
1613 3423 1727 3484 quatuor
1748 3419 1776 3470 in
1802 3419 1893 3484 Belgio
1922 3419 2057 3484 diligenter
2085 3423 2232 3484 asservata,
2250 3433 2365 3486 quorum
2385 3433 2469 3472 unum

1511 3529 1552 3578 est
1577 3523 1763 3592 Gandarense,
1792 3523 1902 3578 alterum
1928 3525 2113 3588 Bruxellense,
2140 3523 2246 3578 tertium
2279 3505 2469 3604 Traiectinum,

1511 3637 1635 3700 quartum
1655 3631 1830 3684 Lovaniense:
1851 3645 1912 3684 cum
1930 3631 2028 3700 quihus
2054 3631 2179 3684 omnibus
2207 3631 2270 3686 olim
2288 3645 2303 3682 a
2318 3631 2348 3686 F.
2366 3631 2471 3684 hlalthia

1508 3739 1698 3812 Dordracensl‚
1718 3739 1838 3792 Fratrum
1860 3737 1990 3792 hinorum
2018 3739 2172 3792 Germaniae
2196 3739 2324 3792 interioris
2354 3719 2469 3792 Ministro

1512 3843 1767 3908 praeinstandum
1788 3847 1878 3898 collata
1903 3859 1984 3912 quarn
2012 3845 2210 3910 diligentissime
2237 3847 2302 3898 haec
2330 3845 2469 3912 expositio,

1514 3965 1583 4002 anno
1612 3951 1772 4004 llDXXXlX
1804 3951 1873 4018 typis
1908 3949 2143 4016 nntverpiensmus
2171 3951 2298 4004 concinne
2328 3951 2471 4018 impressa,

1514 4057 1596 4112 Paulo
1613 4057 1652 4111 lll.
1670 4057 1745 4110 Pont.
1761 4057 1826 4108 hlax.
1846 4057 1943 4124 prodiit
1971 4057 1997 4108 in
2020 4057 2115 4110 lucem.
2144 4057 2178 4110 Ex
2203 4055 2402 4120 Antverpiensis
2419 4057 2472 4110 edi·

1514 4165 1592 4218 tionis
1610 4167 1671 4228 apte
1682 4167 1806 4230 recteque
1818 4165 1974 4216 emendatae
1994 4165 2135 4230 exemplari
2157 4165 2301 4218 sumsimus
2321 4165 2472 4230 exemplum

1515 4271 1551 4324 ad
1568 4271 1710 4324 editionem
1739 4271 1891 4324 vaticanam
1920 4275 2000 4336 hanc,
2029 4285 2100 4338 quae
2124 4273 2217 4324 melior
2245 4271 2332 4324 mtrltis
2351 4249 2472 4336 partibus

1515 4375 1619 4428 reddita
1636 4381 1677 4426 est
1694 4375 1886 4438 exemplaribus
1906 4389 2013 4444 qnoque
2031 4375 2087 4428 aliis
2100 4395 2125 4428 n.
2146 4377 2217 4430 Haec
2234 4391 2298 4440 nos,
2316 4381 2409 4442 utpote
2426 4355 2472 4444 qui

1516 4481 1578 4534 nihil
1598 4485 1765 4534 contemnere
1784 4483 1912 4548 solemus,
1931 4483 2009 4536 valde
2028 4483 2181 4548 prohibent,
2193 4497 2228 4536 ne
2240 4487 2286 4534 aut
2298 4463 2472 4548 dextrorsum,

1516 4597 1563 4642 aut
1580 4587 1758 4640 sinistrorsum
1777 4587 1945 4652 inclinemus
1967 4589 2014 4642 sed
2035 4603 2163 4654 suspenso
2189 4601 2346 4642 maneamus
2365 4587 2472 4652 iudicio,

1517 4691 1602 4744 donec
1622 4693 1717 4744 veritas
1736 4687 1811 4744 nobis
1828 4691 1990 4756 affulgeat».

1586 4799 1641 4850 Hac
1661 4797 1911 4862 animadversiones
1929 4805 2060 4866 quatenus
2081 4799 2226 4864 respiciunt
2249 4797 2474 4852 Commentarium

1515 4905 1545 4958 in
1562 4907 1670 4970 Lucam,
1682 4905 1745 4958 satis
1756 4919 1865 4958 extersae
1877 4909 1937 4958 sunt
1948 4905 2001 4958 iam
2014 4907 2118 4958 saeculo
2130 4906 2309 4972 praeterlapso
2324 4919 2340 4956 a
2352 4905 2474 4972 blagislro

1515 5011 1662 5078 Hyacinthe
1676 5011 1798 5064 Sbaralea
1812 5011 1959 5080 (Supplem.
1979 5011 2012 5072 ad
2032 5011 2177 5078 Scriptores
2193 5011 2257 5066 Ord.
2272 5011 2331 5088 lllin.
2345 5025 2407 5076 pag.
2422 5011 2472 5064 tid

1516 5121 1543 5168 et
1556 5115 1633 5168 etiarn
1647 5113 1719 5182 tut),
1742 5115 1913 5170 cuiusverba
1931 5131 1945 5170 a
1964 5117 1991 5170 P.
2009 5119 2108 5170 Bonelli
2126 5117 2152 5170 in
2168 5117 2312 5170 Prodromo
2333 5117 2390 5184 (col.
2411 5117 2473 5186 637)

1516 5237 1548 5276 ex
1566 5221 1645 5274 variis
1664 5221 1727 5276 locis
1745 5223 1851 5276 collecta
1870 5221 1908 5276 sic
1926 5221 2093 5278 exhibenturr
2385 5203 2386 5206 ¹

1592 5331 1674 5394 «Ego
1691 5335 1768 5398 puto,
1788 5331 1938 5384 Ptolomaeo
1956 5331 2038 5384 tuisse
2055 5329 2235 5398 suppositum,
2248 5335 2294 5384 aut
2306 5331 2472 5398 quorundam

1516 5451 1651 5492 rumorem
1676 5439 1701 5490 el
1720 5437 1896 5490 coniecturam
1916 5443 2045 5492 secutum.
2064 5437 2122 5502 Quo
2140 5437 2212 5490 enim
2225 5441 2304 5504 pacto
2321 5437 2406 5502 potuit
2428 5439 2475 5490 Bo·

1505 5549 1661 5616 ¹narentura
1680 5557 1707 5596 se
1725 5557 1851 5596 excusare
1868 5557 1956 5596 coram
1976 5543 2114 5608 Pontinos,
2132 5543 2179 5610 qui
2195 5549 2307 5596 noverat
2318 5557 2380 5596 eum
2399 5545 2475 5608 plura

1517 5651 1653 5716 scripsisse
1673 5655 1698 5704 el
1714 5655 1776 5704 tunc
1796 5649 1874 5704 etiam
1892 5647 2022 5716 scribere,
2042 5663 2090 5702 nec
2109 5651 2143 5702 ito
2163 5649 2283 5716 patribus
2303 5647 2475 5704 Comitiorum

1517 5755 1725 5810 Narbonensium
1745 5755 1931 5822 respondisset
1949 5755 2072 5808 Sanctum
2090 5755 2231 5810 Ductorem
2243 5755 2436 5820 Expositionem
2447 5755 2474 5806 in

1517 5863 1617 5914 Lucam
1635 5863 1778 5914 coniecisse
1796 5867 1923 5914 testantur
1948 5867 2007 5914 ante
2027 5861 2200 5914 Trithemium
2221 5861 2378 5914 Octavianus
2398 5841 2476 5914 Sues-

1518 5977 1614 6030 sanus,
1632 5965 1785 6020 Franciscus
1805 5967 1931 6034 revince,
1949 5965 2080 6020 Rohertus
2099 5965 2240 6030 molensis,
2253 5963 2363 6018 lacobus
2375 5965 2475 6028 Oddus,

1501 6077 1545 6132 ¹et
1562 6073 1776 6134 Bartholomaeus
1804 6073 1912 6126 Pisanus
1937 6073 2004 6124 circa
2028 6085 2129 6124 annum
2157 6071 2226 6124 taor
2249 6069 2374 6125 scribens.
2392 6073 2478 6124 Ptolo·

1496 6213 1500 6224 ·
1518 6193 1611 6232 mueus
1629 6193 1705 6244 vero,
1725 6179 1772 6232 etsi
1790 6181 1882 6232 auctor
1899 6191 2015 6244 suppar,
2035 6177 2139 6244 scripsit
2158 6177 2301 6230 Historiam
2319 6175 2476 6232 Ecclesiasti-

1518 6297 1576 6336 caro
1596 6285 1680 6336 molto
1706 6291 1766 6350 post
1793 6285 1877 6338 sancti
1903 6283 2023 6336 Doctoris
2051 6283 2168 6348 obitum,
2187 6289 2248 6348 post
2273 6297 2373 6338 annum
2398 6283 2477 6336 tastu.

1518 6389 1619 6442 Desinit
1636 6391 1662 6442 io
1682 6405 1722 6442 an.
1745 6391 1821 6442 luet.
1841 6391 1929 6458 Quare
1946 6389 2030 6454 potuit
2049 6403 2164 6456 errasse,
2184 6391 2412 6456 quemadmodum
2432 6387 2477 6442 lib.

1518 6495 1598 6550 XXll.
1617 6509 1675 6560 cap.
1694 6497 1772 6558 XXI,
1784 6493 1831 6548 ubi
1844 6495 1935 6558 tradit,
1948 6499 2067 6548 sanctum
2080 6495 2209 6550 Thornam
2224 6495 2346 6550 Coloniae
2360 6495 2479 6548 exsisten-

1519 6607 1572 6656 tem
1583 6615 1719 6654 recusasse
1732 6599 1865 6654 abbatlam
1878 6601 2064 6654 illontiscassini
2074 6613 2124 6666 per
2135 6601 2310 6654 Alexandrum
2326 6599 2478 6654 Pontificem

1519 6707 1649 6772 oblatam,
1667 6721 1729 6762 cunr
1749 6709 1775 6762 id
1804 6711 1899 6762 lactum
1928 6707 2005 6760 tuerit
2022 6687 2070 6772 per
2087 6707 2265 6762 Innocentium
2285 6711 2424 6778 quartum,
2449 6711 2479 6760 ut

1520 6817 1614 6868 latetur
1632 6817 1765 6870 Echardus
1783 6821 1856 6870 torno
1874 6817 1892 6870 l.
1910 6815 1977 6868 Bibl.
1997 6815 2059 6870 Ord.
2077 6817 2169 6870 Praed.
2189 6829 2253 6882 pag.
2270 6815 2331 6868 278.
2353 6815 2380 6870 Si
2398 6815 2478 6868 etium
