5908 8266
529 657 593 722 aba

527 831 678 898 Dominus
712 833 901 918 respondet:
939 833 1089 918 «Vulpes
1110 833 1215 900 foreas
1247 831 1398 896 habent»
1427 837 1484 896 etc.

283 923 287 930 ’
377 959 510 1002 suanam.
530 975 570 984 -
595 939 681 1004 Hunc
698 943 801 1006 autem
819 957 881 1004 non
902 939 1025 1004 admisit
1049 939 1203 1004 Dominus
1224 937 1263 1002 ad
1286 935 1485 1020 perfectionis

527 1043 765 1128 discipulatum,
796 1045 846 1110 uel
877 1043 952 1130 quia
975 1043 1119 1110 movebat
1142 1061 1214 1110 eum
1238 1043 1332 1108 timor
1356 1037 1485 1106 diamani

527 1149 668 1232 periculi,
693 1149 741 1214 rel
762 1169 849 1216 amor
875 1151 1032 1228 benedab
1059 1150 1104 1218 rel
1133 1153 1166 1214 ut
1190 1135 1381 1226 ostenderet,
1404 1145 1487 1212 sicut

527 1261 721 1340 praetactum
748 1257 830 1334 est1,
854 1257 1092 1340 quodpropter
1115 1253 1275 1340 spirituale
1300 1251 1486 1320 beneficium

526 1379 588 1428 non
613 1367 659 1428 est
686 1361 900 1448 accipiendum
929 1361 1134 1446 obsequium;
1156 1361 1242 1426 unde
1265 1357 1409 1424 Matthaei
1433 1357 1487 1424 de-

526 1467 624 1532 cimo:
647 1493 661 1524 x
678 1467 779 1532 Gratis
794 1469 973 1552 accepistis,
992 1467 1088 1552 gratis
1103 1467 1175 1532 date
1188 1493 1216 1532 ι.
1244 1465 1278 1532 El
1302 1465 1484 1548 exemplum

526 1573 624 1640 huius
638 1583 768 1658 apparet
783 1575 816 1640 in
831 1575 949 1652 Eliseo,
965 1575 1070 1658 quarti
1096 1575 1212 1658 Regum
1238 1571 1358 1658 quinto.
1382 1571 1485 1638 Potest

525 1685 629 1746 tamen
653 1679 849 1764 praedicator
868 1681 1009 1766 accipere
1032 1679 1241 1764 stipendium,
1265 1679 1347 1744 sicut
1370 1677 1485 1744 dicitur

525 1787 645 1872 primae
670 1785 705 1852 ad
732 1787 909 1854 Corinthios
940 1805 1039 1864 nono;
1072 1787 1126 1852 sed
1148 1805 1209 1850 non
1235 1785 1327 1851 debet
1347 1785 1485 1870 praedi-

525 1911 604 1958 care
627 1897 756 1976 propter
779 1893 875 1972 illud,
899 1891 951 1958 sed
978 1899 1107 1976 propter
1130 1893 1262 1958 salutem
1287 1889 1404 1976 populi.

616 1999 666 2064 68.
692 1997 727 2062 dt
750 2005 823 2064 nota
839 1999 908 2078 hic,
926 1997 1009 2084 quod
1025 1997 1192 2074 Dominus,
1208 1997 1382 2064 secundum
1398 1997 1483 2082 quod

361 2123 507 2220 quiqam-
525 2105 654 2174 historia
678 2105 855 2190 evangelica
878 2111 1004 2184 narrat,
1027 2105 1195 2188 aliqnando
1219 2103 1369 2188 praecipit
1391 2121 1485 2170 cura-

368 2177 506 2286 piaeead¹t⁵i¹¹⁵
524 2213 581 2290 tie,
606 2211 690 2298 qu'od
720 2213 835 2278 nemini
868 2211 1026 2288 dicerent,
1051 2211 1131 2276 sicut
1157 2217 1240 2296 patet
1262 2209 1295 2276 in
1321 2209 1485 2276 curatione

416 2397 417 2400 Ἴ
524 2317 637 2402 leprosi
671 2319 815 2386 Matthaei
851 2319 1002 2384 octax02:
1032 2319 1155 2398 «Vide,
1179 2317 1295 2384 nemini
1317 2315 1482 2396 dixeris»;

431 2503 432 2506 Ἴ
524 2433 556 2492 et
590 2423 621 2490 in
655 2423 856 2492 suscitatione
887 2423 1027 2508 puellae,
1061 2423 1143 2490 infra
1174 2425 1299 2492 mdem:
1329 2423 1483 2508 «Quibus

524 2531 699 2618 praecepit,
725 2549 763 2598 ne
796 2531 845 2598 cai
869 2531 1009 2598 dicerent
1042 2533 1125 2618 quod
1161 2531 1277 2600 lactum
1301 2541 1411 2600 erat».
1428 2531 1482 2598 liic

524 2641 626 2704 autem
661 2633 811 2724 praecipit
846 2645 972 2718 sanato,
994 2639 1080 2724 quod
1111 2639 1250 2726 divulget
1282 2639 1318 2706 ad
1346 2641 1421 2718 hoc,
1446 2645 1482 2706 ut

524 2743 674 2810 Dominus
696 2745 854 2826 ostendat,
879 2747 1040 2814 veritatem
1065 2749 1235 2814 salutarem
1258 2765 1319 2812 non
1345 2765 1413 2814 esse
1436 2753 1482 2812 ta-

524 2849 672 2928 cendam,
703 2857 734 2918 el
767 2853 899 2938 gloriam
935 2855 1095 2938 propriam
1129 2871 1190 2918 nou
1225 2871 1293 2918 esse
1328 2869 1481 2938 quaeren-

480 3005 481 3008 .
523 2957 604 3026 dam.
629 2957 698 3024 ideo
722 2959 888 3044 aliquando
905 2959 1072 3044 praecipit,
1099 2961 1182 3044 quod
1206 2959 1347 3038 dicatur,
1370 2965 1404 3024 et
1424 2957 1481 3022 ali-

523 3063 648 3150 quando
671 3065 839 3150 praecipit,
863 3063 946 3148 quod
982 3071 1141 3142 taceatur,
1169 3073 1206 3128 ut
1235 3063 1268 3128 in
1301 3063 1407 3148 primo
1428 3061 1482 3128 det

385 3185 504 3230 Documen—
523 3171 765 3250 documentnm,
788 3169 871 3254 quod
908 3169 1024 3236 veritas
1046 3169 1263 3254 praedicetur,
1288 3169 1319 3234 in
1344 3169 1480 3236 secundo

407 3243 450 3282 mm
467 3239 485 3282 ¹'
524 3293 615 3354 xero,
641 3275 725 3362 quod
739 3275 839 3360 gloria
854 3275 982 3360 propria
998 3293 1060 3342 non
1079 3281 1250 3362 quaeratur
1265 3275 1287 3340 ³.
1306 3313 1348 3326 --
1364 3275 1397 3342 ln
1420 3275 1481 3344 hoc

385 3397 504 3442 nocumen-
524 3383 614 3450 etiam
639 3389 783 3466 apparet,
806 3383 892 3468 quod
914 3383 1153 3466 praedicationis
1175 3399 1257 3466 opus
1274 3401 1334 3448 non
1358 3388 1479 3448 tantum

405 3455 450 3494 mm
466 3451 486 3494 ρ’
524 3495 570 3556 est
593 3487 734 3556 uirorum
767 3489 1027 3574 apostolicorum,
1054 3507 1162 3556 verum
1199 3489 1292 3555 etiam
1328 3509 1479 3574 qnorum-

523 3611 659 3678 cumque
681 3593 854 3674 bonorum,
879 3593 933 3680 qui
958 3613 975 3660 a
1006 3593 1131 3660 Christo
1161 3593 1261 3660 edocti
1285 3599 1368 3660 sunt.
1393 3593 1479 3662 Unde

522 3701 613 3770 etiam
640 3701 800 3780 Christos,
836 3701 997 3784 discipulis
1031 3699 1288 3784 prohibentibus,
1325 3701 1479 3788 quendam

522 3805 702 3872 innomine
735 3803 849 3872 Christi
887 3807 999 3874 eiicere
1032 3805 1212 3886 daemonia,
1237 3809 1289 3890 qui
1321 3807 1479 3874 Christum

521 3911 828 3998 consequebatur,
863 3913 961 3980 dixit:
989 3941 1006 3972 a
1022 3913 1121 3980 Nolite
1154 3913 1368 3998 prohibere»,
1399 3913 1480 3980 sicut

457 4075 459 4080 ,
521 4019 637 4086 dicitur
670 4019 753 4084 intra
782 4021 900 4086 nonai.
926 4021 1029 4088 Bonus
1059 4019 1142 4088 enim
1170 4021 1218 4086 vir
1250 4019 1341 4088 debet
1376 4019 1480 4088 dicere

521 4125 604 4210 quod
629 4124 709 4191 dixit
725 4127 843 4210 lloyses
859 4127 1071 4194 Numerarem
1088 4127 1271 4194 undecimo:
1294 4127 1401 4210 «Quis
1417 4127 1479 4206 det,

468 4261 469 4264 ¹
521 4238 558 4298 ut
581 4249 690 4298 astrues
712 4233 918 4316 prophetent,
944 4239 973 4298 et
1005 4233 1057 4298 det
1079 4231 1125 4300 eis
1153 4233 1305 4300 Dominus
1327 4233 1477 4318 Spiritum

521 4343 662 4406 sanctum
680 4343 716 4404 »1
740 4337 913 4406 secundum
938 4339 1015 4406 illud
1049 4337 1088 4406 ad
1124 4339 1335 4424 Philippenses
1358 4337 1479 4426 primo:

498 4535 499 4538 Ἴ
526 4445 629 4512 «Sive
650 4463 708 4528 per
731 4445 909 4524 ueritatem,
934 4445 1000 4514 sire
1022 4463 1080 4530 per
1103 4447 1297 4514 occasionem
1314 4447 1480 4514 annuntie-

519 4557 573 4618 tur
595 4551 758 4632 Christus,
781 4559 813 4618 et
828 4553 859 4618 in
884 4553 944 4620 hoc
965 4553 1105 4638 gaudeo,
1122 4553 1176 4622 sed
1192 4561 1222 4622 et
1246 4553 1434 4640 gaudebo».

611 4659 662 4724 69.
692 4659 798 4726 Tertio
830 4667 985 4746 quantum
1013 4661 1053 4726 ad
1084 4661 1347 4728 commissionem
1378 4661 1479 4750 officii

354 4779 500 4844 Quosdam·
518 4765 651 4832 dicitur:
682 4767 719 4830 dc
742 4785 873 4844 rtarra,
901 4775 1029 4854 quauta
1062 4765 1123 4834 tibi
1141 4763 1282 4852 feccrit⁵
1315 4767 1423 4846 Deus,·
1446 4767 1477 4832 in

338 4881 341 4886 '
377 4843 500 4932 ῗιῗῗῗῑο-Μω
518 4891 582 4958 quo
608 4873 701 4940 mittit
725 4891 799 4940 eum
822 4873 862 4940 ad
884 4875 1128 4958 praedicandum
1144 4881 1177 4940 et
1191 4873 1415 4958 divulgandum
1431 4873 1479 4940 di-

518 4979 627 5046 vinum
650 4977 857 5060 beneficium3
882 4979 1039 5048 Psalmus:
1069 4979 1241 5046 «Narrabo
1256 4997 1369 5046 nomen
1385 4985 1478 5044 tunm

518 5085 672 5152 fratribus
693 5085 771 5152 meis
789 5115 804 5146 »
832 5093 902 5162 etc.;
927 5093 957 5152 et
981 5087 1095 5152 Tobiae
1118 5083 1318 5152 duodecimo:
1341 5087 1479 5150 «Sacra-

517 5198 660 5258 mentum
683 5191 766 5276 regis
797 5191 988 5258 abscondere
1018 5191 1136 5258 bonum
1162 5195 1227 5270 est;
1250 5209 1347 5276 opera
1369 5199 1476 5258 autem

517 5297 572 5364 Dei
599 5297 740 5364 revelare
762 5303 795 5364 et
824 5297 966 5364 confiteri
1001 5297 1212 5366 honorificum
1236 5305 1283 5364 est
1299 5325 1327 5362 ι.
1355 5297 1390 5362 Et
1418 5297 1478 5364 hoc

406 5471 415 5486 ,
517 5403 643 5470 mandat
660 5405 750 5470 Deus
774 5405 861 5480 tieri;
884 5404 1044 5472 Psalmus:
1072 5405 1228 5488 «Quanta
1243 5403 1400 5472 mandarit
1424 5423 1478 5490 pa-

518 5511 621 5578 tribus
643 5511 769 5590 nostris,
794 5519 867 5578 uota
890 5513 993 5580 facere
1008 5531 1045 5578 ea
1061 5511 1133 5580 tiliis
1150 5513 1215 5580 suis
1232 5539 1261 5578 ι.
1286 5513 1320 5578 m
1337 5512 1415 5579 illud
1430 5519 1479 5582 est

516 5617 654 5684 officinm
681 5619 948 5702 praedicatoribus
972 5617 1158 5686 iniunctum.
1186 5655 1187 5658 =

1114 655 1308 722 solimam.
1333 653 1369 720 lN
1393 653 1632 720 evadentium
1655 653 1773 720 LUCAE
1796 653 1829 718 C.
1853 653 1928 718 Vlll.
1960 683 1961 686 ¹

1641 833 1693 896 70.
1716 831 1835 914 Quarto
1858 839 2012 914 quantum
2031 829 2072 896 ad
2086 829 2342 914 divulgationem
2364 829 2508 914 beneficii
2543 845 2663 908 (1111111-

1550 935 1711 1004 subditur:
1733 935 1869 1002 ababuc
1887 955 1949 1022 per
1964 935 2156 1002 uniuersam
2175 935 2337 1004 ciuitatem
2359 937 2469 1004 diceus
2481 939 2505 1016 i,
2519 903 2663 996 ἶῗῖῗῖἕέῗῖω

1550 1043 1635 1128 quod
1657 1043 1833 1108 iniunctum
1859 1049 1923 1124 est;
1942 1043 2028 1108 lonae
2047 1043 2155 1108 tertio:
2186 1043 2318 1128 «Surge
2333 1043 2458 1126 ellade
2475 1043 2505 1110 io

1550 1147 1707 1226 Ninirem,
1733 1147 1888 1214 civitatem
1912 1165 2074 1232 magnam,
2091 1154 2123 1214 et
2145 1145 2293 1232 praedica
2314 1147 2345 1212 in
2364 1167 2398 1214 ea
2416 1167 2507 1232 prae-

1550 1251 1779 1318 dicationem».
1807 1253 1865 1318 Sed
1889 1253 1976 1318 lonas
2000 1251 2197 1336 praedicabat
2231 1253 2426 1338 periculum,
2448 1253 2507 1322 iste

1550 1373 1626 1424 vero
1647 1357 1828 1442 divulgabat
1852 1363 1883 1424 et
1913 1359 2113 1442 praedicabat
2144 1357 2342 1426 beneficium.
2367 1395 2411 1406 -
2434 1361 2506 1428 Pro-

1538 1471 1620 1548 ·pter
1641 1463 1726 1550 quod
1749 1463 1849 1530 addit:
1880 1465 2013 1546 Quanta
2042 1463 2091 1530 illi
2105 1461 2235 1552 ficisset
2249 1465 2358 1544 lesuS,
2380 1475 2417 1532 ut
2433 1483 2505 1532 vere

1548 1569 1666 1636 diceret
1682 1570 1756 1636 illud
1774 1571 1883 1636 Psalmi
1898 1571 1929 1636 ⁷:
1950 1571 2098 1652 «Venite,
2114 1571 2235 1652 audite,
2249 1591 2370 1652 omnes,
2386 1579 2420 1640 et
2433 1589 2505 1640 uar-

1549 1675 1641 1756 rabo,
1667 1683 1784 1762 quanla
1806 1677 1878 1744 iecit
1901 1679 2022 1744 aniruae
2045 1697 2131 1746 meae
2148 1705 2178 1742 ι.
2203 1677 2246 1746 ab
2273 1681 2331 1748 hoc
2356 1679 2506 1746 invitabat

1548 1783 1683 1868 Angelus
1713 1783 1826 1850 Tobiae
1862 1785 2062 1852 duodecimo:
2102 1787 2307 1856 «benedicite
2339 1789 2438 1854 Deum
2475 1793 2505 1854 et

1548 1896 1675 1958 narrate
1696 1891 1801 1958 omnia
1815 1891 1971 1958 mirabilia
1986 1891 2055 1958 eius
2068 1917 2100 1958 ι.
2126 1893 2186 1958 Hoc
2210 1895 2422 1972 autemdicit,
2441 1913 2504 1960 non

1548 1997 1622 2082 qnia
1644 1997 1677 2062 in
1700 2003 1806 2064 nostra
1830 1997 1869 2064 sit
1892 2003 2045 2082 potestate
2067 1997 2172 2064 omnia
2193 1999 2262 2066 eins
2286 2017 2381 2084 opera
2405 2005 2435 2066 et
2452 1999 2504 2066 be-

1548 2103 1659 2168 uehcia
1691 2123 1859 2184 enarrare,
1890 2123 1962 2170 cum
1997 2105 2120 2172 dicatur
2159 2105 2358 2172 Ecclesiastici
2383 2105 2505 2172 decimo

1547 2209 1698 2278 octavol:
1730 2211 1838 2296 «Quis
1860 2211 1977 2278 sufficit
1998 2229 2149 2278 enarrare
2171 2229 2268 2296 opera
2291 2211 2375 2280 iliius
2390 2219 2427 2278 »1
2452 2213 2505 2280 sed

1547 2317 1621 2402 quia
1645 2317 1704 2384 hoc
1727 2317 1817 2384 debet
1841 2335 1909 2384 esse
1930 2317 1964 2384 in
1986 2325 2094 2384 nostro
2115 2315 2271 2384 desiderio
2286 2327 2316 2384 et
2335 2319 2505 2396 voluntate,

1546 2423 1637 2492 iuxta
1661 2423 1737 2492 illud
1761 2425 1887 2510 Psalmi:
1916 2427 2124 2526 «Contitebor
2146 2425 2214 2506 tibi,
2229 2425 2374 2504 Domine,
2393 2425 2421 2492 iu
2441 2431 2505 2492 toto
2594 2445 2597 2452 ’

1546 2531 1640 2600 corde
1664 2549 1749 2612 meo;
1776 2533 1911 2600 narrabo
1933 2535 2038 2600 omnia
2054 2533 2210 2600 mirabilia
2225 2539 2280 2600 tua
2294 2561 2328 2614 »3
2351 2531 2506 2620 nunquia
2556 2587 2558 2590 .

1545 2639 1653 2726 lingua
1674 2639 1808 2708 sufficiat
1833 2641 2030 2726 exprimere,
2052 2639 2106 2706 sed
2130 2639 2205 2724 qnia
2219 2639 2379 2724 gratitudo
2402 2637 2506 2706 cordis

1544 2745 1584 2812 de
1606 2745 1752 2812 omnibus
1777 2743 1863 2830 cupit
1880 2745 1986 2812 Iasides
2011 2745 2173 2810 exsolvere
2199 2749 2228 2810 et
2252 2745 2444 2830 praedicare.
2696 2815 2697 2820 ,

1636 2855 1686 2916 71.
1713 2853 1788 2918 Nota
1812 2851 1878 2930 hic,
1902 2851 1976 2936 quia
2000 2849 2172 2918 secundum
2207 2851 2340 2918 litteram
2365 2859 2505 2936 quatuor
2523 2855 2642 2964 qugqugr

1544 2961 1677 3038 possunt
1700 2975 1740 3022 ex
1766 2957 1855 3023 dictis
1879 2957 1947 3022 elici
1976 2955 2133 3022 notabilia.
2164 2957 2301 3024 Primum
2333 2965 2394 3036 est,
2417 2957 2503 3042 quod
2522 2963 2637 3008 rotabile·

1544 3063 1697 3128 Dominus
1719 3079 1777 3146 per
1808 3063 1885 3128 viles
1914 3071 1947 3128 et
1981 3063 2116 3128 humiles
2141 3079 2289 3146 personas
2314 3063 2412 3130 voluit
2436 3061 2505 3128 aliis

1544 3167 1716 3248 notificari,
1741 3169 1824 3236 sicut
1846 3187 1902 3254 per
1925 3167 2086 3254 porcarios
2117 3175 2148 3236 et
2171 3169 2358 3254 pecorarios.
2384 3207 2428 3244 ,ψ-
2452 3169 2505 3236 Se·

1544 3275 1664 3354 cundo,
1690 3275 1774 3361 quod
1789 3293 1849 3342 non
1876 3293 1983 3342 omnes
2000 3275 2035 3340 ad
2054 3281 2169 3342 statum
2187 3273 2409 3360 perfectionis9
2431 3283 2505 3342 sunt

1544 3381 1745 3458 admittendi,
1770 3383 1824 3448 sed
1847 3387 1968 3447 tantum
1996 3379 2036 3446 illi
2063 3381 2115 3466 qui
2141 3389 2214 3456 sunt
2238 3381 2348 3448 idonei.
2368 3419 2410 3430 -
2428 3383 2504 3448 Ter-

1544 3491 1605 3566 tio,
1630 3489 1713 3574 quod
1728 3507 1748 3554 a
1763 3479 1992 3572 praedicatione
2015 3487 2148 3556 nominis
2164 3487 2279 3554 Christi
2296 3487 2422 3554 arcendi
2441 3505 2504 3554 uon

1544 3603 1619 3664 sunt
1649 3601 1728 3680 quos
1764 3593 1907 3660 Christus
1943 3599 2032 3660 curat
2066 3613 2083 3660 a
2119 3593 2285 3662 vexatione
2309 3593 2433 3662 diaboii.
2459 3629 2501 3642 -

1544 3703 1682 3788 Quarto,
1705 3701 1788 3786 quod
1817 3701 1854 3766 ad
1879 3701 2052 3786 gratiarum
2075 3701 2226 3768 actionem
2252 3719 2310 3786 pro
2340 3699 2502 3768 beneficiis

1544 3809 1679 3894 acceptis
1702 3807 1852 3874 debemus
1876 3825 1943 3876 esse
1967 3807 2206 3892 promptissimi,
2232 3809 2379 3892 exemplo
2407 3807 2503 3874 huius

1544 3913 1751 3992 daemoniaci,
1774 3913 1828 3998 qui
1853 3913 2038 3980 beneficium
2064 3913 2117 3980 Dei
2141 3911 2289 3980 omnibus
2312 3913 2478 3980 nuntiarit.

1634 4025 1686 4088 72.
1710 4023 1854 4088 Factum
1871 4029 1917 4088 est
1932 4031 2058 4100 autem,
2074 4039 2150 4088 cam
2167 4021 2318 4088 recidisset
2332 4023 2427 4088 Iesus
2441 4027 2500 4088 etc.
2534 4023 2613 4088 rursu,
2627 4035 2667 4080 rer

1544 4131 1647 4215 Supra
1659 4129 1686 4170 ¹⁰
1708 4127 1842 4196 ostendit
1868 4127 2061 4214 Evangelista
2081 4127 2255 4194 dominium
2279 4133 2311 4196 et
2332 4127 2502 4196 axxctorita-
2519 4079 2667 4176 ἷῖηῗιῑῗῆἦῖῗῑῗι

1545 4245 1608 4304 tem
1631 4235 1746 4302 Christi
1769 4253 1867 4320 super
1889 4243 2067 4304 creaturam
2084 4235 2280 4320 corporalem
2297 4235 2326 4300 in
2345 4235 2502 4302 sedatione
2519 4183 2578 4336 Ξίῗὲ
2600 4185 2668 4280 effi

1545 4341 1737 4428 tempestatis
1759 4347 1790 4408 et
1821 4359 1917 4426 super
1947 4339 2140 4426 spiritualem
2167 4341 2196 4406 in
2222 4343 2408 4426 expulsione
2431 4341 2502 4408 dae·
2567 4359 2568 4362 ’

1545 4449 1661 4528 monis3
1686 4447 1739 4514 hic
1761 4445 1914 4526 ostendit,
1938 4445 2042 4532 ipsum
2064 4445 2380 4514 dominium'habere
2405 4465 2501 4532 super

1544 4561 1737 4622 creaturam
1759 4553 1971 4638 cmupositam
1990 4571 2029 4618 eu
2046 4561 2187 4640 utruque
2202 4553 2235 4618 in
2251 4555 2412 4622 sanatione
2426 4555 2500 4622 hae-

1544 4661 1753 4728 morrboissae
1780 4667 1811 4728 et
1826 4661 2028 4728 suscitatione
2041 4661 2172 4746 puellae.
2188 4661 2286 4730 Habet
2301 4670 2407 4729 autem
2423 4661 2500 4730 haec

1544 4785 1617 4852 pars
1631 4765 1725 4846 duas,
1742 4767 1916 4834 secuxrdum
1932 4765 2016 4850 quod
2034 4767 2172 4832 humana
2186 4771 2301 4832 natura
2317 4769 2358 4832 ex
2375 4767 2500 4834 duobus
2522 4769 2608 4814 uttan.

1544 4883 1590 4942 est
1613 4873 1798 4958 composita,
1822 4889 1955 4958 corpore
1972 4871 2113 4940 videlicet
2129 4881 2161 4940 et
2175 4873 2289 4940 anima.
2305 4875 2381 4940 Nam
2399 4873 2500 4960 primo

1544 4979 1719 5048 ostenditur
1742 4979 1899 5044 domiuus
1915 4997 2094 5064 corporum
2108 4979 2139 5044 in
2165 4981 2435 5048 haemorrhoissae
2453 5001 2500 5048 sa·
2607 4973 2610 4978 ’

1543 5087 1684 5162 hadone3
1718 5073 1871 5162 secundo,
1896 5085 2050 5150 dotamus
2086 5087 2283 5152 animarum
2311 5087 2345 5154 in
2378 5087 2501 5174 puellae

1544 5189 1753 5268 suscitatione,
1771 5189 1811 5256 ibi
1823 5191 1866 5254 l1:
1884 5187 2003 5254 Adbuc
2020 5189 2074 5256 illo
2092 5189 2235 5278 lopaeutc
2251 5201 2309 5258 etc.
2329 5193 2501 5260 introduci-

1528 5303 1597 5364 tur
1619 5303 1725 5362 aulem
1748 5295 1917 5380 explicatio
1952 5297 2120 5384 utriusque
2144 5297 2287 5366 miraculi
2310 5299 2349 5366 ad
2372 5301 2501 5366 manif-

1542 5403 1682 5472 standam
1715 5403 1896 5490 dignitatem
1931 5403 2058 5472 virtutis
2089 5405 2222 5486 Christi,
2246 5425 2342 5492 quam
2372 5407 2501 5474 demon-

1542 5517 1620 5608 strat
1644 5511 1719 5578 satis
1740 5509 1876 5596 perfecte
1911 5511 1941 5576 in
1970 5511 2122 5578 miraculo
2154 5513 2325 5582 curationis
2355 5513 2502 5582 haemor-

1542 5617 1691 5686 rhoissae.
1802 5685 1803 5690 ,
1961 5621 1962 5624 ’

1223 5903 1804 5912 ffl--u-——u—-ffl

588 6113 597 6144 ²
616 6115 693 6168 Num.
713 6115 754 6168 66.
774 6145 809 6156 -·
828 6119 894 6170 Tres
912 6131 986 6186 seqq.
1006 6119 1054 6170 loci
1068 6123 1129 6170 sunt
1143 6119 1229 6170 batth.
1244 6119 1291 6184 111,
1304 6119 1335 6182 8;
1355 6119 1397 6172 lV.
1410 6121 1474 6184 Reg.

455 6249 456 6252 ,
517 6205 546 6268 5,
568 6203 609 6256 15.
629 6217 705 6272 seqq.
725 6209 750 6256 et
770 6203 863 6260 11101.
884 6207 915 6270 9,
936 6207 978 6258 11.
997 6221 1081 6272 seqq:
1100 6209 1146 6260 ab.
1166 6221 1245 6272 supra
1275 6221 1298 6260 11.
1320 6209 1344 6260 5.
1365 6209 1395 6260 iu
1412 6209 1472 6260 tine.

515 6321 551 6332 -
569 6293 677 6344 inferius
696 6283 744 6358 pro
764 6293 880 6350 sulutem
895 6293 993 6364 populi
1010 6295 1088 6348 codd.
1106 6295 1224 6350 salutem
1241 6293 1306 6350 eius.
1328 6297 1417 6350 Glossa
1436 6295 1473 6350 ia·

516 6377 668 6450 terliucaris
688 6381 729 6450 (ex
746 6383 879 6450 Ambrae,
899 6383 940 6436 Vl.
961 6383 984 6434 in
1004 6385 1065 6436 Luc.
1086 6397 1109 6436 11.
1124 6383 1178 6450 53.)
1199 6383 1224 6436 in
1242 6385 1305 6436 Luc.
1320 6385 1349 6446 8,
1370 6385 1418 6436 33:
1432 6383 1473 6438 Di·

515 6467 590 6524 misil
606 6475 664 6536 etc,
684 6477 713 6522 ut
730 6469 866 6524 iactemiae
878 6485 957 6524 cansa
971 6473 1080 6536 vitetur,
1099 6477 1125 6524 et
1139 6471 1284 6526 infidelibus
1295 6473 1330 6524 sit
1345 6475 1473 6540 exemplo.

529 6577 530 6580 ¹
587 6555 597 6588 ²
618 6559 692 6612 Vers.
713 6557 742 6622 i,
763 6567 921 6626 postquem
941 6563 1005 6614 Luc.
1024 6563 1047 6624 8,
1068 6561 1110 6614 ab.

545 6689 548 6698 .
586 6641 666 6698 ³Cir.
686 6659 767 6710 supra
786 6661 847 6712 pag.
871 6647 927 6712 120,
948 6653 1008 6700 nota
1028 6647 1050 6698 1.
1073 6647 1140 6700 Vide
1156 6647 1269 6710 Bedam,
1295 6647 1324 6700 in
1341 6647 1428 6702 biatlh.
1450 6649 1474 6710 8,

516 6733 545 6800 43
564 6735 591 6786 11.
608 6733 637 6786 in
655 6735 732 6788 Marc.
751 6735 781 6798 7,
800 6737 845 6788 36.
862 6743 890 6788 et
907 6737 932 6800 9,
952 6737 995 6788 26.

585 6819 596 6852 ⁴
615 6825 689 6876 Vers.
710 6821 752 6874 50.
771 6851 807 6864 ·-
826 6827 883 6878 Duo
902 6839 976 6892 seqq.
996 6825 1045 6878 loci
1064 6833 1124 6878 snut
1142 6827 1218 6878 Num.
1232 6827 1279 6892 ll,
1300 6827 1346 6888 29,
1366 6825 1412 6878 nbi
1424 6839 1473 6892 pro

412 6977 413 6980 Ἴ
515 6907 648 6976 Spiritum
675 6915 801 6966 sanctum
831 6911 942 6980 Vulgata
968 6911 1095 6980 spiritam
1124 6911 1317 6982 suum(th
1339 6911 1474 6982 Spiritum

514 7001 640 7052 abactam
656 7011 755 7064 suum,
773 7001 872 7052 omisso
890 7001 1005 7054 subinde
1021 7001 1197 7068 secuudum),
1214 7007 1241 7054 et
1254 7001 1317 7054 Phil.
1337 7001 1361 7068 1,
1383 7003 1425 7056 18.

1609 6113 1620 6146 ⁶
1640 6121 1674 6172 lta
1694 6119 1772 6170 etiam
1790 6117 1860 6170 Beda
1882 6125 1906 6170 et
1924 6119 2001 6170 Card.
2022 6119 2115 6182 Hog03
2138 6119 2260 6182 Vulgata,
2279 6133 2360 6186 qnam
2380 6119 2499 6186 sequitur

1538 6209 1606 6270 Vel,
1625 6205 1695 6278 fecit.
1713 6233 1749 6248 -·
1767 6205 1886 6260 Subinde
1903 6209 2047 6272 allegantur
2077 6207 2117 6260 Ps.
2137 6206 2184 6270 21,
2205 6207 2252 6270 29,
2271 6209 2337 6260 Το1ι.
2363 6211 2406 6272 12,
2429 6209 2454 6260 7.
2471 6215 2499 6262 et
2537 6277 2540 6282 Ι

1538 6295 1581 6348 Ps.
1598 6293 1648 6362 77,
1667 6297 1692 6348 5.
1712 6323 1746 6336 -
1765 6295 1873 6348 insertus
1893 6311 1941 6362 pro
1956 6293 2192 6364 praedicatoribus
2210 6295 2232 6346 G
2251 6293 2480 6366 praedicantibus.

1609 6381 1621 6414 ⁶
1641 6385 1766 6452 Vulgata,
1785 6385 1842 6436 Vat.
1863 6391 1889 6438 et
1906 6387 1929 6436 H
1944 6381 2116 6452 praedicans.
2138 6413 2170 6420 -
2190 6385 2314 6450 Sequitur
2331 6385 2408 6436 lonae
2428 6385 2452 6450 3,
2472 6389 2498 6440 2.
2526 6377 2528 6380 ’

1609 6467 1732 6524 “psalm
1752 6471 1800 6536 ab,
1822 6473 1866 6536 16,
1886 6479 1947 6538 past
1964 6485 2044 6538 quem
2066 6469 2132 6524 Tob.
2152 6469 2202 6532 12,
2222 6471 2265 6522 29.

1608 6557 1620 6590 ⁸
1641 6563 1713 6614 Vers.
1733 6563 1764 6626 2,
1782 6563 1826 6614 cui
1844 6561 2013 6626 subiungitur
2032 6563 2073 6614 Ps.
2092 6561 2124 6626 9,
2142 6559 2166 6608 2.

1609 6647 1622 6680 ⁹
1640 6647 1703 6704 Cod.
1721 6651 1742 6702 B
1761 6649 1833 6704 addit
1850 6653 1876 6704 ct
1893 6647 2046 6718 reliquus,
2069 6649 2114 6714 qui
2141 6647 2220 6698 etiam
2240 6647 2372 6716 aliquanto
2390 6649 2499 6704 interius

1538 6743 1599 6804 post
1617 6737 1701 6794 buius
1718 6737 1889 6794 daemoniaci
1904 6737 1978 6790 addit
1998 6733 2094 6792 curali.

1610 6823 1634 6856 ¹⁰
1651 6827 1728 6880 Num.
1748 6825 1791 6878 91.
1811 6855 1845 6868 -
1864 6827 1971 6880 interius
1991 6837 2039 6890 pro
2058 6821 2198 6878 sanatione
2218 6825 2275 6878 Vat.
2294 6827 2418 6882 sumitate.

1611 6911 1790 6968 ιι11111919.
