5900 8266
1052 573 1244 644 COMllENT.
1266 571 1305 644 m
1327 571 1566 642 Entnncnnll
1589 571 1705 640 uncta
1731 571 1761 640 C.
1787 571 1847 640 llll.

463 759 628 826 decim01:
656 785 672 816 ο
689 757 774 824 11οοε
791 775 830 824 ex
849 755 911 822 illis
929 774 989 823 nnn
1005 755 1094 822 cadet
1111 773 1204 840 super
1223 759 1339 822 terram
1351 753 1425 822 ¹sine

400 889 401 892 ¹
429 889 431 894 ·
465 865 555 930 Patre
577 869 683 930 restro
701 887 733 926 a.
758 863 795 928 Et
819 867 922 928 tarnen
947 877 1087 946 passeres
1119 857 1264 928 facillime
1289 859 1427 940 canunt:

463 967 548 1034 unde
571 967 716 1036 morbum
741 965 894 1034 caducum
919 967 1035 1034 habere
1051 967 1218 1044 dicuntum
1237 973 1266 1034 et
1282 973 1425 1052 propter·

464 1091 503 1140 ea
534 1073 696 1158 potissime
728 1071 816 1156 ponit
844 1071 883 1138 cle
914 1073 958 1138 eis
991 1073 1171 1158 exemplum
1203 1081 1365 1158 tanquam·
1384 1071 1425 1142 de

464 1195 502 1246 re
524 1177 696 1246 manifesta.
722 1179 767 1244 Ex
792 1195 855 1264 quo
880 1179 1035 1264 colligitur
1061 1187 1207 1266 tanquam
1235 1201 1257 1246 ο
1280 1181 1423 1262 retineri,

464 1283 550 1370 quod
581 1285 717 1352 maxime
742 1283 825 1350 circa
854 1283 997 1370 regimen
1019 1285 1156 1354 hominis
1187 1285 1291 1354 divina
1313 1287 1425 1372 prori-

464 1389 571 1458 tlentia
593 1391 634 1456 sit
655 1391 783 1456 intenta.

559 1497 607 1560 tt.
638 1495 738 1576 (Vens.
771 1491 826 1576 7.).
857 1495 900 1562 tu
933 1495 1023 1564 cuius
1052 1497 1286 1582 expressionem
1319 1497 1422 1566 addit:

302 1613 449 1712 „ggshoffl
467 1601 530 1668 Sed
552 1609 581 1666 et
603 1599 718 1684 capilii
740 1599 861 1684 capitis
885 1603 1112 1670 cestriam-aec
1133 1603 1422 1682 rettuleruntque

302 1731 446 1816 1ναιοῧοὴνέιοοιο
465 1725 509 1774 ex
530 1723 594 1792 quo
623 1705 716 1772 datur
748 1705 895 1792 intelligi,
920 1709 1004 1796 quod
1027 1711 1167 1776 nranime
1198 1717 1247 1774 cst
1277 1727 1355 1776 cura
1378 1709 1426 1776 illi

326 1819 329 1824 “
371 1803 378 1818 ’
464 1813 505 1880 de
533 1813 669 1880 homine.
704 1813 938 1882 Uudelteda2:
967 1815 1124 1882 «Sedet
1151 1813 1284 1900 capilli,
1318 1821 1354 1880 ut
1384 1813 1424 1882 de

465 1921 732 2006 massacorporis
764 1927 899 2002 taceam;
924 1927 1052 1988 nantel
1082 1921 1221 1990 minutae
1251 1923 1424 2008 particulae

464 2029 519 2096 Dei
543 2027 740 2114 prouidentia
756 2035 983 2096 conservantur
1000 2055 1028 2092 a.
1047 2029 1134 2096 Unde
1147 2029 1340 2094 interuerntio'
1361 2047 1424 2096 non

465 2143 528 2200 tam
545 2135 684 2202 retertur
707 2135 744 2200 ad
762 2135 968 2220 cognitionem
989 2153 1082 2220 quam
1099 2135 1138 2200 ad
1153 2133 1423 2218 diligentissimam

466 2239 750 2318 conseruationem,
766 2239 840 2324 quia
856 2239 894 2306 de
906 2239 1092 2324 corporibus
1105 2239 1288 2306 Sanctorum
1304 2237 1424 2324 patien-

433 2403 435 2412 ,
465 2347 543 2414 tium
570 2363 627 2414 nec
649 2345 789 2430 capillus
803 2345 907 2430 perire
932 2351 1048 2430 potesl;
1067 2345 1149 2412 unde
1169 2343 1251 2410 inira
1272 2343 1424 2428 vigesimo

465 2449 615 2536 primoi:
644 2449 813 2534 «Capillus
841 2449 882 2516 de
910 2449 1011 2536 capite
1041 2455 1147 2516 vestm
1175 2467 1235 2516 non
1261 2449 1422 2534 peribit».

465 2557 564 2624 Tanta
587 2557 751 2642 igiturest
773 2557 837 2650 Deo
860 2575 939 2622 cura
960 2557 1000 2622 de
1022 2555 1131 2634 nobis,
1154 2563 1191 2622 ut
1211 2573 1269 2622 nec
1293 2555 1425 2640 capillus

465 2663 576 2750 capitis
598 2663 699 2730 nostri
720 2649 798 2728 siue‘
812 2661 881 2730 eius
902 2669 983 2730 nutu
1008 2661 1103 2748 possit
1127 2661 1254 2730 auferri.
1274 2661 1344 2728 ldco
1361 2681 1421 2728 non

465 2777 604 2854 oportet,
638 2787 695 2836 nos
717 2769 875 2836 sollicitari
907 2787 963 2854 per
996 2769 1157 2848 timorem,
1192 2769 1364 2836 secundum
1386 2767 1423 2836 il-

465 2879 520 2946 lud
534 2879 654 2962 primae
677 2879 758 2944 Petri
776 2879 900 2944 ultimo:
927 2877 1089 2944 «Omnem
1109 2875 1347 2944 sollicitudinem
1371 2893 1422 2944 rc-

465 2991 564 3052 stram
583 2983 780 3070 proicientes
804 2983 836 3052 iu
851 3001 942 3064 eum,
965 2983 1114 3070 quia‘ipsi
1138 3001 1214 3052 cura
1238 2989 1284 3052 est
1309 2983 1345 3052 de
1370 3001 1422 3050 ro-

464 3091 513 3156 bis
529 3117 559 3156 ».
578 3129 620 3142 -
638 3091 673 3158 Et
690 3093 749 3158 hoc
765 3097 812 3158 est
828 3091 910 3178 quod
928 3091 1041 3160 insert:
1065 3089 1167 3160 Nolite
1191 3111 1268 3178 erpo
1291 3091 1403 3158 timere
1411 3123 1425 3170 ,¹

464 3195 579 3262 tractitia·
596 3195 792 3280 passeribus
812 3197 1113 3282 praeripientium,
1141 3223 1155 3256 ο
1173 3197 1204 3262 nl
1226 3203 1274 3264 est
1296 3195 1423 3262 maioris

465 3301 555 3386 pretii
571 3305 632 3382 4123
655 3301 687 3370 in
716 3321 780 3388 quo
803 3303 898 3370 simul
920 3305 1060 3388 tangitur
1091 3303 1251 3370 conclusio
1280 3309 1313 3370 et
1341 3303 1422 3370 ratio

464 3409 609 3474 illationis
626 3427 682 3492 per
707 3409 814 3474 lncrrm
838 3427 859 3474 n
884 3409 1017 3476 raineri.
1040 3411 1073 3478 Si
1095 3411 1177 3478 enim
1203 3429 1279 3478 cura
1295 3417 1341 3478 est
1358 3411 1422 3476 Deo

464 3513 503 3580 de
526 3515 654 3594 minori,
675 3517 777 3582 multo
798 3515 912 3582 fortius
935 3517 972 3584 de
990 3517 1114 3598 maiori;
1140 3523 1169 3584 et
1187 3517 1210 3584 si
1227 3535 1305 3584 cura
1322 3523 1368 3584 est
1385 3517 1422 3584 tle

464 3619 573 3700 nobie,
596 3639 657 3686 non
681 3627 820 3706 oportet,
843 3620 999 3688 mundum
1023 3621 1125 3689 timeri
1142 3641 1160 3688 a
1176 3623 1274 3688 uobis,
1298 3621 1421 3688 llaioris

464 3731 568 3792 autern
594 3723 683 3808 prelii
710 3743 821 3792 sumtis
843 3745 939 3808 quam
957 3713 1121 3794 creaturae
1144 3727 1302 3808 crurales,
1327 3745 1433 3812 quarn¹

424 3895 425 3898 ,
465 3831 626 3910 νοίοονεε,
650 3831 723 3914 quia
748 3831 913 3898 rationales
938 3839 1120 3912 creaturae,
1145 3839 1174 3898 et
1192 3833 1268 3910 hoc,
1292 3833 1367 3918 quia
1383 3833 1421 3898 ad

464 3935 629 4022 imaginem
661 3937 716 4004 Dei
748 3937 837 4014 iacti:
869 3945 999 4022 propter
1031 3939 1116 4024 quod
1148 3945 1252 4006 cetera
1280 3939 1421 4006 subiecta

464 4050 537 4109 sunt
560 4041 676 4108 homini
691 4067 699 4122 ;
717 4041 843 4108 Genesis
866 4041 969 4126 primo
983 4041 1013 4108 ⁵:
1042 4043 1238 4110 «Faciamus
1263 4043 1418 4110 hominem

464 4147 501 4216 ad
533 4147 699 4234 imaginem
729 4155 762 4216 et
791 4147 1025 4216 similitudinem
1058 4155 1210 4228 nostram,
1243 4155 1274 4218 et
1304 4149 1421 4234 praesit

464 4257 647 4324 volueribus
668 4255 777 4322 caeli»
805 4261 863 4322 etc.
891 4255 924 4320 nt
946 4255 1015 4322 ideo
1037 4255 1133 4322 homo
1154 4255 1420 4322 immediatissime

463 4369 510 4430 est
533 4363 597 4442 sub
614 4361 807 4446 protectione
833 4361 901 4438 Dei,
926 4367 959 4426 et
980 4361 1119 4428 manime
1143 4363 1236 4428 homo
1260 4363 1362 4428 iustus
1391 4367 1420 4428 et

463 4467 517 4534 Dei
551 4467 679 4534 amicus.
717 4465 753 4532 Et
787 4473 956 4552 propterea
988 4483 1047 4532 non
1079 4471 1219 4552 oportet,
1244 4467 1329 4552 quod
1365 4467 1419 4534 ha-

462 4575 534 4660 beat
555 4573 713 4640 auxilium
734 4573 867 4640 alicuius
893 4571 1016 4654 caduci3
1041 4573 1125 4642 unde
1148 4571 1275 4656 Genesis
1297 4573 1419 4640 decimo

463 4679 613 4764 quintal:
646 4677 741 4744 «Noli
769 4677 893 4756 timere,
916 4677 1044 4756 Abram,
1077 4697 1134 4764 ego
1157 4683 1317 4762 protector
1344 4685 1419 4744 tuns

462 4805 533 4852 sum
551 4793 585 4868 et
605 4801 726 4852 merces
749 4791 804 4852 tua
832 4801 944 4870 magna
967 4783 1059 4850 nimis
1077 4811 1110 4862 »;
1130 4785 1218 4870 quasi
1238 4783 1335 4852 dieat:
1355 4783 1416 4852 noli

462 4893 588 4972 timere,
610 4891 684 4978 qnia
709 4891 786 4958 nihil
810 4891 873 4978 pati
898 4897 984 4976 potes
1001 4909 1059 4976 pro
1076 4891 1199 4960 deiectu
1221 4891 1347 4972 auxilii,
1371 4891 1418 4956 ni-

462 4997 505 5064 hil
521 4999 612 5066 etiam
638 4999 700 5084 pati
718 5005 804 5082 potes
830 4997 897 5064 sine
911 4995 1119 5064 retributione
1144 4997 1288 5080 praemii,
1306 5015 1417 5084 quam-

461 5101 516 5170 diu
539 5103 719 5172 adhaeseris
741 5103 830 5170 nrihi.

531 5551 540 5584 ²
560 5553 634 5608 Vens.
656 5553 697 5606 19.
717 5581 751 5594 -
771 5555 860 5608 Glossa
880 5551 1078 5608 interlineares:
1097 5555 1134 5608 Et
1151 5567 1222 5608 tenua
1239 5553 1342 5608 emittis
1360 5569 1416 5608 nort

458 5649 496 5696 cst
507 5641 537 5696 in
551 5641 681 5698 obliuione
694 5649 756 5706 etc.,
771 5643 817 5696 scd
830 5641 989 5696 suntornnia
1004 5641 1052 5696 sub
1066 5641 1230 5708 providentia
1243 5641 1303 5708 Dei,
1317 5647 1416 5720 quanto

458 5731 543 5796 magis
560 5747 609 5784 νοε
627 5733 662 5784 nd
678 5731 823 5798 imaginem
843 5731 887 5784 Dei
908 5731 975 5784 lacti.
993 5759 1030 5772 -
1047 5729 1125 5784 Gard.
1145 5731 1234 5796 liugn,
1260 5731 1285 5782 in
1304 5733 1345 5784 Ps.
1364 5731 1414 5794 83,

458 5817 487 5880 5,
506 5821 679 5884 proprietates
698 5821 781 5874 bonos
798 5825 825 5872 et
843 5820 923 5873 malas
941 5821 1055 5884 passeris
1073 5819 1195 5884 pluribus
1214 5819 1337 5872 versibus
1354 5821 1416 5872 alse-

407 5943 409 5946 -
457 5907 615 5974 reus,iuter
633 5909 716 5962 melas
734 5911 811 5962 etiam
832 5913 964 5970 recenset,
981 5909 1053 5974 quod
1073 5923 1164 5974 passer
1182 5909 1216 5962 sit
1232 5897 1367 5962 cadalous?

529 5991 583 6046 2ln
603 5995 690 6048 Glossa
713 5995 896 6062 interlineari,
917 6009 987 6062 quae
1005 6011 1053 6062 pro
1073 5995 1194 6052 minutae
1218 5995 1350 6050 substituit
1367 5995 1416 6050 mi·

456 6083 546 6138 niutne
566 6083 614 6146 (ita
639 6083 719 6136 etiam
737 6083 813 6136 Card.
839 6085 916 6150 llugo
937 6091 965 6136 et
981 6085 1025 6152 ll).
1044 6113 1081 6124 -
1100 6085 1191 6148 illlam,
1216 6079 1364 6138 Comment'
1388 6085 1414 6136 in

457 6175 545 6226 ltattn.
558 6173 606 6240 ln,
623 6187 651 6226 n.
666 6171 712 6224 ill:
732 6173 756 6222 ln
777 6185 916 6224 numerum
929 6179 1017 6224 autem
1037 6171 1135 6238 aliquid
1149 6173 1247 6238 colligi,
1267 6171 1415 6238 diligentiae
1433 6203 1434 6206 =

455 6275 487 6314 nc
504 6259 684 6314 sollicitudinis
710 6271 773 6312 cura
797 6265 851 6322 est;
869 6273 957 6324 neque
975 6259 1051 6310 enim
1068 6259 1180 6324 dignum
1199 6261 1336 6324 negotium
1360 6265 1414 6322 εεῖ,

455 6349 570 6412 peritura
590 6361 729 6400 numerare
746 6355 795 6400 etc.
1024 6387 1025 6390 .

527 6433 538 6466 ³
557 6437 630 6490 Vera.
651 6439 693 6490 18.
709 6463 746 6474 -
765 6435 888 6500 Sequitur
907 6435 924 6486 1.
943 6435 1009 6484 Ρεῖν.
1030 6435 1060 6496 5,
1080 6433 1106 6486 7.
1212 6447 1213 6452 ¹

526 6523 588 6576 *Ut
612 6523 707 6578 dicitur
732 6523 755 6576 iu
779 6523 868 6574 Glossa
894 6519 1081 6576 interlineari:
1104 6521 1191 6576 rl'olite
1217 6535 1281 6590 erpo
1305 6521 1412 6588 timere,

454 6625 561 6664 omnem
581 6625 671 6664 carram
689 6613 717 6664 in
736 6625 798 6664 enm
815 6611 947 6676 pretione,
968 6613 1039 6676 apud
1056 6625 1137 6678 quern
1157 6613 1266 6676 capillus
1284 6625 1338 6664 non
1355 6625 1413 6676 per·

454 6699 515 6766 iblt;
529 6697 620 6754 multis
628 6697 789 6766 passeribus
797 6697 887 6766 piaris
901 6697 964 6754 esta
976 6711 1038 6764 oca,
1056 6699 1164 6752 maioris
1179 6697 1271 6766 pretii,
1289 6699 1351 6766 quia
1369 6713 1413 6750 ra-

453 6787 574 6854 tionales,
594 6787 656 6854 quia
674 6787 783 6842 aeterni.
800 6785 947 6852 cruneio,
968 6789 1008 6840 lv.
1029 6787 1053 6838 in
1073 6789 1140 6840 Luc.
1157 6787 1201 6854 tn,
1220 6787 1412 6840 7.-lnterius

453 6877 514 6940 post
532 6889 627 6930 curam
647 6877 705 6930 vat.
725 6875 798 6928 addit
815 6879 841 6930 et
858 6873 1028 6944 sollicitam·
1046 6875 1161 6930 subinde
1178 6879 1238 6940 post
1256 6879 1284 6930 et
1298 6873 1325 6928 si
1343 6879 1419 6930 mrra'

560 6979 592 7036 S.
610 6983 714 7038 Bonan.
725 7009 759 7024 -
775 6983 853 7038 Tom.
864 6985 919 7038 vu.

2375 583 2442 652 313-

1622 751 1774 808 informatio
1794 751 1887 824 duplex
1907 751 1938 808 ad
1955 751 2109 808 servandam
2126 751 2306 810 veracitatem.

1578 971 1629 1034 ln.
1655 967 1754 1054 (Vers.
1780 969 1835 1050 8.).
1862 967 1941 1036 Dico
1966 977 2074 1036 antem
2108 967 2218 1034 vobis:
2240 965 2359 1032 'Opertis
2380 967 2442 1032 etc.

1489 1077 1654 1162 Postquam
1671 1075 1812 1144 invitavit
1834 1075 1873 1144 ad
1892 1075 2061 1144 cavendam
2081 1075 2274 1144 dolositatem
2292 1077 2322 1140 et
2347 1071 2446 1158 repel-

1488 1183 1610 1250 lendam
1633 1181 1845 1262 timiditatem,
1868 1181 1918 1250 bie
1940 1181 2034 1250 tertio
2054 1181 2165 1248 inritat
2183 1181 2222 1248 ad
2240 1181 2443 1250 seruandum

1487 1289 1695 1354 veracitatem
1711 1291 1734 1356 ⁷.
1759 1289 1918 1358 veracitas
1939 1289 2021 1354 enim
2040 1287 2241 1356 confessionis
2262 1297 2310 1358 est
2334 1285 2443 1360 contra

1488 1393 1681 1462 dolositatem
1704 1395 1923 1462 simulationis.
1946 1395 1991 1462 hd
2013 1395 2073 1462 hoc
2105 1393 2209 1462 alitem
2235 1393 2356 1462 inducit
2383 1395 2442 1462 du·

1490 1501 1626 1584 pliciter:
1650 1501 1753 1586 primo
1775 1501 1962 1568 insinuando
1987 1501 2181 1588 nequitatem
2207 1501 2341 1568 clintune
2370 1521 2442 1568 sen-

1489 1605 1625 1684 tentiae:
1647 1607 1785 1672 secundo
1809 1623 1883 1672 vcro
1907 1605 2094 1672 insinuando
2108 1603 2440 1672 'irremissibilia-tem

1484 1711 1615 1798 pcccati
1634 1711 1865 1796 blasphemiae.
1897 1711 1953 1776 Per
1982 1711 2119 1798 primum
2153 1717 2258 1780 monet
2289 1711 2326 1778 ad
2358 1715 2442 1780 oeri-

1489 1825 1585 1882 tntcm
1622 1817 1860 1900 conitendum·
1893 1835 1949 1900 per
1982 1817 2173 1896 secundum,
2195 1819 2235 1882 ad
2259 1817 2442 1904 falsitatem

1488 1921 1731 1990 cleclinnndom.

1575 2029 1680 2096 Primo
1703 2029 1802 2114 igitur
1823 2035 1931 2096 mouet
1958 2029 1998 2096 ad
2024 2029 2243 2112 cortfitendurn
2271 2031 2606 2110 ueritatemoppequran

1488 2141 1617 2220 propter
1639 2123 1772 2202 clininne
1796 2135 1971 2200 sententiae
2000 2135 2217 2224 ncqttitntem,
2242 2153 2314 2200 curn
2345 2101 2606 2248 diptpp‘iiiifiiiiiiii

1491 2239 1569 2308 Dico
1603 2249 1713 2308 nartem
1748 2239 1860 2308 nobis:
1898 2239 2012 2308 Omnis
2045 2241 2241 2330 perirentque
2270 2239 2439 2326 corrtfessns
2458 2217 2497 2250 ⁰⁰¹¹
2514 2209 2601 2256 mm

1487 2345 1590 2434 scierit
1607 2347 1680 2418 me8
1699 2367 1814 2414 eoram
1829 2345 2025 2414 horninibus.
2048 2347 2097 2414 lle
2113 2337 2230 2414 scilicet
2248 2345 2440 2416 demonstrat

1488 2473 1652 2540 personam
1677 2455 1707 2522 in
1731 2455 1856 2522 duabus
1882 2455 2022 2532 naturiS,
2048 2455 2163 2522 scilicet
2178 2443 2241 2538 'qui
2271 2473 2321 2522 me
2345 2455 2440 2522 confi-

1488 2567 1573 2628 tetur
1595 2579 1663 2628 csse
1694 2579 1806 2626 rerum
1829 2561 1929 2626 Derim
1952 2567 1984 2628 et
2013 2551 2191 2640 hominem,
2224 2579 2286 2626 non
2317 2565 2440 2626 tantum

1488 2659 1585 2734 comte
1606 2667 1728 2746 dicens,
1754 2667 1926 2734 secundum
1949 2665 2027 2734 illud
2052 2665 2171 2752 primae
2199 2667 2242 2734 ad
2261 2665 2440 2738 Corinthios
2453 2679 2607 2778 Trlglgxionn·

1487 2773 1712 2842 anonectmor:
1744 2773 1871 2842 «Nemo
1892 2781 1995 2860 potest
2015 2773 2136 2842 dicein:
2162 2773 2314 2842 Dominus
2337 2777 2439 2856 Ιεεοε,
2558 2765 2563 2778 ”

1487 2877 1545 2946 nisi
1569 2879 1598 2944 in
1625 2879 1742 2964 Spiritu
1765 2887 1925 2956 sancto»,
1949 2881 2002 2946 sed
2038 2879 2130 2968 etiam
2162 2899 2217 2944 ore
2240 2881 2439 2964 exprimens

1487 2985 1659 3054 secundum
1678 2987 1759 3072 quod
1781 2985 1897 3054 dicitur
1913 2985 1950 3052 ad
1976 2989 2128 3052 Romanos
2142 2985 2280 3052 decimo:
2310 3013 2325 3046 ο
2341 2985 2440 3056 Corde

1487 3093 1627 3160 creditur
1649 3095 1687 3160 ad
1711 3093 1877 3174 iustitiam,
1899 3099 2079 3160 creantem
2105 3093 2256 3160 consessio
2270 3091 2307 3160 nt
2328 3093 2368 3160 ad
2390 3111 2440 3160 sa-

1487 3199 1583 3268 lutem
1600 3225 1635 3280 »3
1664 3217 1720 3268 nec
1753 3207 1875 3268 tantum
1898 3219 1979 3278 ore,
2003 3199 2171 3266 sedetiam
2202 3219 2299 3286 opere
2327 3203 2438 3268 contra

1487 3307 1665 3392 hypocritas
1690 3313 1719 3374 et
1751 3307 1848 3374 malos
1872 3305 2079 3386 Christianos,
2104 3307 2141 3374 de
2174 3307 2289 3392 quibus
2318 3307 2359 3372 ad
2388 3307 2440 3372 Ti-

1487 3421 1554 3480 tum
1572 3413 1674 3498 primo
1686 3413 1724 3478 ¹⁰:
1749 3413 1985 3492 «Confitentur,
2005 3431 2037 3480 se
2051 3429 2139 3478 nosse
2157 3413 2270 3490 Deum,
2283 3411 2373 3480 factis
2387 3429 2440 3478 au·

1486 3527 1548 3588 tem
1573 3525 1737 3606 negant».
1762 3519 1878 3588 Contra
1898 3537 1979 3606 qnos
2001 3517 2145 3586 llattlraei
2171 3519 2316 3604 septimo:
2341 3545 2358 3578 u
2375 3519 2439 3586 Non

1485 3627 1599 3704 omnis,
1633 3625 1687 3712 qui
1717 3625 1792 3694 dicit
1823 3625 1918 3692 mihi:
1943 3625 2085 3704 Domine,
2120 3625 2279 3692 Domine»
2309 3631 2384 3706 elc.;
2409 3633 2440 3694 et

1484 3731 1554 3798 ideo
1577 3731 1699 3814 primae
1729 3731 1851 3798 loannis
1883 3731 1990 3798 lertio:
2018 3757 2034 3788 ο
2051 3731 2115 3796 Non
2147 3731 2313 3816 diligamus
2343 3731 2440 3802 verbo

1484 3853 1587 3922 neque
1603 3835 1726 3922 lingua,
1745 3835 1797 3904 secl
1814 3853 1907 3922 opere
1925 3843 1955 3904 et
1970 3835 2102 3904 veritate
2120 3865 2147 3900 a.
2170 3875 2214 3886 -
2231 3835 2289 3922 Qui
2308 3837 2350 3904 sic
2368 3857 2440 3906 con·
2457 3847 2591 3946 {gasaggq

1484 3943 1592 4010 litetur
1616 3935 1707 4028 plene
1738 3943 1920 4022 cantitetur,
1945 3943 2062 4010 scilicet
2091 3943 2201 4024 corde,
2234 3961 2304 4024 ore,
2333 3961 2439 4030 opere.
2540 3951 2541 3954 ’
2574 3931 2580 3944 ’

1484 4049 1529 4114 11ε
1553 4045 1604 4112 tali
1623 4045 1800 4132 subiungit:
1828 4047 1866 4112 ln
1881 4045 1992 4112 Filius
2014 4043 2156 4136 hominis
2180 4047 2385 4130 enraitebitnr
2401 4047 2442 4114 ii-

1486 4153 1554 4220 lum
1579 4171 1694 4220 corum
1724 4153 1860 4240 appelle
1886 4153 1961 4232 bei,
1986 4153 2103 4220 scilicet
2126 4153 2209 4240 quod
2234 4153 2301 4240 ipse
2331 4155 2373 4222 sit
2400 4153 2454 4222 de*

1484 4259 1569 4338 sum,
1602 4259 1774 4326 secundum
1812 4259 1889 4324 illurl
1923 4261 2069 4326 lllatthaei
2091 4261 2242 4348 vigesimo
2271 4261 2439 4346 quiniou:

1489 4365 1648 4444 «Venite,
1672 4365 1826 4432 benedicti
1850 4367 1950 4432 Patris
1972 4365 2052 4444 mei,
2075 4367 2226 4450 percipite
2252 4383 2382 4452 regnum
2406 4393 2438 4432 a.

1484 4471 1572 4540 Unde
1607 4469 1823 4538 verificabitur
1856 4471 1934 4536 illud
1973 4469 2214 4538 proverbiorum
2252 4471 2438 4540 undecimo:

1489 4603 1506 4638 a
1521 4575 1644 4656 Anima,
1667 4573 1750 4662 qnae
1772 4575 1941 4656 benedicit,
1964 4575 2260 4662 impinguabitur».

1577 4683 1626 4750 ta.
1651 4685 1752 4766 (Vera
1777 4683 1832 4768 9.).
1857 4683 1918 4750 Err-
1936 4701 2000 4768 quo
2021 4675 2150 4768 apparet
2177 4683 2320 4768 aequitas
2347 4683 2441 4752 retri-

1482 4787 1622 4856 butionis
1651 4795 1797 4872 respectu
1829 4787 2075 4874 confitentium,-
2105 4795 2137 4856 et
2166 4795 2203 4854 ut
2234 4789 2313 4856 nihil
2341 4789 2440 4868 desit,

1482 4893 1658 4962 ostenditur
1691 4895 1831 4980 aequitas
1851 4899 1997 4980 respectu
2019 4893 2232 4980 negantium,
2261 4915 2331 4962 cum
2366 4897 2440 4964 sub·
2457 4905 2532 4964 Quoad
2546 4921 2584 4954 nr·

1481 4999 1540 5068 dii*
1568 4999 1635 5082 Qui
1655 5007 1764 5068 stillent
1784 5001 2020 5088 ncpnoeritrne
2039 5017 2154 5068 eornm
2176 4999 2365 5068 horninibus
2384 5003 2439 5070 de·
2485 4965 2568 5018 W*

1426 5137 1427 5140 ¹
1481 5105 1659 5192 nepnhilnr
1681 5107 1707 5146 ¹²
1737 5125 1852 5174 corctrn
1886 5107 2019 5194 Angelis
2057 5105 2133 5186 net,
2163 5107 2289 5194 quando
2321 5106 2438 5176 scilicet

1480 5557 1589 5612 estVat.
1608 5555 1778 5624 prosequitur
1794 5557 1849 5612 Deo
1869 5555 1900 5610 de
1916 5553 2010 5622 noun,
2027 5569 2083 5610 non
2101 5555 2175 5612 decet
2186 5569 2234 5612 uns
2252 5555 2367 5614 ninnium
2385 5557 2442 5612 sol·

1480 5641 1566 5698 licitos
1586 5657 1642 5698 esse
1655 5657 1710 5712 pro
1728 5643 1931 5714 nobismetipsis.
1951 5641 2064 5698 Maioris
2082 5649 2132 5698 ete.

1550 5729 1562 5758 ⁵
1581 5731 1656 5786 l'ers.
1675 5733 1719 5786 26.
1739 5761 1776 5772 -
1793 5733 1919 5800 Superius
1933 5745 1980 5798 pro
2000 5735 2024 5788 el
2042 5731 2091 5786 hnc
2110 5731 2160 5786 AC
2177 5737 2262 5800 etper
2281 5731 2344 5796 hoc,
2368 5731 2441 5784 lile-

1479 5821 1533 5888 git,
1552 5821 1672 5886 pluribus
1685 5821 1802 5874 omissis:
1823 5819 1935 5876 linietis
1953 5823 2043 5874 antem
2052 5817 2136 5886 pretii
2150 5833 2248 5874 snmus
2267 5833 2348 5888 paam
2362 5831 2440 5888 creu-

1478 5911 1557 5962 tnrae
1569 5911 1679 5976 propter
1693 5907 1742 5962 lenc
1755 5907 1891 5976 [primitus
1901 5911 1928 5962 et
1935 5919 1986 5974 per
2000 5905 2074 5972 hoel,
2087 5905 2151 5972 qnia
2169 5905 2208 5960 od
2223 5905 2370 5974 irnopinem
2389 5911 2437 5960 etc.

1550 5991 1562 6024 ⁶
1583 5995 1656 6048 Vers.
1676 5995 1701 6046 l.
1718 6021 1754 6034 ·-
1773 5995 1880 6048 lnlerius
1898 6007 1947 6058 pro
1965 5991 2034 6046 nihil
2051 5989 2133 6046 ettam
2151 5995 2209 6046 Vat.
2227 5991 2270 6046 nel
2287 5991 2377 6046 etiam·

1547 6079 1559 6112 ⁷
1578 6081 1728 6148 desupra
1747 6097 1774 6134 n.
1793 6083 1818 6136 t.
2424 6067 2425 6070 ¹

1549 6167 1561 6198 ⁸
1580 6169 1662 6222 Codd.
1681 6169 1822 6222 ACDFG
1847 6167 1956 6234 Omnis,
1975 6167 2024 6234 qni
2040 6165 2209 6236 confitebitur
2225 6181 2269 6220 me
2288 6167 2338 6228 lita
2356 6165 2436 6224 etiam

1478 6259 1566 6312 llattlr.
1588 6259 1632 6322 lt),
1652 6259 1700 6320 32;
1718 6259 1748 6308 Β.
1767 6255 1876 6310 albert:
1897 6253 1989 6308 Ornuis
2009 6253 2169 6322 quicumque
2189 6253 2355 6324 confitebitur
2369 6259 2434 6320 me).

1547 6343 1560 6374 ⁹
1580 6345 1655 6396 vers.
1671 6345 1698 6396 3.
1712 6371 1746 6382 --
1760 6343 1882 6410 Sequitur
1897 6343 1972 6394 Rom.
1988 6343 2021 6394 10
2027 6379 2034 6406 ,
2048 6343 2059 6392 1
2068 6343 2091 6394 a.
2104 6341 2156 6394 Cir.
2174 6341 2322 6406 chrysost,
2339 6343 2436 6414 Homil.
2453 6349 2456 6358 “

1478 6435 1522 6486 15.
1534 6435 1561 6486 1ο
1581 6433 1667 6484 llatth.
1687 6431 1733 6492 tn,
1753 6431 1797 6482 31.
1816 6445 1870 6496 seq.
1892 6429 1952 6496 (Op.
1969 6429 2138 6496 imperfect).

1548 6519 1572 6550 ²⁰
1589 6519 1665 6572 Vers.
1695 6517 1735 6570 ld.
1755 6547 1789 6556 -
1819 6517 1875 6570 [ino
1902 6531 1976 6586 seqq.
2006 6517 2055 6571 loci
2078 6523 2138 6572 sunt
2164 6519 2253 6572 lllattlr.
2279 6517 2311 6582 7,
2339 6521 2383 6572 tt.
2408 6529 2437 6578 et

1475 6611 1492 6662 l.
1514 6613 1582 6664 loon.
1600 6609 1629 6672 3,
1652 6607 1693 6660 l8.
1850 6603 1872 6636 ¹¹
1893 6607 1966 6660 Vers.
1984 6605 2034 6672 31,
2052 6611 2210 6674 postquem
2228 6607 2305 6660 Pron.
2326 6607 2370 6674 ll,
2391 6607 2436 6664 ts.

1547 6697 1570 6728 ¹²
1590 6701 1623 6752 lta
1644 6695 1722 6748 etiam
1739 6695 1824 6762 Beda,
1838 6695 2020 6760 hornunge,
2037 6695 2189 6762 antbert,
2209 6697 2232 6748 S.
2254 6697 2346 6748 Thom.
2368 6691 2433 6762 (Cat.

1475 6803 1553 6842 aurea
1575 6789 1600 6842 in
1617 6787 1679 6838 Luc.
1700 6799 1722 6838 c.
1742 6787 1785 6838 la:
1802 6799 1830 6838 u.
1850 6787 1886 6854 3.)
1905 6789 1930 6838 et
1949 6787 2081 6850 tyranus:
2099 6775 2212 6850 Vulgata
2229 6787 2257 6838 et
2274 6783 2334 6838 Vat.
2350 6793 2433 6850 nepa·
2456 6793 2459 6806 ¹

1475 6873 1556 6934 bitur.
1577 6905 1611 6918 -
1632 6871 1749 6928 Subinde
1768 6875 1911 6940 allegantur
1929 6875 2022 6928 lllatth.
2036 6871 2085 6940 25¹,
2105 6875 2147 6928 ln.
2166 6875 2193 6926 et
2210 6875 2273 6926 Luc.
2291 6873 2322 6940 tl,
2341 6871 2386 6922 26.
2455 6879 2458 6886 ¹

2291 6975 2325 7030 tn
