5900 8266
517 551 582 622 336

380 753 448 800 uase
461 751 501 798 a·
512 727 633 814 triplici
656 727 832 808 excitatur,
850 727 968 796 scilicet
983 745 1040 814 per
1055 727 1173 796 librum
1187 735 1382 808 creaturae,
1398 747 1475 796 con-

407 806 464 864 ¹’¹⁰¹'
515 833 673 902 scientiae
693 839 726 902 et
749 833 960 920 scripturae,
977 833 1065 920 quasi
1091 851 1147 918 per
1172 841 1237 902 tres
1259 839 1371 914 testes,
1395 851 1476 920 quo-

517 955 592 1006 rum
608 955 693 1006 unus
706 939 864 1018 exterior,
878 939 959 1007 alter
975 937 1125 1018 interior,
1142 937 1255 1006 tertius
1271 937 1363 1024 quasi
1378 955 1476 1024 cupe-

517 1043 602 1110 rior.
619 1037 827 1130 Quapiopter,
845 1043 1054 1112 sicutdicitur
1068 1043 1109 1110 ad
1125 1043 1281 1112 Hebraeos
1296 1045 1433 1112 meando
1445 1045 1475 1124 ¹,

515 1175 540 1212 ..«
556 1147 765 1216 abundantius
789 1155 913 1235 oportet
935 1167 993 1216 nos
1015 1165 1142 1216 merare
1166 1165 1220 1228 ea,
1244 1165 1324 1234 quae
1355 1141 1476 1216 audiu-

1099 551 1293 620 abnuunt.
1316 553 1355 622 tu
1376 549 1615 620 EVANGELthl
1637 549 1755 620 Luchs
1780 549 1811 616 C.
1836 547 1910 618 Xlll.

1538 743 1626 808 mus,
1652 745 1689 796 oe
1714 727 1795 794 torte
1815 727 2052 814 pereffluamus.
2077 727 2107 796 si
2129 727 2216 796 euim
2237 727 2292 814 qui
2315 745 2372 814 per
2397 729 2494 816 lnge-

1538 833 1584 900 los
1607 833 1710 900 dictus
1726 838 1774 899 est
1790 849 1893 900 sermo
1909 835 2009 902 iactas
2026 839 2073 902 est
2090 833 2220 930 liumus,
2235 839 2268 902 et
2283 833 2384 902 omnis
2403 851 2495 920 prae-

1538 937 1686 1006 varicatio
1709 944 1741 1006 et
1762 937 1973 1006 inobedientia
1994 939 2109 1008 iustam
2131 939 2287 1006 mercedis
2307 939 2428 1024 accepit
2443 957 2494 1006 re

1538 1043 1763 1124 tribu-tionem;
1789 1043 1944 1130 quomodo
1967 1043 2241 1132 nosedugiemus,
2258 1045 2420 1112 sitantum
2439 1063 2493 1112 ue-

1538 1149 1733 1236 glexerimus
1754 1151 1888 1218 saluum
1906 1159 1941 1220 »4

1371 1467 1554 1534 Carnutum
1575 1467 1649 1534 Xlll.

522 1843 524 1846 .
612 1791 638 1858 l.
663 1791 814 1874 Aderant
836 1797 946 1858 autent
980 1787 1118 1880 quidone
1140 1789 1202 1856 in2
1228 1783 1299 1876 ipso
1322 1795 1473 1876 ternpore.

353 1915 452 1966 secunao
465 1927 501 1960 re
518 1897 621 1982 Supra
642 1895 805 1982 redarguit
826 1895 1048 1982 negligentiam
1063 1900 1209 1980 respectu
1226 1895 1345 1982 gratiae
1361 1913 1476 1982 cogno-

362 1971 666 2080 libibidinosus,
690 2001 742 2068 hio
764 1999 929 2088 redarguit
949 2001 1170 2088 negligentiam
1193 2007 1339 2086 respectu
1359 2001 1473 2088 poeni-

380 2079 480 2132 respectu

351 2129 498 2192 poenineat
516 2107 635 2182 tentiae
664 2105 848 2194 faciendae.
880 2107 918 2176 Et
947 2107 1008 2176 hoc
1040 2107 1167 2194 quidem
1190 2107 1263 2176 iacit
1286 2107 1474 2194 tripliciter:

368 2181 489 2292 :iiiiiiii
517 2213 638 2300 primo,
662 2213 806 2302 eucarpio
821 2215 957 2294 audito,-
974 2214 1129 2296 scoundo,
1145 2215 1290 2302 coempto
1306 2223 1475 2298 assando,

516 2321 609 2388 ibii:
634 2321 726 2388 Sicut
749 2321 800 2390 itii
820 2321 928 2390 decern
950 2329 981 2388 ct
1001 2331 1071 2390 octo
1094 2329 1173 2404 etc.;
1195 2323 1308 2404 tertio,
1329 2323 1476 2410 eacrnpio

517 2427 693 2496 adinvento
715 2427 780 2498 sive
803 2429 999 2516 excogitato,
1021 2429 1086 2498 ibi:
1111 2429 1246 2496 Dicebat
1260 2437 1374 2498 auten
1387 2425 1476 2496 bano

515 2535 775 2604 similitudinem.

607 2641 696 2710 Circa
719 2643 900 2728 exemplum
926 2643 1080 2710 auditune
1106 2643 1299 2711 hoaordiue
1319 2641 1474 2728 procedit:
1512 2657 1521 2704 η
1558 2665 1559 2668 ’

351 2767 385 2812 ue
401 2765 501 2830 exemplo
516 2749 621 2832 primo
642 2749 830 2834 proponitur
859 2745 1019 2816 atrocitas
1049 2749 1226 2836 supplicii,
1253 2747 1390 2816 secundo
1421 2763 1476 2814 ne-

359 2819 435 2866 ³⁰dn⁰
449 2823 499 2866 “¹³⁴
515 2861 610 2940 gatar
630 2853 811 2920 enormitas
832 2853 960 2934 delicti,
984 2859 1015 2920 et
1040 2855 1132 2922 tertio
1155 2853 1355 2920 concluditur
1369 2869 1476 2918 neces·

515 2959 600 3026 sitas
620 2959 816 3046 poenitendi.

607 3067 636 3132 2.
662 3065 762 3148 (Vens.
790 3061 841 3146 4.).
869 3063 970 3131 Primo
991 3081 1066 3148 ergo
1080 3061 1297 3132 introducitur
1317 3061 1476 3130 narratio

392 3187 499 3234 orimum.
518 3169 705 3238 atrocitatis
727 3169 903 3256 supplicii,
929 3187 1002 3238 cum
1023 3169 1162 3236 dicitur:
1188 3169 1338 3236 Aderant
1364 3175 1477 3238 autern

517 3275 656 3364 quidarn
687 3275 723 3342 in
747 3275 818 3360 ipso
842 3283 1003 3360 tempore,
1026 3273 1247 3342 nuntiantes⁴
1268 3275 1320 3344 iiii
1341 3277 1380 3344 cle
1408 3275 1474 3342 Ga-

517 3379 638 3460 lilaeis,
662 3379 779 3448 scilicet
803 3379 884 3450 dura
898 3387 931 3448 et
945 3379 1117 3460 terribilia,
1139 3397 1222 3466 quae
1244 3381 1384 3448 maxime
1400 3399 1476 3448 oon-

517 3491 690 3552 sueverunt
712 3485 857 3568 recitari;
881 3485 964 3552 unde
980 3490 1011 3552 et
1026 3485 1149 3552 subdit:
1169 3487 1319 3570 Quorum
1334 3485 1475 3574 canpui·

515 3609 589 3658 nenc
615 3589 749 3658 Pilatus
770 3591 905 3658 miscuit
925 3609 1002 3658 cana
1015 3591 1197 3680 sacrificiis
1210 3613 1346 3672 eorarn,
1363 3611 1475 3660 secun-

515 3697 591 3766 dum
614 3697 789 3766 historiam.
813 3699 928 3766 Narrat
950 3697 1143 3784 losephusi,
1161 3697 1389 3784 quodquidam
1406 3704 1476 3766 erat

515 3805 549 3872 in
565 3803 723 3884 Galilaea,
744 3805 860 3872 iaciens
882 3821 916 3872 se
938 3803 1080 3872 llessiam
1104 3805 1136 3872 in
1160 3807 1240 3892 Lege
1262 3805 1474 3892 promissum,

516 3911 660 3980 etmulti
685 3911 723 3978 de
746 3909 889 3978 Galilaeis
911 3911 1127 3996 sequebantur
1149 3913 1271 3998 ipsum,
1294 3913 1410 3999 quibus
1426 3929 1475 3978 as-

516 4015 694 4104 signaverat
713 4015 816 4096 diem,
839 4037 903 4104 quo
927 4035 1119 4086 ascensurus
1140 4023 1209 4086 erat
1223 4019 1256 4084 in
1271 4019 1412 4096 caelum,
1430 4015 1475 4084 ri-

515 4121 663 4192 dentibus
685 4123 763 4204 illis,
795 4123 833 4190 de
860 4131 966 4192 monte
989 4123 1134 4204 Garizim.
1158 4123 1273 4192 Videas
1296 4129 1403 4192 aarum
1427 4123 1476 4190 Pi·

450 4231 452 4238 ’
515 4229 617 4310 latus,
639 4227 723 4316 quod
747 4229 864 4296 multos
886 4231 1059 4304 seduxerat
1079 4231 1120 4298 de
1143 4231 1315 4298 tetrarchia
1329 4229 1473 4310 Herodis,

515 4333 639 4414 timuit,
662 4353 702 4404 ne
725 4341 795 4422 post
812 4351 865 4402 eos
881 4335 1045 4404 seduceret
1061 4337 1185 4422 eosqui
1201 4341 1292 4402 erant
1307 4335 1344 4402 de
1361 4341 1474 4402 tetrar-

516 4441 587 4508 chia
602 4459 669 4510 sua.
687 4441 765 4508 Cum
787 4459 864 4528 ergo
886 4441 953 4510 dies
976 4441 1133 4528 assignata
1147 4447 1248 4522 esset,
1271 4447 1305 4510 et
1325 4441 1371 4510 illi
1394 4459 1475 4528 quos

517 4547 705 4626 seduxerat,
720 4547 890 4616 adorarent
905 4565 978 4616 eum
1003 4555 1033 4614 et
1050 4547 1263 4616 sacrificarent
1278 4547 1325 4628 ei;
1342 4553 1473 4632 repente

516 4653 699 4740 supervenit
717 4653 834 4720 Pilatus
857 4659 889 4722 et
911 4653 1068 4722 interfecit
1082 4669 1137 4720 eos
1152 4653 1236 4721 inter
1252 4651 1406 4722 sacrificia
1422 4670 1474 4721 eo·

516 4777 608 4840 rum:
632 4765 662 4828 et
685 4759 768 4828 inter
790 4759 861 4828 illos
883 4759 996 4828 occidit
1011 4759 1067 4846 qui
1089 4757 1222 4828 iaciebat
1247 4777 1279 4828 se
1301 4759 1472 4828 Christum.

516 4865 603 4934 Unde
631 4865 669 4934 de
695 4866 756 4934 hoo
778 4873 882 4952 potest
903 4865 1034 4952 intelligi
1058 4865 1135 4932 illud
1160 4867 1294 4934 dctuum
1318 4865 1472 4952 quintet:

587 5353 597 5388 ¹
618 5357 692 5412 Vers.
712 5359 766 5410 t-3.
783 5385 820 5398 -
837 5359 876 5412 De
893 5359 989 5424 triplici
1006 5355 1073 5412 libro
1091 5359 1138 5410 cir.
1157 5359 1201 5410 lV.
1220 5359 1291 5410 Seni.
1309 5359 1334 5410 d.
1355 5357 1397 5410 43.
1411 5359 1435 5410 a.
1448 5359 1474 5410 3.

514 5463 543 5516 q.
564 5447 591 5514 l;
611 5449 742 5514 Breviloq.
761 5461 789 5512 p.
803 5449 834 5508 ll.
854 5461 879 5500 c.
897 5449 941 5500 44.
959 5451 987 5500 et
1007 5449 1056 5512 42;
1075 5461 1101 5512 p.
1123 5447 1174 5500 Vll.
1193 5459 1215 5500 c.
1237 5447 1261 5498 t.

586 5531 598 5564 ²
617 5533 681 5590 Cod.
700 5533 719 5588 C
738 5533 833 5590 omittit
851 5533 894 5602 iu,
913 5549 984 5602 quae
1006 5535 1080 5596 lectio
1105 5533 1229 5588 convenit
1247 5547 1309 5588 cum
1335 5533 1378 5588 illa
1400 5547 1470 5602 quae

516 5637 597 5690 supra
616 5637 639 5676 c.
658 5624 702 5676 te.
720 5637 747 5676 u.
764 5623 809 5676 79.
828 5621 886 5692 (uhi
903 5623 975 5676 idem
1001 5623 1137 5678 exhibetur
1155 5627 1185 5674 ut
1201 5623 1317 5674 secttnda
1335 5621 1408 5690 pars)
1430 5635 1474 5688 po·

516 5713 566 5766 sita
583 5717 636 5776 est,
653 5713 696 5778 cui
714 5713 795 5778 paulo
813 5713 921 5766 interius
939 5727 965 5766 n.
985 5715 1010 5766 2.
1028 5713 1205 5778 subiugantur
1223 5711 1345 5764 ADFll.

587 5797 599 5830 ³
618 5801 694 5870 Vers.
712 5801 747 5866 43
764 5803 871 5854 ardum
889 5803 1002 5856 hahetur
1019 5815 1046 5854 v.
1065 5803 1094 5868 6,
1114 5801 1160 5854 ubi
1179 5805 1239 5866 post
1257 5799 1368 5856 Dicebat
1383 5805 1475 5858 autent

497 5875 499 5882 .
517 5893 538 5944 ll
559 5905 621 5944 cum
640 5889 753 5958 Vulgata
770 5893 843 5946 addit
861 5893 898 5956 ei,
917 5893 992 5958 quod
1004 5891 1083 5944 etiam
1095 5891 1167 5944 Beda
1181 5897 1206 5944 et
1217 5889 1295 5944 Card.
1309 5893 1385 5956 {lugo
1397 5891 1475 5944 omit-

517 5985 583 6034 tunt.
602 5979 674 6034 ldem
692 5981 803 6034 recurrit
820 5979 927 6034 interius
945 5995 971 6034 n.
992 5981 1034 6034 44.
1046 6007 1083 6022 -··
1094 5979 1144 6034 Pro
1155 5977 1212 6034 siae
1223 5977 1388 6050 eacogr'tato,
1400 5979 1475 6048 quod

517 6073 539 6124 G
557 6071 666 6136 omittit,
684 6069 734 6126 AC
745 6073 826 6126 DFll
843 6069 899 6126 siue
916 6069 1051 6140 raedam,-
1068 6073 1116 6126 alr.
1136 6057 1221 6124 nmen
1241 6071 1349 6124 interius
1368 6085 1393 6124 n.
1414 6071 1456 6124 tt.

587 6157 599 6190 ⁴
618 6159 702 6214 Codd.
719 6159 798 6214 CDF
818 6159 1019 6216 annuntiantes.
1389 6205 1391 6210 .

562 6315 564 6318 Ι
588 6245 689 6304 ⁵Lihr.
707 6249 795 6304 XVlll.
814 6249 899 6318 antiq.
920 6249 976 6304 lud.
994 6265 1018 6304 c.
1036 6249 1062 6304 4.
1081 6247 1155 6316 (alias
1169 6249 1204 6318 5.)
1218 6265 1246 6302 u.
1259 6249 1283 6302 4.
1298 6247 1352 6318 (ed.
1364 6247 1474 6302 Firmiu-

517 6337 622 6406 Didot),
649 6337 758 6390 abires
779 6339 831 6392 hoc
855 6337 938 6392 modo
962 6343 1099 6396 namatus:
1121 6339 1248 6392 «laurea
1268 6351 1303 6390 ne
1320 6337 1474 6390 Samaritani

518 6427 628 6494 quidem
646 6427 760 6480 tumultu
776 6431 927 6480 caruerunt.
946 6425 1065 6480 Concitet
1081 6425 1151 6478 enim
1171 6439 1215 6478 eos
1234 6425 1289 6490 vir,
1306 6425 1352 6492 qui
1371 6423 1475 6478 mentiri

518 6529 568 6584 pro
585 6513 666 6568 nihilo
685 6513 798 6568 ducebat
815 6519 841 6568 et
858 6515 948 6568 omnia
965 6515 1001 6568 ad
1018 6513 1161 6566 ineundam
1181 6527 1197 6566 a
1214 6512 1293 6578 plebe
1312 6513 1423 6580 gratiam
1442 6515 1475 6566 ia-

519 6601 619 6668 ciebat,
637 6601 739 6670 iubens,
758 6607 785 6656 ut
803 6615 893 6656 secum
912 6607 1028 6654 monum
1047 6601 1150 6654 Garizin
1162 6601 1384 6666 conscenderent,
1402 6615 1477 6654 mon·

519 6691 584 6742 tium
602 6691 675 6756 apud
694 6703 740 6768 eos
758 6689 898 6744 sanctitatis
915 6689 1040 6756 opinione
1057 6685 1275 6756 celeberrimum3
1295 6689 1396 6758 illisque
1409 6703 1476 6766 asse<

518 6777 642 6844 curabat,
653 6793 684 6832 se
695 6785 861 6832 ostensurum
881 6781 959 6844 ipsis,
977 6777 1025 6832 ubi
1043 6793 1075 6832 eo
1092 6779 1363 6844 perventumque:
1379 6791 1441 6830 erasa
1459 6793 1475 6830 a

514 6865 608 6930 Moyse
631 6865 687 6920 istie
710 6865 815 6918 defossa
838 6871 917 6934 atque
940 6867 1101 6920 recondita...
1125 6871 1151 6918 ct
1172 6865 1366 6934 potentissimos
1383 6877 1476 6920 eorum

1544 1789 1733 1858 «daubus
1754 1789 1821 1858 dies
1844 1791 1967 1858 exstitit
1988 1789 2128 1858 Theodas
2152 1791 2276 1872 dicens,
2298 1811 2333 1862 se
2355 1813 2423 1862 esse
2438 1795 2495 1862 ali-

1539 1911 1650 1980 quem,
1675 1895 1727 1960 oui
1749 1895 1908 1964 conmnsit
1929 1913 2083 1964 ursmarus
2105 1895 2247 1962 virorum
2272 1897 2397 1966 circiter
2417 1915 2495 1984 qua-

1538 1999 1796 2086 dringentorum,
1817 2001 1873 2086 qui
1897 2001 2019 2070 occisus
2042 2007 2110 2082 est,
2133 2009 2166 2068 et
2186 2019 2313 2080 omum,
2342 2001 2396 2086 qui
2426 2019 2495 2072 ore-

1538 2107 1653 2176 debaut
1675 2107 1722 2190 ei,
1744 2107 1883 2194 dissipati
1901 2137 1931 2176 s.
1953 2109 2056 2176 «Post
2078 2107 2165 2176 huuc
2185 2107 2307 2176 exstitit
2331 2107 2421 2176 ludas
2435 2109 2495 2178 Ga-

1540 2213 1650 2282 lilaeus
1676 2219 1706 2282 et
1730 2213 1844 2282 avertit
1864 2215 2016 2302 populum
2030 2219 2111 2300 post
2133 2233 2184 2294 se,
2209 2219 2240 2282 et
2254 2213 2322 2300 ipse
2338 2213 2448 2298 periit,
2465 2223 2495 2284 et

1539 2335 1663 2400 umnec,
1685 2325 1843 2406 quotquot
1865 2327 2094 2388 consenserunt
2109 2319 2156 2402 ei,
2171 2317 2303 2406 dispersi
2320 2323 2396 2386 suut
2410 2345 2440 2386 n.
2459 2319 2494 2386 Et

1540 2425 1582 2494 sio
1606 2425 1758 2494 acerbitas
1790 2425 1850 2492 luit
1877 2425 2043 2514 supplicii,
2072 2425 2150 2514 qaia
2175 2433 2320 2512 repento,
2345 2423 2494 2512 praviter

1539 2537 1569 2600 et
1592 2531 1628 2598 in
1650 2531 1864 2598 multitudine
1882 2533 1989 2608 traditi
2003 2539 2079 2600 suut
2095 2533 2125 2598 in
2142 2531 2334 2600 horrendam
2351 2537 2493 2598 mortem.
2603 2585 2604 2588 ,

1628 2635 1659 2702 3.
1683 2637 1785 2718 (Vere.
1799 2641 1841 2704 2.
1866 2637 1922 2722 3.).
1946 2635 2090 2706 Secundo
2109 2643 2264 2722 quantum
2288 2637 2325 2704 ad
2349 2637 2495 2724 negatio·
2514 2639 2646 2686 secunaum.
2719 2671 2720 2674 ¹

1538 2761 1613 2810 nem
1641 2743 1785 2808 rnaioris
1814 2743 2024 2810 eroorrnitatis
2046 2743 2157 2810 delicti
2180 2743 2350 2810 subditur:
2375 2745 2415 2810 Et
2443 2763 2495 2812 rc-

1538 2845 1700 2934 spondeus
1724 2845 1810 2914 discit
1823 2845 1911 2914 iilis:
1927 2847 2047 2914 Palati
2069 2899 2081 2926 ,
2099 2847 2185 2934 quod
2200 2845 2238 2914 bi
2254 2845 2400 2914 Gatiiaei
2411 2867 2495 2934 prae

1539 2951 1691 3020 omnibus
1719 2951 1877 3020 Galilaeis
1904 2959 2093 3040 peccatores
2120 2951 2267 3040 suerint,
2299 2953 2380 3040 qaia
2412 2955 2496 3022 talia
2540 3027 2545 3032 Ἴ,

1535 3057 1633 3144 passi
1654 3055 1758 3124 santi
1783 3057 1845 3124 lloc
1868 3059 1950 3124 enim
1974 3057 2157 3146 frequenter
2177 3057 2340 3126 consuevit
2355 3061 2438 3126 credi
2455 3061 2514 3130 ab·

1538 3163 1734 3244 hominibus,
1757 3163 1812 3250 qui
1836 3161 1977 3232 iudicant
1991 3163 2165 3232 secundum
2180 3163 2343 3232 exteriora
2355 3165 2384 3246 ⁷;
2402 3171 2432 3232 et
2449 3171 2495 3234 ta-

1539 3259 1610 3338 men
1633 3289 1696 3336 non
1720 3277 1766 3338 est
1790 3271 1833 3337 ita
1856 3269 2066 3338 iudicandum.
2093 3307 2136 3318 -·
2160 3269 2229 3338 ldeo
2252 3271 2379 3338 subdit:
2405 3271 2493 3352 lVon,

1540 3375 1613 3444 dico
1633 3375 1744 3458 uobis,
1767 3375 1799 3442 id
1821 3381 1886 3456 est,
1911 3393 2035 3458 assero,
2051 3375 2134 3462 quod
2151 3395 2213 3442 non
2229 3383 2318 3444 erant
2334 3395 2411 3462 prae
2425 3377 2495 3446 aliis

1539 3487 1729 3568 peccatores.
1745 3481 1822 3564 ldeo
1846 3499 1908 3548 uon
1931 3489 1980 3550 est
2001 3487 2119 3550 temere
2134 3481 2355 3562 iudicandum,
2370 3481 2424 3562 sed
2439 3497 2495 3568 po-

1541 3589 1604 3658 tius
1631 3589 1882 3670 formidandum,
1914 3589 1989 3676 quia
2018 3595 2139 3658 secreta
2170 3595 2244 3656 sunt
2275 3587 2389 3656 iudicia
2416 3589 2493 3670 Dei3

1540 3697 1623 3766 uude
1635 3695 1835 3764 Ecclesiastae
1852 3701 1962 3762 octavo
1974 3693 2004 3760 ⁸:
2024 3693 2119 3762 «Vidi
2134 3693 2247 3780 impios
2262 3694 2413 3780 sepultos,
2429 3695 2494 3780 qui,

1540 3823 1613 3872 cum
1634 3804 1739 3870 adhuc
1760 3803 1922 3882 virerent,
1943 3801 1977 3868 in
2000 3801 2067 3870 luco
2092 3807 2197 3872 sancto
2222 3809 2310 3870 erant
2334 3807 2365 3870 et
2387 3801 2495 3870 lauda-

1539 3913 1656 3978 bantur
1679 3909 1710 3976 in
1735 3909 1860 3976 civitate
1881 3907 1972 3994 quasi
1988 3907 2145 3976 iustorum
2162 3925 2295 3994 operum
2309 3933 2343 3990 »3
2359 3915 2390 3976 et
2407 3915 2493 3994 post:

1544 4015 1656 4084 «Subt
1678 4015 1769 4096 iusti,
1801 4015 1920 4102 quibus
1940 4013 2022 4082 mala
2045 4015 2252 4100 proveniunt,
2277 4009 2367 4102 quasi
2398 4031 2493 4100 opera

1539 4123 1661 4210 egerint
1682 4121 1869 4210 impiorum;
1893 4127 1926 4190 et
1940 4127 2013 4188 sunt
2030 4121 2134 4208 impii,
2152 4121 2206 4208 qui
2224 4121 2266 4188 ita
2283 4121 2384 4190 mouri
2403 4129 2493 4204 sum,

1539 4231 1628 4318 quasi
1659 4229 1815 4296 iustorum
1838 4227 1921 4294 iacta
1942 4227 2077 4294 habeant
2095 4251 2124 4306 »3
2157 4231 2187 4294 et
2217 4227 2334 4294 iterum
2363 4229 2493 4294 nonnil:

1544 4363 1560 4396 a
1574 4335 1688 4402 Omnia
1710 4335 1743 4402 in
1765 4333 1912 4402 iutururn
1934 4340 2104 4402 seruantur
2117 4333 2253 4414 incerta,
2272 4349 2309 4400 eo
2324 4333 2410 4420 quad
2424 4333 2496 4400 uni-

1538 4459 1629 4510 versa
1652 4459 1752 4528 aeque
1774 4441 1926 4510 eveniunt
1946 4439 2030 4508 iusto
2053 4445 2084 4508 et
2107 4439 2220 4526 impio,
2243 4441 2326 4508 bono
2348 4447 2377 4508 et
2393 4441 2494 4522 malo,

1538 4545 1656 4614 mundo
1679 4553 1709 4614 et
1733 4545 1912 4626 immundo,
1942 4535 2118 4614 immolanti
2147 4545 2264 4612 hostias
2288 4549 2318 4612 et
2342 4545 2495 4614 munitiola

1538 4649 1747 4720 contemnenti
1762 4675 1796 4718 n.
1818 4649 1857 4718 Et
1877 4651 1948 4720 ideo
1972 4651 2088 4720 dicitur
2111 4651 2232 4738 primae
2252 4651 2294 4718 ad
2315 4651 2495 4720 Corinthios

1538 4751 1671 4844 quarto:
1688 4757 1815 4826 «Nolite
1825 4763 1897 4824 ante
1912 4765 2037 4846 tempus
2053 4757 2205 4836 iudicare,
2224 4757 2430 4844 quoadusque
2440 4775 2494 4826 ve·

1538 4863 1604 4930 aiat
1615 4863 1775 4944 nominos,
1789 4863 1842 4950 qui
1856 4869 1886 4930 et
1898 4863 2087 4932 illuminabit
2099 4863 2279 4930 abscondita
2291 4861 2495 4930 tenebrarum

1538 5371 1607 5424 qttos
1618 5359 1644 5410 in
1658 5359 1719 5424 iuga
1733 5363 1869 5426 ceperant,
1886 5359 2012 5414 interfecit
2031 5359 2127 5412 Pilatus
2137 5377 2165 5414 u.
2182 5357 2233 5412 Cir.
2246 5359 2360 5426 Buram,
2371 5359 2388 5412 l.
2402 5361 2494 5414 hunul.

1538 5459 1580 5498 an.
1599 5447 1641 5500 36.
1661 5461 1685 5500 c.
1703 5447 1752 5512 26,
1769 5445 1815 5514 qui
1832 5461 1866 5502 ex
1883 5449 1979 5502 lustina
1998 5447 2110 5516 (Dialog.
2128 5461 2189 5502 cum
2209 5449 2495 5516 Thryphoneludaeo,

1538 5549 1565 5586 11.
1583 5533 1654 5602 420.)
1675 5541 1761 5602 putat,
1781 5537 1951 5602 impostorem
1972 5541 2043 5592 hono
2060 5519 2139 5590 luisse
2159 5535 2297 5594 Simonem
2308 5551 2431 5608 magunt.
2444 5535 2495 5602 Cp·

1538 5621 1611 5676 rillus
1628 5623 1710 5692 Alex,
1730 5637 1810 5690 quem
1834 5625 1952 5692 sequitur
1973 5627 2175 5692 theophylus,
2194 5623 2220 5678 iu
2243 5627 2306 5678 Luc.
2325 5625 2373 5692 43,
2393 5623 2424 5688 4,
2442 5625 2495 5678 ait:

1540 5711 1668 5764 Videntur
1680 5713 1783 5766 Galilaei
1797 5711 1847 5766 sub
1860 5713 1982 5780 praeside
1993 5713 2071 5768 Pilato
2084 5713 2240 5768 seditionem
2252 5713 2358 5782 iecisse,
2369 5713 2496 5780 dogmata

1530 5805 1666 5854 sectames
1684 5801 1766 5856 iudae
1786 5801 1915 5868 Gaiituci,
1940 5803 2014 5856 cuius
2042 5803 2121 5856 ctiam
2147 5803 2233 5856 Lucas
2258 5803 2286 5854 in
2309 5801 2495 5868 Apostolorum

1538 5887 1645 5944 Actibus
1666 5887 1707 5960 [6,
1727 5889 1784 5960 bh]
1812 5889 1939 5944 meminit.
1966 5891 2046 5944 ludae
2072 5895 2161 5944 autem
2187 5891 2301 5958 dogma,
2324 5891 2392 5944 sicut
2417 5889 2495 5944 etiam

1538 5977 1664 6046 Iosephus
1682 5979 1821 6046 postremis
1838 5977 2028 6046 Antiquitatum
2047 5979 2209 6034 ludaicarum
2229 5977 2303 6032 libris
2313 5977 2418 6048 [XVlll.
2432 5991 2456 6032 c.
2472 5979 2495 6030 4.

1538 6081 1565 6122 n.
1584 6067 1624 6140 t.]
1642 6075 1744 6136 narrat,
1763 6083 1886 6136 magnam
1906 6081 1971 6134 prae
1988 6081 2016 6122 se
2037 6067 2136 6124 terebat
2163 6075 2266 6124 exactae
2289 6067 2422 6134 religionis
2438 6081 2496 6132 spe·

1539 6157 1606 6212 ciem
1625 6163 1676 6212 etc.
1694 6161 1719 6212 S.
1739 6161 1851 6224 Bonan,
1870 6155 1945 6212 Cacd.
1964 6159 2043 6222 Hugo
2060 6163 2085 6210 et
2105 6161 2131 6212 B.
2144 6157 2241 6212 Albcrt.
2253 6157 2370 6210 nituntur
2381 6155 2415 6208 iis
2426 6169 2498 6222 quae

1538 6253 1628 6302 narrat
1643 6247 1711 6302 Petr.
1730 6247 1880 6310 comestor,
1897 6245 1994 6300 Histor.
2009 6247 2132 6300 scholast.
2150 6247 2178 6298 in
2195 6247 2296 6310 evang.
2314 6259 2339 6298 c.
2358 6241 2400 6296 94.

1610 6331 1622 6364 ⁶
1640 6335 1713 6388 Vers.
1733 6337 1775 6388 36.
1795 6341 1819 6388 et
1837 6333 1880 6386 st.
1900 6335 1949 6388 Pro
1966 6331 2231 6402 quadringentorum
2249 6331 2327 6384 codd.
2340 6327 2494 6400 quingento-

1538 6435 1619 6490 rurn,
1636 6423 1683 6490 qui
1700 6423 1779 6476 etiam
1799 6421 1940 6476 dictionem
1956 6423 1985 6476 et
2000 6417 2057 6488 epse
2074 6419 2159 6488 periit
2182 6425 2355 6484 transponunt
2376 6425 2436 6484 post
2459 6419 2497 6474 di·

1538 6511 1629 6580 spcrsi
1642 6513 1716 6566 cunt.
2036 6523 2037 6526 ¹
2177 6535 2180 6542 ·

1610 6595 1695 6652 laih.
1715 6601 1734 6652 l.
1751 6601 1817 6664 Reg.
1838 6595 1884 6658 lb„
1903 6595 1938 6648 7:
1955 6595 2042 6648 Homo
2060 6595 2130 6648 enim
2150 6593 2224 6648 videt
2241 6607 2272 6648 ea
2296 6611 2365 6664 quae
2387 6601 2496 6664 parent,

1539 6689 1667 6742 Dominus
1684 6691 1771 6740 autem
1791 6687 1905 6740 intuetur
1924 6697 1978 6736 cor.

1610 6775 1714 6828 ⁸Vers.
1736 6775 1776 6828 tu.
1796 6779 1821 6826 et
1840 6771 1884 6824 44.

1610 6861 1716 6918 svers.
1736 6865 1761 6916 2.
1779 6889 1815 6900 -
1833 6857 1950 6910 Subinde
1967 6857 2094 6922 allegatur
2112 6859 2129 6910 l.
2147 6857 2205 6914 Cor.
2228 6861 2257 6928 4,
2276 6865 2303 6918 6.
