5900 8266
310 1999 312 2002 Ι
363 2023 397 2068 Dc
410 2023 481 2068 tertia.

353 3199 483 3244 Notandum.

1079 563 1272 630 COlllllENT.
1301 563 1335 628 tu
1361 561 1599 632 Et'aucatttllt
1622 559 1741 630 tUClE
1763 559 1797 628 C.
1820 559 1893 628 llttt.
2417 565 2481 632 aar

501 733 534 800 in
549 751 585 802 eo
600 735 774 802 secuudum
799 738 1009 822 plenissimam
1025 739 1179 806 rationem
1204 745 1236 804 et
1250 745 1404 822 quantum
1422 739 1460 804 ad
1523 739 1616 808 nielis
1637 737 1796 826 quarto⁹:
1823 763 1839 796 τ
1858 739 1944 816 Vidi,
1967 745 1999 804 ει
2021 753 2111 816 εεεε,
2133 739 2230 804 arbor
2252 739 2285 804 in
2300 739 2402 806 medio
2418 747 2481 808 ter-

501 841 721 928 perfectionem
747 847 777 910 et
802 849 955 930 quantum
971 845 1011 910 ad
1034 845 1266 922 infirmitatem3
1283 845 1322 910 ad
1346 843 1460 928 Philip·
1520 861 1578 910 rae
1590 871 1623 912 a.
1643 871 1659 904 c<
1674 845 1756 910 Eolio
1769 845 1838 910 eius
1851 843 2074 928 pulcherrima,
2087 849 2120 910 ει
2132 841 2254 912 tructus
2266 843 2334 910 eius
2348 843 2481 922 nimius,

502 967 612 1036 penses
630 949 807 1018 secund01:
835 953 899 1018 «ln
917 951 1152 1020 similitudinem
1177 953 1341 1018 homiuum
1360 953 1461 1018 lactus
1524 957 1558 1018 et
1578 967 1649 1018 esca
1673 951 1896 1038 universorum
1919 949 1958 1018 ,in
1984 969 2028 1018 ea.
2055 949 2170 1018 Subter
2195 967 2264 1018 eam
2302 949 2483 1016 habitabant

500 1063 532 1124 ει
555 1055 666 1124 babitu
691 1057 837 1126 iuventus
855 1066 892 1127 ut
914 1059 1010 1126 homo
1024 1083 1057 1122 n.
1074 1057 1111 1124 Et
1133 1057 1185 1126 hic
1200 1057 1296 1124 borao
1319 1059 1461 1124 ceruina·
1525 1057 1642 1124 hestiae
1668 1065 1785 1136 terrae,
1803 1063 1833 1124 et
1850 1057 1881 1122 iu
1896 1057 1995 1124 ramis
2017 1057 2085 1124 eius
2111 1057 2376 1124 conversabantur
2391 1057 2482 1122 volu-

502 1163 549 1228 oit
572 1163 632 1240 boc
653 1181 774 1244 semen,
790 1183 864 1232 eum
884 1165 1057 1232 doctrinam
1077 1165 1230 1250 Evangelii
1256 1163 1460 1248 praedicavit;
1525 1179 1595 1228 cres
1612 1165 1686 1230 caeli
1703 1189 1734 1228 n.
1750 1165 1861 1228 -Sic
1876 1183 1950 1250 ergo
1966 1163 2134 1248 parvulum
2149 1165 2298 1228 1⁰semen
2313 1161 2427 1230 arescit
2447 1161 2481 1228 in
2496 1169 2606 1230 luiturus·

502 1271 646 1338 Matthaei
668 1271 789 1338 decimo
815 1271 951 1338 tertio2:
980 1297 997 1328 (ε
1013 1261 1119 1336 Simile
1141 1279 1336 1354 estregnum
1362 1271 1460 1336 caelo·
1524 1269 1771 1354 magnitudinem
1796 1269 1920 1336 arboris
1942 1287 1999 1354 ρετ
2030 1269 2215 1336 continuum
2241 1267 2480 1336 incrementum.

503 1395 575 1444 runt
598 1377 735 1456 homiui,
769 1377 824 1464 qui
847 1375 1013 1446 seminavit
1037 1375 1155 1444 bonnm
1189 1393 1294 1444 semen
1322 1375 1353 1444 in
1385 1395 1461 1462 agro
1524 1371 1583 1458 Qui
1617 1391 1692 1458 ergo
1718 1375 1873 1460 panvinius
1907 1381 1953 1442 εει
1977 1373 2121 1442 laborare
2156 1375 2304 1442 continue
2325 1375 2419 1442 debet
2446 1375 2482 1438 iu

503 1501 560 1552 suo
576 1511 606 1550 s.
632 1483 708 1550 lluio
732 1483 849 1550 homini
874 1483 1137 1566 adversaturum
1160 1483 1461 1566 praedicatsalsita-
1524 1479 1700 1564 profectum
1724 1481 1845 1558 meriti,
1871 1485 1905 1546 ut
1930 1481 1973 1546 sic
1998 1483 2093 1548 arbor
2118 1481 2189 1560 hat,
2214 1481 2307 1548 cuius
2328 1497 2481 1546 cacumen

503 1597 558 1656 tes.
583 1591 667 1656 Unde
692 1589 838 1656 subditur
862 1591 937 1656 ibi:
954 1615 969 1648 «
986 1589 1065 1654 Curn
1084 1595 1192 1654 autern
1213 1589 1388 1656 dormirent
1403 1591 1461 1654 ho·
1524 1585 1683 1672 pertingat
1703 1585 1744 1652 ad
1773 1585 1895 1652 caelum
1922 1603 1977 1670 ρετ
2001 1603 2088 1670 ερετε
2114 1593 2142 1654 ει
2168 1587 2358 1654 desiderium
2380 1591 2483 1654 aeter·
2534 1627 2541 1640 ·

501 1695 602 1762 mines
619 1711 659 1772 a,
673 1695 704 1760 id
719 1703 768 1762 est
782 1697 933 1780 praelati,
953 1721 969 1754 τ
986 1695 1073 1762 venit
1084 1695 1233 1762 inimicus
1251 1695 1345 1762 homo
1361 1703 1391 1762 ει
1407 1713 1459 1762 εε-
1523 1711 1649 1760 εετετε.

501 1801 724 1888 perseminavit
749 1801 865 1868 zizania
888 1803 918 1868 in
943 1801 1044 1868 medio
1069 1801 1161 1868 tritici
1179 1829 1202 1860 s,
1214 1807 1273 1868 etc.
1614 1797 1666 1862 la.
1693 1795 1887 1880 (Versata).
1907 1795 2202 1864 Etiteramdiait:
2224 1797 2287 1864 Cui
2300 1797 2406 1864 simile
2423 1805 2480 1864 ete.
2513 1809 2616 1856 Doctrina

591 1907 645 1984 hl).
668 1909 775 1974 Tertio
791 1915 947 1994 quantum
970 1909 1011 1976 ad
1032 1905 1272 1992 proprietatem
1296 1907 1404 1992 ipsias
1426 1909 1460 1974 ia
1523 1903 1692 1986 Postquam
1716 1901 1879 1986 praemisit
1908 1901 2088 1984 exemplum
2121 1903 2314 1970 incitativam
2347 1903 2385 1970 ad
2408 1865 2646 1990 pro-iiiiii'p‘oi'a
2685 1879 2686 1882 Ἴ

502 2023 664 2102 palmatam
680 2021 933 2100 augmentatam
957 2013 1078 2080 subdit:
1107 2015 1148 2080 Ει
1170 2013 1272 2080 erevit
1286 2011 1460 2098 etfaciam
1523 2005 1692 2074 faciendum
1717 2005 1866 2074 continue
1887 2005 1918 2072 in
1943 2005 2053 2072 nolitia
2082 2007 2242 2086 veritalis,
2265 2007 2316 2074 hio
2339 1969 2648 2094 aditlngittmstaio‘ffffi'

502 2129 547 2188 est
567 2121 601 2186 iu
626 2119 779 2188 arborem
803 2139 983 2206 maphora·
1008 2119 1090 2206 qtuod
1112 2117 1227 2192 dicitnr
1253 2127 1404 2204 putantum
1422 2119 1461 2186 ad
1524 2111 1709 2200 eucarpium
1733 2113 1942 2180 incitativam
1966 2111 2012 2176 ad
2030 2111 2273 2196 proprietatum
2293 2115 2325 2178 in
2351 2113 2482 2200 feruore

502 2225 677 2312 profectum
712 2225 781 2290 lidei
819 2225 848 2290 iu
882 2227 996 2292 robore
1029 2225 1156 2290 virium.
1190 2223 1275 2292 Unde
1307 2225 1413 2292 Glossa
1430 2227 1459 2290 3:
1524 2219 1698 2298 caritatis,
1722 2225 1755 2286 et
1776 2219 1836 2286 hac
1853 2219 1912 2284 sub
1937 2219 2122 2302 metaphora
2134 2215 2291 2304 fermenti
2303 2221 2340 2296 ¹¹,
2365 2239 2406 2286 ex
2428 2239 2484 2288 cu-

509 2361 524 2392 «
539 2333 671 2408 Crescit,
698 2349 759 2396 uon
782 2329 864 2398 sicut
889 2331 1023 2410 herbae,
1055 2349 1137 2416 quaa
1159 2333 1220 2398 cito
1253 2331 1399 2398 arescunt
1431 2339 1461 2398 ει
1524 2325 1575 2392 ius
1597 2323 1818 2392 assimilatione
1841 2323 1949 2392 incitat
1971 2323 2010 2390 ad
2036 2323 2183 2392 continue
2204 2323 2433 2418 proficiendum
2449 2325 2483 2392 in

502 2445 675 2516 corruunt,
701 2437 756 2504 sed
777 2437 859 2502 sicut
883 2437 987 2516 arbor,
1006 2455 1086 2522 pirae
1110 2437 1203 2522 longa
1223 2437 1398 2504 annositate
1430 2443 1461 2506 et
1523 2431 1653 2498 caritate
1679 2435 1829 2516 quautam
1854 2429 1892 2496 ad
1916 2431 1985 2496 eius
2006 2429 2291 2496 similitudinariam
2310 2431 2484 2514 proprieta-

503 2545 660 2630 incpinata
683 2543 843 2612 fertilitate
858 2521 1017 2628 gaudet»;
1040 2543 1293 2612 adColosseuses
1318 2543 1459 2630 primol:
1524 2543 1587 2602 tem
1612 2537 1782 2620 triplicem,
1816 2537 1933 2602 scilicet
1962 2553 2060 2620 quam
2095 2535 2190 2603 habet
2222 2537 2412 2602 fermentum
2440 2553 2483 2602 ex

507 2677 524 2710 ε
539 2653 573 2716 ln
596 2651 694 2718 verbo
716 2649 856 2716 veritatis
883 2649 1055 2734 Evangelii,
1079 2649 1162 2734 quand
1181 2649 1380 2734 pervenitad
1395 2669 1460 2738 vos,
1524 2649 1615 2728 parte
1640 2649 1782 2710 naturae
1802 2643 1982 2728 propriae,
2007 2659 2050 2708 ex
2081 2647 2170 2728 parte
2192 2641 2381 2710 indrustriue
2404 2641 2483 2708 alie-

501 2761 585 2828 sicut
605 2765 638 2824 et
660 2757 691 2824 iu
716 2757 864 2824 universo
888 2755 1007 2824 maudo
1028 2763 1077 2822 εει
1098 2763 1131 2822 ει
1153 2755 1323 2824 fructificat
1345 2761 1378 2822 ει
1393 2773 1461 2824 ετε-
1524 2767 1587 2814 uae
1611 2755 1642 2814 el
1664 2765 1707 2814 ex
1731 2753 1820 2834 petie
1843 2747 2027 2836 ttlt't'tttqttc.

501 2863 579 2944 scit,
609 2863 692 2930 sicut
722 2869 754 2928 et
784 2861 816 2928 in
848 2861 938 2928 vobis
954 2887 983 2940 »;
1017 2867 1047 2928 ει
1080 2861 1282 2946 paulopost:
1314 2861 1461 2928 «Ambu-
1584 2951 1585 2954 Ἴ
1616 2855 1717 2920 Primo
1750 2855 1844 2940 igitur
1869 2863 2021 2942 quantum
2047 2855 2083 2920 ad
2117 2853 2359 2940 proprietatem,
2386 2873 2483 2940 quam
2501 2867 2533 2916 ue
2549 2871 2625 2928 parma.

502 2971 573 3038 letis
593 2969 686 3056 digne
710 2971 774 3036 Deo
796 2987 853 3054 per
878 2969 980 3036 omnia
1005 2969 1178 3054 placenta,
1203 2967 1340 3036 inomni
1366 2985 1461 3052 opere
1525 2961 1620 3028 hahet
1643 2979 1686 3028 ex
1709 2967 1799 3046 parte
1820 2973 1965 3028 naturae
1989 2963 2166 3046 propriae,
2190 2979 2248 3046 per
2269 2979 2366 3046 quam
2381 2961 2482 3028 luteu-

501 3075 585 3142 bouo
606 3073 832 3144 fructificantes
865 3081 897 3142 et
930 3081 1106 3142 crescentes
1138 3075 1167 3142 in
1202 3075 1332 3142 scientia
1354 3073 1409 3142 Dei
1430 3103 1459 3142 a.
1524 3065 1571 3134 dit
1592 3085 1650 3136 uos
1674 3067 1713 3134 ad
1748 3067 1886 3136 caritatis
1920 3067 2094 3154 proiectum
2128 3067 2285 3146 excitare,
2315 3065 2404 3134 dicit:
2443 3067 2484 3132 Et

502 3181 582 3248 llaec
603 3190 711 3248 autam
732 3181 843 3248 notitia
865 3187 952 3248 tanto
966 3181 1062 3250 altius
1077 3181 1191 3250 crescit
1205 3199 1262 3268 per
1283 3181 1461 3262 veritatem,
1525 3175 1647 3242 iterum
1669 3175 1770 3242 dicit:
1798 3173 1862 3240 Cai
1880 3173 1989 3242 simile
2004 3171 2184 3238 aestimabo
2198 3173 2224 3210 ¹²
2242 3191 2381 3260 repham
2399 3173 2483 3244 Dei?
2535 3181 2537 3186 '

503 3291 621 3370 quanto
645 3287 735 3352 radia
761 3287 948 3370 profundius
969 3287 1130 3356 descendit
1152 3305 1209 3372 per
1232 3287 1460 3368 humilitatem;
1526 3281 1563 3348 Et
1583 3283 1636 3350 hic
1658 3299 1716 3366 per
1741 3301 1881 3370 repham
1905 3281 1964 3348 Dei
1988 3287 2072 3348 recte
2094 3279 2280 3364 intelligitur
2305 3297 2391 3346 amor
2414 3281 2481 3360 Dei,

502 3391 705 3460 unde-lsaiae
728 3393 888 3478 trigesimo
911 3393 1084 3478 septimam
1112 3419 1128 3450 «
1145 3393 1245 3460 blittet
1275 3391 1352 3460 illud
1378 3393 1461 3478 quod
1525 3389 1599 3472 quia
1624 3391 1653 3454 in
1680 3389 1755 3456 solis
1775 3389 1836 3454 illis
1861 3395 1970 3472 regnat
1994 3389 2093 3466 Deus,
2119 3385 2172 3472 qtti
2197 3387 2301 3472 ipsum
2328 3385 2481 3472 diliguut;

503 3497 657 3562 salvatum
680 3493 777 3564 fuerit
799 3499 838 3564 de
860 3499 956 3564 donno
978 3497 1053 3564 luda
1070 3505 1098 3564 et
1116 3499 1201 3584 quod
1217 3499 1378 3584 reliquum
1394 3499 1461 3566 lue·
1524 3495 1565 3562 acl
1586 3495 1782 3564 Colosseuses
1808 3495 1964 3580 primo1³z
1996 3493 2149 3578 «Eripuit
2174 3511 2230 3560 nos
2261 3493 2301 3560 de
2327 3499 2481 3576 potestate

504 3601 564 3682 rit,
590 3601 710 3668 radices
731 3601 881 3670 deorsum
905 3611 937 3670 ει
960 3601 1050 3670 iaciat
1075 3601 1215 3670 fructum
1239 3621 1414 3670 sursum».
1524 3601 1727 3670 tenebrarum
1765 3609 1796 3670 et
1828 3601 1991 3670 transtulit
2019 3601 2053 3666 in
2082 3619 2215 3686 regnum
2253 3601 2307 3664 lilii
2342 3599 2483 3666 caritatis

593 3709 646 3772 tl.
671 3709 708 3774 Et
730 3707 804 3792 quia
830 3707 939 3774 notitia
961 3709 1031 3776 lidei
1065 3725 1209 3776 crescens
1231 3709 1264 3776 iu
1288 3727 1323 3776 se
1343 3709 1461 3778 rodun·
1525 3727 1599 3774 suae
1617 3733 1647 3788 »;
1673 3709 1764 3796 quia,
1787 3715 1825 3774 ut
1846 3707 1962 3774 dicitur
1982 3697 2024 3772 'ad
2049 3703 2200 3774 Romanos
2222 3705 2484 3790 decimoquarto,

340 3837 455 3900 alannus
468 3839 488 3880 u
503 3813 555 3880 dat
581 3811 611 3878 in
635 3811 770 3878 aliorum
804 3813 957 3892 salutem,
986 3813 1056 3880 ideo
1088 3813 1212 3880 subdit:
1237 3817 1278 3880 Et
1313 3815 1462 3880 uolucres
1529 3837 1545 3870 <r
1560 3831 1692 3898 regnum
1709 3815 1764 3880 Dei
1779 3831 1841 3880 nou
1859 3819 1905 3880 εει
1920 3829 1992 3880 esca
2006 3819 2037 3880 ει
2054 3817 2155 3898 ρειεε,
2171 3811 2223 3878 sed
2240 3811 2358 3878 iustitia
2374 3817 2403 3876 et
2420 3829 2484 3896 pax

351 3903 442 3934 urorum
458 3903 488 3934 sa-

352 3945 426 3988 lutera.

505 3919 588 3986 caeli
616 3917 871 4006 replicuerunt6
896 3919 932 3984 in
963 3917 1073 3984 ruatis
1104 3919 1186 3984 eius.
1219 3919 1276 3986 Ρετ
1313 3919 1461 3986 uolatcres
1525 3925 1557 3984 et
1579 3919 1728 4004 gaudium
1753 3919 1782 3984 iu
1809 3919 1927 4002 Spiritu
1950 3923 2058 3984 sancto
2075 3943 2104 3982 s,

503 4025 588 4092 caeli
607 4023 828 4110 intelliguntur
843 4025 903 4090 viri
921 4025 1118 4110 spiritualas;
1136 4025 1230 4092 lsaiae
1247 4027 1460 4110 sexagesimo:
1614 4025 1666 4092 aa.
1682 4027 1782 4108 (llers.
1796 4023 1925 4108 attat
1937 4023 2084 4110 quoniam
2097 4023 2211 4090 caritas
2223 4023 2416 4108 etgaudium
2429 4043 2483 4090 car

509 4131 601 4216 «Qui
624 4135 699 4198 sunt
722 4129 754 4198 hi
778 4131 834 4216 quui
856 4139 894 4198 ut
914 4131 1017 4198 nubes
1039 4131 1146 4198 volant
1165 4119 1205 4198 ἐι
1227 4133 1318 4216 quasi
1341 4133 1462 4198 solum-
1524 4129 1634 4198 dilatat
1655 4135 1689 4196 ει
1710 4129 1848 4198 εειειεείι
1865 4129 1904 4196 ab
1921 4129 2080 4210 interiori,
2105 4137 2136 4198 ει
2159 4131 2217 4198 hoc
2243 4137 2289 4198 εει
2314 4129 2484 4200 similitudo

503 4237 561 4306 bae
593 4235 631 4304 ad
665 4235 819 4304 fenestras
850 4255 923 4306 suas
940 4243 975 4304 »l
998 4237 1036 4304 de
1069 4237 1185 4324 quibus
1216 4237 1461 4306 Proverbiorum
1525 4237 1665 4304 exterior
1681 4237 1707 4276 1⁴
1722 4255 1795 4304 cum
1812 4237 1983 4316 sermenem
2002 4237 2070 4304 ideo
2086 4237 2209 4304 subdit:
2228 4237 2339 4306 Simile
2355 4245 2400 4304 est
2415 4235 2484 4324 fer·

503 4343 623 4428 primo:
653 4343 815 4410 «Frustra
838 4343 951 4410 iacitur
981 4349 1047 4410 rete
1079 4350 1151 4410 ante
1181 4345 1288 4412 oculos
1312 4350 1461 4426 pennato-
1525 4349 1641 4408 meato.
1666 4381 1708 4390 —
1732 4343 1769 4408 Et
1791 4351 1883 4422 nota,
1906 4329 1991 4427 quod
2014 4361 2071 4428 per
2093 4339 2293 4428 fermentum
2316 4343 2483 4430 aliquando
2513 4361 2624 4426 recusata

503 4467 576 4516 rum
593 4475 622 4514 u.
649 4451 706 4514 Per
727 4467 844 4516 ruraos
871 4447 994 4516 arboris
1020 4447 1237 4534 intelliguntur
1272 4447 1462 4516 documenta
1524 4447 1710 4534 intelligitur
1733 4447 1895 4532 corruptio
1925 4449 2011 4534 pacis
2041 4457 2074 4516 ει
2103 4449 2250 4530 innitare,
2281 4449 2364 4516 sieut
2385 4469 2484 4534 supra
2501 4423 2635 4512 ⁸⁰¹¹ii'is.⁹¹¹'

502 4555 645 4622 veritatis
674 4555 876 4638 procedentia
908 4573 952 4622 ex
982 4573 1037 4622 ore
1061 4555 1225 4640 sapientis;
1250 4555 1335 4620 uncle
1357 4553 1461 4622 Eccle-
1524 4549 1767 4620 duodecim0¹⁵z
1797 4579 1814 4612 «
1829 4553 1982 4620 Attendite
2006 4575 2022 4622 a
2045 4555 2199 4624 fermento
2226 4557 2481 4636 Pharisaeorum,

503 4659 618 4726 siastiei
644 4659 792 4744 vigesimo
817 4665 930 4746 quarto
944 4661 957 4702 ⁷
971 4659 1046 4728 dicit
1063 4661 1235 4746 Sapientia:
1259 4687 1274 4718 «
1290 4659 1353 4744 Ego
1370 4659 1461 4744 quasi
1525 4659 1609 4744 quod
1634 4663 1681 4724 est
1703 4657 1880 4744 hypocrisis
1894 4683 1926 4740 »3
1951 4663 1982 4726 et
2006 4663 2066 4728 hoc
2087 4661 2172 4730 satis
2195 4668 2298 4742 recte,
2323 4663 2396 4748 quia
2420 4661 2483 4728 for-

503 4765 704 4834 terebinthus
725 4767 852 4834 extendi
878 4783 981 4834 ramos
1006 4785 1107 4846 inens,
1134 4771 1163 4834 ει
1187 4765 1266 4832 rami
1283 4765 1342 4834 mei
1359 4765 1459 4832 hono·
1524 4771 1665 4832 mentum
1691 4771 1738 4834 est
1762 4773 1848 4852 pasta
1872 4771 1962 4832 vetus
1985 4773 2017 4834 ει
2039 4787 2081 4834 ετ
2105 4773 2261 4836 vetustate
2286 4773 2484 4854 surruptast

501 4873 546 4940 ris
569 4879 601 4940 ει
623 4871 786 4958 gratiae».
821 4873 971 4940 Volucres
994 4891 1070 4960 ergo
1093 4873 1176 4940 caeli
1198 4873 1406 4960 requiescant
1429 4873 1461 4938 in
1524 4871 1555 4938 in
1581 4869 1757 4938 acredinem
1780 4889 1887 4952 versa,
1910 4889 1992 4956 quae
2015 4873 2169 4960 reliquam
2189 4891 2320 4942 massam
2336 4891 2481 4942 corrum-

503 4979 602 5046 ramis
625 4979 741 5064 sinapis
758 4979 936 5058 crescentis,
955 4979 1028 5064 quia
1043 4981 1227 5064 quietantur
1243 4979 1303 5046 sub
1319 4977 1462 5046 doctriua
1491 4963 1494 5072 i
1526 4977 1573 5062 pit
1594 4985 1627 5044 ει
1649 4977 1680 5044 in
1704 4979 1882 5044 acredinem
1904 4979 2009 5046 vertit.
2025 4981 2095 5048 ldeo
2112 4981 2271 5068 signanter
2286 4981 2401 5048 dicitur
2418 4981 2483 5064 pri·
2501 5029 2503 5032 -

502 5085 603 5152 fidelis
624 5085 762 5152 doctoris
784 5085 840 5170 qui
862 5085 902 5154 ad
924 5085 1066 5154 notitiam
1095 5085 1236 5152 veritatis
1261 5083 1459 5170 perveniunt.
1526 5099 1595 5150 mae
1619 5081 1658 5148 ad
1682 5083 1860 5148 Corinthios
1880 5083 1989 5168 quinto
2005 5085 2040 5152 ¹⁶:
2071 5085 2283 5172 «Expurgate
2306 5093 2397 5154 verus
2420 5085 2482 5152 for-

501 5191 588 5260 Uutle
610 5191 719 5266 Glossa
734 5191 766 5260 8:
794 5217 811 5252 τ
830 5195 868 5260 la
893 5193 1001 5260 aramis
1024 5191 1112 5274 cias,
1138 5193 1167 5260 id
1192 5197 1239 5260 est
1273 5193 1304 5260 in
1329 5191 1461 5260 diversis
1525 5195 1665 5258 mentum
1683 5217 1714 5256 n.
1741 5227 1781 5238 --
1806 5189 1977 5276 aliquanao
2003 5211 2059 5278 per
2081 5189 2280 5280 sarmentum
2295 5191 2480 5286 intelligitur
2502 5207 2622 5254 secunus.

501 5299 663 5368 sententiis
698 5299 756 5368 viri
792 5299 972 5386 spirituales
1006 5301 1227 5386 reqtuiesount,
1260 5299 1315 5386 qui
1348 5297 1461 5384 pennis
1524 5295 2079 5380 lervoretdilaotio,siruthio1⁷,
2111 5299 2186 5386 quia
2207 5299 2397 5368 termentum
2430 5317 2483 5386 pa·

500 5405 658 5472 virtutum
680 5407 717 5496 in
736 5409 798 5474 alta
815 5407 1029 5474 conscendunt
1040 5433 1071 5472 ».
1089 5409 1122 5472 lu
1139 5407 1230 5474 cuitus
1247 5407 1384 5492 liguram
1400 5407 1461 5470 Da-
1525 5407 1604 5470 stam
1628 5405 1767 5472 ealefacit
1782 5413 1814 5472 et
1830 5405 1986 5490 uniendam
2011 5407 2166 5476 servorem
2192 5407 2313 5476 inducit
2337 5407 2429 5492 quasi
2445 5407 2484 5474 ab

574 5725 583 5754 ¹
605 5729 676 5780 Vens.
697 5727 723 5780 7.
741 5757 777 5766 -
795 5729 921 5793 Superius
942 5731 999 5782 Vct.
1019 5731 1113 5782 omittit
1131 5731 1159 5782 ia
1178 5743 1217 5784 eo.
1478 5775 1479 5778 ,
1595 5725 1605 5756 ⁹
1626 5729 1702 5782 Vens,
1720 5729 1746 5780 7.
1765 5733 1790 5778 ει
1809 5729 1834 5780 a.

572 5815 583 5846 ²
604 5817 678 5868 vers.
698 5815 739 5868 El.
760 5823 786 5870 et
803 5817 863 5870 dein
885 5833 909 5868 v.
929 5819 974 5870 ab.
1595 5813 1617 5844 ¹⁰
1640 5817 1696 5868 t'at.
1711 5813 1869 5884 partialem.

571 5905 583 5936 ³
603 5905 703 5958 Scilicet
722 5905 862 5960 ardberto
884 5905 923 5974 (er
944 5905 1024 5974 Beda)
1043 5907 1114 5972 atiud
1136 5909 1283 5974 Lvrauum,
1302 5907 1348 5960 uhi
1367 5895 1416 5972 pro
1430 5909 1455 5962 ei
1595 5901 1616 5932 ¹¹
1638 5903 1689 5956 Cir.
1708 5917 1785 5968 supra
1805 5917 1830 5954 n.
1852 5903 1895 5956 36.

500 5995 640 6064 inopinata
659 6011 720 6048 cum
738 5997 807 6050 Beda
829 5995 993 6048 substituitur
1013 6001 1036 6050 et
1055 5995 1147 6064 cpiruu
1166 5997 1199 6062 (H
1218 6001 1242 6050 et
1262 5997 1383 6064 optimc).
1595 5989 1617 6020 ¹2
1638 5991 1721 6044 Codd.
1743 5989 1824 6042 itae
1841 5989 2017 6058 castinacum
2036 5995 2082 6044 elr.
2102 6007 2183 6058 supra
2202 6007 2264 6058 pag.
2283 5995 2343 6056 346,
2365 5999 2424 6046 nota
2453 5991 2475 6042 l.

571 6085 670 6138 *llere
688 6085 715 6136 5.
731 6097 787 6152 seq.
807 6083 867 6150 (ρτε
886 6083 957 6138 sicut
974 6087 998 6136 et
1018 6085 1044 6136 in
1062 6083 1190 6138 frantie-erro
1210 6085 1260 6136 AC
1273 6085 1324 6136 llll
1343 6087 1368 6136 at
1386 6075 1462 6138 rraac
1595 6075 1618 6106 ¹³
1640 6079 1713 6130 Vela·
1732 6079 1779 6140 ¹¹3,
1799 6079 1840 6130 etti
1860 6077 2028 6142 subiungitur
2046 6081 2123 6132 Rom·
2144 6079 2191 6146 14,
2212 6081 2254 6134 l7.

501 6175 531 6230 iu
550 6175 687 6238 raraiaerso)
709 6179 733 6226 et
751 6173 863 6226 subinde
884 6187 909 6226 v.
932 6175 940 6222 t
950 6175 972 6226 0.
1236 6195 1237 6198 ¹
1381 6197 1383 6200 -
1595 6165 1618 6196 ¹⁴
1640 6167 1698 6220 Eat.
1715 6169 1740 6220 et
1759 6163 1881 6236 calefacit
1899 6163 2025 6232 icterias,
2048 6171 2074 6220 et
2090 6167 2140 6222 ltoc
2157 6167 2237 6220 habet
2255 6167 2427 6236 manifestam
2450 6169 2484 6224 si-

476 6321 478 6326 ,
571 6261 676 6316 5ιιετε.
695 6265 743 6326 3ι,
764 6261 807 6314 ubi
830 6275 876 6328 pro
896 6259 1000 6316 radices
1021 6261 1132 6326 Vulgata
1151 6259 1279 6316 radicem.
1525 6255 1716 6310 ualitudinem.

571 6349 684 6406 6Codd.
706 6349 789 6404 acb
815 6349 993 6418 repellerem-tri.
1012 6377 1049 6388 -
1068 6349 1125 6400 Duo
1153 6363 1226 6416 seqq.
1256 6349 1304 6400 loci
1325 6355 1385 6402 εεει
1403 6349 1460 6400 Ιεεὶ.
1596 6343 1618 6374 ²⁵
1640 6345 1713 6398 Vers.
1733 6345 1946 6410 l.-Superius
1964 6359 2013 6410 ρτε
2031 6343 2144 6398 attitulas
2163 6347 2222 6400 Vat.
2238 6343 2362 6400 raritatis
2378 6353 2402 6398 et
2422 6349 2483 6398 inte·

500 6441 549 6502 60,
569 6443 594 6490 8.
613 6445 639 6492 et
657 6443 734 6492 prov.
755 6441 784 6502 t,
805 6437 849 6490 ιι.
1525 6433 1581 6484 rius
1598 6431 1641 6484 bis
1657 6445 1767 6486 acorem
1784 6445 1834 6496 pro
1851 6431 2016 6486 acrerhaem.

571 6525 582 6556 ⁷
602 6529 675 6580 Vere.
696 6529 741 6592 22,
762 6529 807 6580 ubi
828 6513 875 6592 pro
896 6523 1004 6580 eateadt'
1021 6523 1210 6592 CDeapoudi.
1223 6551 1259 6564 —
1274 6525 1399 6590 Superius
1411 6539 1461 6590 pro
1597 6515 1619 6548 ²⁶
1639 6521 1713 6572 Vers.
1732 6519 1759 6572 7.
1777 6517 1829 6572 Cir.
1847 6535 1928 6586 supra
1948 6535 1970 6572 c.
1991 6521 2033 6572 la.
2052 6535 2079 6570 n.
2099 6519 2125 6570 3.

500 6613 663 6670 τιοεετεεειε
680 6613 800 6668 caritatis
821 6617 877 6666 Vat.
899 6613 1058 6668 decrementa
1077 6613 1194 6666 ¹uirtutis.
1596 6605 1617 6638 ¹²
1638 6609 1726 6662 Glossa
1746 6607 1944 6664 interlinearis:
1963 6607 2057 6664 Siraile
2084 6611 2123 6662 cst
2147 6607 2296 6676 sarraenlo,
2324 6609 2415 6660 carius
2436 6623 2483 6672 pro

474 6729 477 6740 κ
575 6697 906 6756 SScilicet'interlinearis
926 6703 1083 6770 (sectandum
1101 6701 1212 6768 Eadem)
1232 6703 1257 6754 iu
1277 6703 1338 6754 Luc.
1362 6703 1459 6770 l3,-l9.
1526 6701 1643 6768 terrore,
1661 6699 1704 6752 vel
1721 6703 1809 6752 seurota
1829 6697 1953 6752 doctrina.
1982 6697 2034 6752 Clr.
2064 6699 2183 6760 Αερεει.,
2208 6699 2226 6750 l.
2249 6699 2298 6764 Qu.
2318 6697 2481 6762 Evangelior.

497 6819 537 6840 -.
555 6793 680 6856 Sarperlus
699 6805 747 6856 pro
768 6789 841 6860 ptri...
856 6791 1020 6858 perueniant
1043 6789 1075 6856 (G
1091 6789 1226 6860 peruenit,
1247 6791 1361 6844 nonrtulli
1382 6793 1461 6844 codd.
1524 6805 1551 6856 q.
1576 6793 1618 6844 ta:
1640 6789 1808 6856 Mulierem,-
1823 6789 1973 6856 sapientiam
2004 6787 2080 6854 ‹licit3
2098 6787 2275 6856 fermentata,
2306 6789 2483 6856 dilectionem,

500 6881 537 6934 ob
555 6879 780 6950 abbreviationem
799 6887 859 6934 stant
877 6881 974 6934 dubiae
986 6881 1113 6948 lectionis)
1128 6883 1185 6934 liat.
1201 6895 1281 6954 pac...
1289 6881 1462 6952 perueniant.
1490 6831 1494 6946 i
1526 6883 1598 6950 qarod
1619 6881 1753 6940 lervelacit
1771 6887 1795 6936 et
1814 6883 1914 6938 excitat.
