5900 8266
502 547 567 614 340

591 715 645 782 35.
668 715 771 798 (Vere.
794 713 882 796 44.).
899 711 1110 790 Considerate
1129 731 1257 778 coenos.
1286 711 1340 778 Hic
1364 711 1461 778 sumit

362 841 483 886 44444
502 825 725 904 argumentum
750 837 770 908 4
791 825 951 884 ereatura
973 817 1122 884 sensibili
1133 841 1143 892 ;
1173 823 1206 884 et
1235 817 1338 904 primo
1366 817 1460 904 ponit

372 903 483 988 ffima.
503 923 705 1008 encntplarn,
728 925 840 990 deinde
861 921 947 990 elisit
967 931 1214 1008 argumentum.

592 1027 738 1112 Proponit
762 1027 858 1112 igitur
881 1027 1065 1112 caernplnrn
1082 1027 1360 1106 considerandum,
1386 1045 1458 1096 cum

354 1151 483 1206 Propanisus
500 1131 597 1198 dicit:
632 1129 843 1198 Considerate
865 1151 1000 1210 coreas,
1025 1131 1105 1218 qnia
1130 1151 1197 1198 non
1217 1131 1383 1198 sentinanl
1405 1151 1459 1198 ne-

354 1205 480 1258 ⁰¹⁰m¹³¹⁰¹²¹'
501 1255 563 1326 qne
586 1243 729 1312 metune
753 1255 842 1316 ecce,
866 1237 952 1322 quod
974 1255 1035 1304 non
1059 1237 1176 1306 hahent
1202 1237 1318 1304 laboris
1337 1237 1461 1304 exerci-

502 1345 601 1424 tium;
626 1343 746 1432 quibas
770 1363 836 1408 non
850 1351 898 1410 est
912 1345 1106 1424 cellarinsis,
1124 1351 1279 1430 quantum
1294 1345 1335 1410 ad
1349 1345 1460 1412 vinum

502 1449 735 1534 reponendum;
761 1469 861 1538 neque
886 1447 1061 1528 borrennl,
1086 1447 1239 1534 quantum
1265 1447 1302 1516 ad
1320 1449 1460 1516 trumen-

502 1561 571 1620 tum
595 1554 812 1636 condendum;
837 1573 925 1634 eece,
959 1555 1042 1644 quod
1075 1573 1137 1622 non
1168 1555 1284 1624 hahent
1310 1557 1461 1640 reposito·

502 1661 598 1736 rium.
625 1663 664 1726 at
689 1661 776 1726 Dens
795 1663 906 1744 pascit
929 1661 1002 1726 illos
1014 1685 1026 1738 ;
1048 1679 1140 1742 eece,
1157 1661 1241 1746 quod
1258 1681 1320 1726 nen
1337 1663 1461 1746 patiun-

504 1773 557 1832 tur
581 1765 755 1846 detentum
780 1767 920 1834 Psaltnus
934 1769 967 1832 1:
995 1767 1086 1850 «Qui
1110 1767 1164 1832 dat
1186 1767 1335 1834 iumentis
1356 1783 1460 1834 escam

502 1873 663 1958 ipsorum,
686 1879 718 1940 et
740 1873 836 1958 pullis
857 1889 1026 1940 cervorum
1046 1873 1265 1940 invocantibus
1279 1891 1353 1940 eum
1369 1901 1401 1942 4,
1417 1911 1460 1924 -

503 1977 540 2044 Et
562 1985 654 2056 unta,
684 1979 771 2064 quod
797 1977 897 2062 magis
919 1977 1066 2070 proponit
1090 1979 1271 2062 exemplum
1295 1979 1461 2048 deservis

503 2101 599 2170 quam
621 2083 660 2150 de
683 2083 753 2150 aliis
776 2083 903 2164 avihrm,
926 2089 959 2152 et
973 2087 1034 2150 hoc
1050 2089 1116 2152 tum
1137 2091 1266 2170 propter
1283 2087 1359 2164 hoo,
1376 2085 1462 2170 quod

503 2191 660 2258 mammae
689 2199 765 2260 sunt
794 2191 975 2272 edacitatis;
999 2191 1083 2260 unde
1106 2191 1233 2260 Genesis
1256 2195 1392 2260 4444442
1414 2193 1461 2260 di-

503 2297 605 2376 citur,
629 2297 714 2384 quod
740 2323 756 2356 «
773 2299 836 2366 Noe
857 2297 975 2376 dimisit
997 2317 1128 2366 corvum
1154 2317 1211 2384 per
1225 2299 1393 2366 fenestram
1409 2317 1461 2366 ar-

504 2423 576 2484 cae,
600 2405 655 2490 qui
677 2405 898 2490 egrediebatur
914 2411 945 2470 et
961 2423 1023 2470 non
1040 2405 1261 2472 revertebatur
1279 2429 1308 2484 4;
1334 2411 1363 2470 44
1381 2405 1461 2472 ratio

504 2511 601 2580 huius
623 2517 686 2590 est,
712 2513 786 2598 quia
807 2509 960 2578 insiderat
981 2527 1079 2596 super
1095 2513 1243 2590 cadaver3
1263 2517 1332 2576 tum
1349 2511 1460 2592 etiam,

504 2617 582 2704 quia
603 2619 680 2686 haec
704 2619 805 2686 ferles
830 2635 897 2686 esse
914 2625 1029 2684 natura
1044 2617 1149 2698 corvi,
1165 2617 1248 2702 quod
1270 2617 1371 2702 pullus
1387 2635 1461 2684 suos

503 2725 536 2790 in
559 2725 714 2808 principio
743 2743 805 2790 non
830 2723 945 2808 pascit,
974 2723 1134 2806 quianon
1158 2729 1246 2808 putat
1271 2741 1345 2788 suos
1374 2739 1461 2802 esse,

503 2829 603 2896 donec
625 2829 742 2908 videat,
758 2845 810 2896 eos
828 2845 896 2894 esse
918 2827 1045 2912 nigros3
1062 2827 1115 2894 lob
1132 2827 1291 2910 trigesimo
1307 2833 1416 2894 octavu
1427 2827 1460 2890 ³:

510 2935 618 3018 «Quis
642 2941 807 3018 praeparat
833 2951 926 2998 corvo
955 2951 1056 2998 escam
1088 2949 1196 3010 snam,
1228 2931 1353 3016 quando
1383 2931 1461 3016 pulli

505 3041 573 3106 eius
598 3033 731 3106 clamant
752 3039 792 3106 ad
808 3039 926 3114 Deum,
950 3037 1126 3122 vagientes,
1153 3055 1188 3102 eo
1213 3037 1294 3122 qued
1319 3055 1382 3102 nnn
1406 3037 1461 3104 ha-

504 3145 760 3212 hominibusi?
785 3143 869 3208 Unde
893 3161 950 3228 per
974 3161 1089 3208 coenos
1110 3141 1224 3208 merito
1245 3143 1305 3208 alia
1327 3141 1463 3210 volatilia

504 3249 632 3334 intelligi
658 3255 808 3334 possunt3
833 3247 978 3316 ltatlhael
1001 3249 1140 3316 sextae:
1169 3247 1354 3334 «Respicite
1376 3251 1463 3316 vola-

505 3355 571 3420 tilia
595 3355 686 3432 caeli,
711 3353 859 3438 quoniam
883 3373 945 3420 non
970 3359 1110 3420 serunt»
1142 3360 1198 3420 el.

596 3459 647 3526 36.
683 3459 801 3526 Deinde
836 3459 921 3526 elicit
956 3469 1212 3546 argumentans,
1247 3479 1319 3526 cum
1355 3461 1461 3528 addit:

341 3581 392 3628 44
407 3583 492 3628 444
507 3569 637 3652 Qnanto
660 3567 770 3652 magis
785 3585 842 3632 eos
854 3565 967 3652 piaris
983 3567 1059 3634 estis
1075 3565 1167 3634 illis?
1182 3565 1290 3634 Glossa
1301 3565 1334 3632 ⁵:
1355 3593 1369 3626 «
1388 3569 1461 3634 Pro-

342 3639 575 3756 ὅπέαιῃθιὶωῑίι’4444
599 3673 750 3738 rationem
773 3679 804 3740 et
825 3673 1112 3750 immortalitatem,
1127 3691 1210 3758 quae
1226 3671 1314 3740 vohis
1331 3671 1462 3758 444444-

505 3779 602 3856 tilur,
632 3779 704 3862 plus
734 3777 890 3858 va.lelis»;
923 3781 1043 3862 primae
1073 3779 1111 3844 ab
1145 3779 1322 3846 Corinthios
1357 3797 1461 3844 nune:

510 3909 528 3942 «
544 3883 690 3966 Nonquia
713 3883 752 3950 de
776 3883 876 3950 bobus
901 3903 978 3952 4444
1001 3889 1048 3952 est
1063 3883 1152 3952 Dee?
1167 3885 1242 3950 Nam
1259 3891 1388 3970 propter
1405 3901 1462 3950 nos

368 4005 488 4104 4844ῗί44144
504 3989 621 4072 scripta
644 3997 764 4056 sunl».
782 3991 900 4058 -Sed
923 3991 998 4076 quia
1022 3999 1125 4076 posset
1149 3991 1262 4076 aliquis
1286 3999 1395 4056 centra
1410 4009 1472 4056 ar·-

474 4089 481 4102 '
504 4111 620 4180 gnere,
643 4097 728 4180 quod
749 4097 841 4162 nohis
863 4097 962 4182 magis
985 4097 1132 4182 competit
1164 4097 1340 4164 sollicitudo
1366 4115 1461 4180 qnam

505 4201 609 4270 eorvis
631 4207 759 4288 propter
784 4203 1000 4270 excellentiam
1026 4203 1173 4284 rationis;
1200 4203 1353 4282 ostendit,
1376 4201 1462 4288 quod

576 4787 585 4816 ¹
607 4789 698 4840 Psaim.
714 4789 780 4856 446,
793 4791 816 4842 a.
831 4791 1006 4856 -superius
1020 4791 1072 4844 AD
1088 4789 1210 4845 44444444
1224 4805 1289 4858 cete,
1302 4789 1374 4858 qaod
1386 4789 1459 4860 [Vol.

504 4891 562 4932 ecce
576 4875 728 4946 principio]
744 4891 800 4932 444
818 4877 918 4934 babent
935 4877 1036 4934 labores
1054 4879 1214 4934 4444444444
1234 4879 1380 4946 (respicitur
1402 4879 1461 4930 Arn-

452 4983 455 4988 ·
503 4965 588 5030 bros,
609 4967 661 5020 vn.
679 4967 704 5016 iu
724 4969 787 5020 Lao.
806 4967 848 5018 44.
877 4981 904 5020 4.
929 4967 994 5030 444,
1018 4967 1064 5020 444
1090 4967 1167 5032 dicit,
1190 4969 1263 5032 quod,
1286 4965 1461 5018 avolatilibus

503 5055 567 5108 caeli
585 5057 684 5108 nullum
704 5055 855 5106 exercitium
874 5055 1008 5122 ophionis,
1037 5055 1122 5108 nullus
1141 5057 1175 5106 de
1192 5055 1317 5108 messium
1346 5053 1461 5106 44444444-

503 5147 555 5194 tate
573 5147 715 5206 preventus
734 5147 772 5194 est
785 5141 821 5208 a),
840 5157 870 5194 en
889 5141 987 5208 quihus
999 5141 1112 5194 subinde
1124 5143 1308 5208 supplevimus
1327 5145 1461 5210 44444444

503 5227 540 5284 444
557 5227 651 5284 einum
669 5227 853 5296 reponendum
866 5233 891 5280 et
903 5233 1037 5296 qnantum
1049 5227 1086 5282 ad
1095 5229 1264 5296 framentum
1283 5227 1459 5284 condendam.

573 5313 680 5370 ”Vens
698 5317 723 5368 6.
743 5323 767 5368 et
786 5317 810 5368 7.
830 5305 1002 5382 -hugust.,
1031 5317 1079 5384 Qq.
1109 5317 1134 5368 in
1163 5317 1227 5368 Gen.
1244 5331 1269 5382 q.
1292 5317 1339 5380 43,
1358 5315 1404 5368 uhi
1425 5317 1460 5370 ad

503 5405 696 5472 quaestionem,
716 5411 804 5458 utrmn
822 5419 935 5468 corvus,
953 5405 999 5470 qui
1019 5411 1077 5458 ante
1097 5403 1248 5458 columbam
1268 5405 1416 5474 (dimissam
1434 5411 1460 5458 et

503 5509 636 5548 reversum
655 5495 683 5546 in
700 5493 800 5562 ercam)
819 5493 945 5546 dimissus
964 5497 1047 5548 444444
1065 5499 1092 5546 et
1110 5507 1164 5546 non
1182 5493 1377 5560 revertebatur,
1391 5509 1458 5546 444-

503 5591 564 5638 tuus
581 5585 627 5648 sit,
639 5599 672 5636 an
686 5583 772 5652 aliquo
788 5577 867 5636 modo
880 5583 973 5636 vivere
985 5583 1107 5650 potuerit,
1119 5583 1271 5648 respondit:
1294 5605 1306 5630 u
1319 5581 1459 5638 Conlieitur

503 5685 517 5724 a
537 5671 636 5738 multis,
655 5671 727 5740 quod
746 5671 869 5724 cadaveri
887 5671 1002 5736 potuerit
1017 5671 1146 5736 insidere,
1172 5671 1244 5738 quod
1268 5669 1390 5726 coluruha
1415 5685 1460 5724 ua-

503 5761 619 5814 turoliter
635 5761 732 5824 retegit
744 5779 768 5812 4.

483 5887 486 5896 ‚
573 5845 678 5904 84444.
698 5851 741 5916 tl,
760 5849 792 5902 in
811 5849 885 5902 cuias
914 5849 1083 5914 explicatione
1111 5851 1221 5914 Greger.
1249 5851 1346 5918 (XXX.
1373 5851 1460 5902 444444.

503 5953 526 5992 4.
545 5941 570 5992 b.
588 5953 616 5992 n.
633 5939 688 6008 33.)
707 5939 759 5992 ait:
778 5941 822 5992 Est
834 5941 921 5992 adhue
934 5937 1017 6004 aliud,
1032 5939 1105 6006 quod
1118 5939 1153 5992 de
1165 5953 1245 5992 corve
1259 5925 1390 5993 moraliter
1402 5953 1461 6004 pos·

503 6029 536 6080 sit
555 6027 669 6094 intelligi.
688 6027 768 6082 Editis
787 6041 902 6096 namque
921 6027 1011 6094 pullis,
1031 6035 1059 6080 ut
1077 6031 1173 6094 lentur,
1191 6041 1278 6082 escam
1298 6027 1461 6094 pleneprae-

503 6115 567 6170 here
594 6117 753 6182 dissimulat,
781 6117 936 6184 priusquam
965 6117 1152 6182 plumescendo
1181 6115 1343 6182 nigrescant,
1363 6131 1461 6184 eosque

502 6205 590 6258 inedia
610 6205 675 6258 affici
694 6205 805 6272 patitur,
831 6205 1007 6272 quoadusque
1034 6205 1059 6256 in
1078 6205 1126 6256 illis
1144 6219 1192 6268 per
1208 6217 1356 6268 pennarum
1375 6205 1460 6268 nigre·

503 6293 591 6346 dinem
610 6307 656 6348 sua
676 6293 818 6346 similitudo
836 6295 965 6346 videatur.
985 6295 1033 6362 Qui
1058 6295 1110 6346 huc
1137 6293 1251 6360 illudque
1278 6299 1410 6358 vagantur
1433 6291 1459 6344 in

503 6379 565 6434 nido
588 6387 615 6436 44
641 6381 759 6434 ciberum
779 6385 903 6446 expetunt
922 6387 1012 6446 aperte
1031 6395 1077 6434 ore
1105 6379 1263 6434 subsidium.
1289 6381 1320 6434 44
1341 6393 1403 6434 cum
1423 6379 1460 6430 ni-

503 6483 625 6534 grescere
642 6469 790 6534 coeperint,
809 6475 879 6522 tanto
897 6469 935 6522 eis
953 6469 1105 6534 praehenda
1123 6469 1244 6520 alimenta
1262 6471 1395 6522 ardentius
1421 6481 1461 6520 re·
1494 6495 1496 6500 ,

503 6559 594 6622 quirit,
614 6563 711 6624 quanto
729 6557 787 6610 ilias
806 6559 873 6612 41444
890 6557 990 6610 diutius
1007 6557 1114 6612 distulit.
1133 6557 1203 6610 idem
1229 6559 1307 6612 docet
1332 6559 1459 6624 isidorus,

503 6635 561 6700 xil
574 6649 720 6712 etymolog.
740 6647 763 6700 c.
780 6647 808 6700 7.
825 6661 852 6700 n.
873 6647 915 6700 ea.
934 6647 1099 6712 cassanen,
1119 6647 1146 6698 tn
1170 6649 1210 6700 rs.
1241 6645 1306 6710 rto,
1325 6647 1360 6700 e:
1387 6647 1461 6702 444·

501 6745 567 6786 vero
594 6747 755 6802 cornarani,
783 6740 812 6788 ut
839 6735 987 6810 physiologi
1014 6737 1122 6802 volent,
1148 6733 1252 6788 caelesti
1270 6747 1330 6788 rore
1348 6749 1461 6788 vescun-

1088 535 1281 602 COMMENT.
1306 535 1343 600 IN
1367 533 1604 604 avenesteen
1630 533 1748 602 lecta
1770 531 1803 598 C.
1828 527 1891 598 tlt

1522 711 1686 778 hoonihil
1707 721 1764 778 est.
1788 711 1818 778 Si
1841 705 1926 776 enim
1949 715 2163 794 angmentum
2189 705 2328 792 corporis
2353 723 2415 772 uon
2442 703 2480 772 fit

1523 817 1773 902 perhumanum
1797 811 2108 900 cogitationnes
2132 829 2189 898 per
2210 811 2348 902 divinam
2375 811 2480 898 dispo-

1523 921 1685 1002 sitionem,
1708 923 1775 1006 pari
1800 919 1920 994 ratione
1943 925 1973 988 et
1998 903 2199 998 alinicntnnt.

1613 1029 1664 1094 37.
1691 1027 1791 1110 (Vens.
1809 1027 1886 1106 44.).
1902 1027 2032 1110 Propter
2049 1025 2132 1110 quod
2148 1023 2251 1092 addit:
2270 1025 2352 1108 Qrtis
2369 1033 2479 1092 antem
2493 1045 2642 1090 444444.

1522 1141 1668 1198 oestrum
1700 1131 1897 1216 cogitando⁶
1927 1137 2029 1218 polest
2061 1129 2204 1198 adiicere
2235 1133 2280 1198 ad
2309 1141 2478 1198 stateram

1523 1255 1623 1302 4444
1639 1237 1783 1304 cnbitnrn
1803 1237 1932 1304 arnna?
1955 1237 2043 1324 quasi
2061 1237 2157 1304 dieat:
2177 1237 2301 1316 nullm,
2324 1237 2478 1322 quiahoc

1523 1363 1584 1408 non
1608 1349 1656 1412 est
1679 1345 1816 1410 huminis
1838 1345 2019 1430 cogitantis,
2042 1345 2094 1412 sed
2120 1363 2199 1430 opus
2221 1343 2275 1410 Dei
2302 1345 2479 1428 producen-

1524 1447 1584 1528 lis;
1608 1447 1693 1516 unde
1722 1447 1851 1516 secundi
1877 1451 2135 1516 blachahaeoruut
2158 1449 2316 1534 septimo*
2338 1447 2476 1516 dicitur:

1528 1555 1686 1634 «Nescio,
1717 1555 1851 1642 qualiter
1877 1555 1906 1620 in
1932 1561 2024 1622 utero
2046 1575 2115 1624 meo
2137 1557 2346 1642 apparuistis
2375 1575 2478 1642 neque
2532 1603 2533 1606 ,

1523 1679 1581 1744 ego
1602 1661 1699 1728 vitam
1722 1661 1835 1728 clonavi
1857 1661 1963 1738 vohis,
1988 1667 2019 1726 et
2042 1663 2240 1746 singulorum
2258 1663 2476 1730 membranae
2561 1667 2563 1672 '

1526 1783 1584 1850 ego
1606 1765 1673 1850 ipsu
1698 1767 1835 1852 conspergi
1852 1791 1884 1846 »;
1907 1771 1940 1832 et
1960 1765 2081 1850 primae
2102 1765 2142 1832 ad
2165 1767 2342 1834 Corinthios
2357 1769 2478 1834 decimo

1523 1873 1654 1956 quinto:
1685 1899 1701 1930 «
1717 1873 1800 1938 Deus
1823 1873 1877 1940 dat
1898 1873 1942 1938 illi
1965 1891 2097 1958 empne,
2123 1881 2217 1958 prout
2246 1873 2330 1954 vult,
2353 1883 2385 1942 el
2408 1875 2478 1940 uni-

1525 1981 1640 2064 ouique
1661 1979 1818 2046 seminum
1842 1979 2007 2064 proprium
2030 1995 2146 2062 eorpus
2160 2005 2193 2044 4.
2215 1979 2303 2046 Unde
2325 1987 2357 2044 44
2381 1979 2479 2044 Philo

1524 2083 1666 2170 sophus8
1692 2083 1890 2170 dicitquod
1919 2083 2089 2150 «ninnium
2123 2089 2236 2148 natura
2267 2083 2477 2150 4444444444

1525 2191 1677 2260 terminus
1702 2199 1748 2260 est
1771 2197 1801 2258 et
1826 2193 1905 2258 ratio
1928 2189 2149 2278 magnitudinis
2171 2195 2204 2256 et
2223 2189 2383 2276 strigmenti
2399 2215 2430 2254 ».
2448 2189 2476 2254 Si

1525 2319 1599 2386 ergo
1622 2303 1701 2368 haee
1722 2299 1850 2368 minima
1875 2319 1935 2366 nnn
1959 2305 2032 2366 sunt
2057 2299 2087 2364 in
2111 2299 2268 2376 humana,
2300 2297 2353 2364 sed
2378 2297 2408 2362 in
2433 2295 2478 2364 di-

1524 2407 1595 2472 vina
1618 2405 1814 2492 providentia
1836 2407 2022 2484 constituta,
2045 2405 2145 2470 444444
2168 2405 2274 2470 rninus
2297 2421 2354 2470 neo
2379 2403 2448 2470 alia.

1612 2513 1663 2580 38.
1690 2513 1789 2598 (Vere.
1816 2513 1883 2590 aa.)
1905 2511 1974 2578 ideo
1988 2511 2102 2578 addit:
2131 2509 2167 2578 Si
2181 2531 2259 2596 ergo
2274 2529 2377 2598 44444
2391 2509 2479 2596 qteoll
2499 2515 2620 2562 4444444·

1524 2619 1701 2698 4444444444
1724 2629 1773 2686 cst
1783 2619 1937 2704 potestis,
1954 2617 2033 2704 qaid
2048 2617 2088 2684 de
2102 2617 2217 2682 celcris
2233 2615 2365 2682 solliciti
2380 2613 2478 2682 estis?

1526 2725 1613 2806 quasi
1640 2725 1740 2790 dicat:
1767 2725 1886 2788 trustra
1901 2729 1931 2788 et
1947 2725 2050 2790 stulte.
2070 2719 2196 2788 sallat:
2217 2747 2232 2776 4
2251 2721 2292 2784 4444
2313 2721 2478 2806 tegendum

1526 2845 1641 2912 eorpus
1671 2827 1857 2912 relinquite,
1883 2827 1935 2912 qui
1960 2825 2037 2890 illud
2062 2825 2099 2890 ad
2124 2825 2205 2890 hano
2228 2841 2409 2890 mensuram
2435 2825 2478 2890 f-

1526 2933 1566 2998 cit
1590 2933 1755 3016 pervenire
1772 2959 1800 2998 ».
1826 2969 1870 2980 --
1894 2933 2115 2998 Verumtamen
2148 2929 2207 2996 ista
2237 2929 2318 2998 ratio
2347 2947 2409 2996 non
2434 2931 2478 2996 vi-
2500 2937 2631 2994 444444.

1525 3037 1617 3104 detur
1642 3037 1764 3116 valere,
1787 3037 1877 3122 quia,
1901 3037 1971 3104 lieet
2001 3055 2062 3102 non
2086 3043 2226 3122 oporteat
2251 3037 2408 3104 sollicitari
2441 3037 2478 3104 de

1526 3151 1719 3232 anptncnlo,
1744 3161 1912 3228 possumus
1936 3149 2039 3210 tamen
2064 3151 2095 3210 44
2122 3143 2273 3210 debemus
2303 3145 2340 3210 de
2371 3145 2480 3210 nentri-

1524 3257 1639 3316 orento.
1664 3249 1746 3318 44444
1770 3249 1851 3316 enim
1878 3251 1922 3316 vis
1943 3249 2192 3334 aecprnentaliea
2207 3271 2268 3316 non
2285 3251 2326 3316 sit
2341 3249 2481 3318 subiecta

1526 3353 1674 3423 voluntati
1702 3361 1731 3424 et
1756 3355 1887 3434 rationi,
1910 3355 1988 3422 nihil
2014 3363 2114 3422 lamen
2147 3355 2276 3442 impedit
2302 3355 2340 3422 de
2372 3357 2480 3422 44444-

1526 3461 1611 3542 tioa,
1637 3463 1713 3548 quin
1736 3461 1777 3528 sil
1798 3461 1827 3528 ei
1850 3479 1929 3546 opus
1954 3461 2102 3546 regimine
2127 3469 2157 3528 44
2179 3461 2384 3546 providentia.

1612 3569 1838 3636 Verumtamen
1866 3567 1907 3634 ad
1930 3569 1989 3636 hoo
2014 3577 2059 3634 est
2083 3569 2262 3654 responsio,
2285 3569 2369 3654 qued
2400 3569 2480 3636 ratio
2501 3573 2646 3672 0325ngss

1525 3680 1571 3742 est
1593 3675 1695 3742 hona:
1727 3673 1821 3760 quia,
1851 3673 1876 3742 si
1905 3673 1958 3742 illa
1979 3691 2061 3760 quae
2085 3681 2157 3742 sunl
2181 3673 2347 3742 cennrnissa
2366 3673 2480 3762 44444·-
2500 3681 2557 3736 nter·
2649 3693 2650 3696 ¹

1526 3781 1653 3846 dentiae
1673 3789 1845 3858 rcatnrac,
1859 3799 1920 3846 non
1938 3787 2061 3866 oportet
2080 3781 2235 3846 heudnem
2253 3799 2361 3864 regere
2380 3785 2409 3846 el
2425 3797 2480 3846 eu·
2578 3773 2579 3776 ’

1527 3903 1598 3952 rare
1611 3887 1659 3966 ¹⁰3
1690 3887 1757 3972 pari
1791 3885 1911 3952 ratione
1943 3903 1999 3952 neo
2024 3885 2076 3952 illa
2099 3903 2178 3970 quae
2210 3885 2376 3952 cometissa
2406 3891 2481 3952 sunt

1522 3993 1748 4078 preavidentiae
1772 4011 1945 4078 srespernae.
1970 4033 2014 4042 -
2036 3995 2173 4072 Rursus,
2201 3993 2280 4060 sieut
2297 4011 2358 4060 non
2375 3999 2477 4078 potest

1526 4100 1618 4165 horno
1643 4117 1758 4184 cerpus
1781 4117 1914 4184 augere,
1938 4099 1982 4166 sie
2006 4117 2063 4166 nee
2081 4099 2160 4166 vitae
2177 4099 2366 4178 terminum,
2386 4117 2479 4184 quem

1527 4205 1674 4290 praefixit
1697 4207 1866 4284 Dominus,
1898 4207 2060 4290 protelare.
2087 4243 2127 4256 -
2152 4207 2330 4288 Postremo,
2360 4207 2386 4272 si
2417 4223 2497 4270 non<

1523 4793 1635 4847 Livorno
1657 4795 1737 4858 lesa,
1749 4793 1821 4846 444.
1837 4795 1878 4846 45.
1892 4807 1953 4858 pag.
1973 4793 2024 4845 860
2042 4791 2124 4858 seq),
2144 4791 2187 4858 qui
2210 4795 2333 4846 4444444
2352 4791 2479 4856 Gregorio

1524 4881 1573 4932 iam
1595 4883 1698 4934 4444444
1719 4881 1845 4944 admittit,
1863 4881 1912 4932 sed
1930 4881 1979 4932 4144
1997 4879 2107 4932 naturali
2127 4879 2228 4930 ratione
2246 4879 2363 4946 explicat.

1594 4965 1605 4996 ⁴
1623 4969 1698 5020 Vers.
1713 4969 1761 5030 46,
1775 4967 1820 5020 ubi
1836 4981 1882 5032 pro
1898 4965 2025 5034 neroniana
2038 4977 2093 5020 non
2104 4969 2199 5020 terrent
2212 4971 2261 5020 etc.
2278 4967 2392 5020 lene
2411 4979 2480 5034 qnae

1522 5067 1577 5108 reon
1597 5053 1722 5108 laborant
1739 5061 1791 5108 etc.
1810 5053 1866 5118 (sed
1887 5059 1935 5106 trec
1955 5063 1992 5106 est
2012 5055 2037 5106 in
2055 5057 2116 5106 444.
2139 5055 2184 5116 44,
2206 5053 2269 5122 tt).
2288 5083 2323 5092 -
2341 5055 2428 5106 Glossa
2442 5053 2479 5108 in·

1524 5141 1676 5196 teatinensis
1693 5143 1722 5194 in
1739 5143 1801 5194 444.
1823 5143 1869 5204 ta,
1889 5141 1941 5194 nt:
1963 5141 2133 5196 Considerate
2146 5155 2253 5208 aornos,
2269 5143 2424 5196 Matthaeus:
2438 5155 2480 5196 oo·

1523 5229 1629 5296 totilae,-
1649 5231 1690 5284 hic
1710 5245 1775 5294 ergo
1793 5231 1896 5294 speeies
1914 5245 1963 5296 pro
1982 5245 2088 5296 genere.

1550 5367 1551 5370 ,
1594 5317 1605 5348 ⁶
1624 5321 1727 5374 Scilicet
1743 5315 1939 5384 interlinearis,
1961 5321 1992 5372 de
2011 5335 2063 5388 qua
2083 5323 2127 5372 etr.
2148 5321 2267 5390 Hieron,
2291 5323 2307 5374 l.
2335 5321 2479 5374 Comment.

1523 5407 1550 5460 iu
1567 5409 1656 5462 blatth.
1674 5409 1704 5476 6,
1727 5407 1770 5462 46.
1788 5437 1823 5448 --
1844 5407 2126 5476 Subindeallegantur
2151 5411 2167 5464 l.
2192 5409 2252 5464 Cor.
2279 5413 2308 5476 a,
2336 5413 2359 5464 9.
2386 5417 2412 5464 44
2437 5409 2478 5462 46.

1524 5495 1560 5564 (v.
1580 5497 1621 5548 46.
1640 5497 1762 5550 omittunt
1781 5497 1882 5564 CDG).
2081 5533 2082 5536 =

1595 5583 1707 5640 *Codd
1727 5587 1807 5640 CDG
1826 5585 1947 5656 cogitans
1969 5587 2011 5650 lite
2032 5587 2117 5640 ttatth.
2138 5589 2166 5654 6,
2186 5587 2249 5656 44.).

1594 5671 1697 5728 “Vers.
1720 5677 1766 5740 44,
1787 5683 1846 5740 post
1862 5689 1943 5744 quem
1964 5677 1980 5730 l.
2004 5677 2063 5730 Car.
2091 5677 2137 5742 45,
2164 5677 2208 5730 38.
2225 5705 2261 5718 —-·
2280 5677 2406 5744 Sirperius
2430 5689 2480 5742 pro

1523 5765 1572 5820 Dei
1585 5763 1759 5834 producentis
1780 5767 1800 5818 11
1820 5771 1847 5818 et
1864 5767 1923 5818 Vnt.
1941 5765 1990 5820 Dei
2002 5763 2178 5834 providentis.

1595 5851 1694 5908 ⁸Lihr.
1713 5857 1740 5908 44.
1759 5853 1794 5908 de
1810 5853 1917 5918 Anima,
1935 5859 1994 5908 text.
2015 5855 2057 5906 44.
2077 5853 2111 5922 (e.
2124 5853 2217 5920 l.).-
2229 5857 2319 5908 Glossa
2339 5851 2481 5908 ordinaria

1525 5943 1680 6010 (seeundum
1698 5941 1807 6010 Bedam)
1829 5943 1855 5994 in
1871 5945 1933 5996 Luc.
1955 5947 2001 6006 44,
2022 5943 2073 5996 26:
2093 5941 2124 5998 Sl
2141 5957 2205 6012 erqo
2224 5957 2307 6012 neque
2321 5941 2394 6012 qnod
2405 5941 2481 5998 nini·

1523 6047 1601 6088 44444
1619 6037 1668 6084 etc.
1686 6031 1714 6084 Si
1733 6045 1781 6086 nec
1799 6031 1823 6082 in
1845 6033 2057 6098 augmentatione
2075 6033 2193 6098 eorporis
2207 6033 2286 6086 vestri
2303 6033 2406 6098 operari
2424 6037 2481 6098 pot·
2501 6045 2504 6054 ·

1523 6123 1598 6188 estis,
1617 6137 1686 6188 quae
1704 6121 1820 6188 operalio
1840 6127 1878 6176 est
1896 6121 1950 6172 Deo
1977 6121 2083 6174 minima
2103 6123 2136 6176 ad
2156 6121 2376 6188 comparationem
2406 6121 2482 6184 spiri-

1524 6211 1599 6262 tualis
1617 6217 1765 6274 44444
1785 6209 1850 6276 quid
1868 6209 1971 6262 solliciti
1988 6211 2049 6262 estis
2066 6211 2102 6262 de
2119 6211 2213 6264 ceteris
2231 6207 2389 6272 maioribus,
2404 6209 2481 6262 idest

1523 6297 1557 6352 de
1568 6297 1672 6352 animae
1684 6299 1902 6352 conservatione?
1916 6295 1967 6352 Cle.
1980 6299 2107 6364 litigosa,
2120 6301 2148 6352 44.
2162 6299 2210 6364 Qq.
2225 6296 2386 6362 evangelion.
2401 6311 2425 6364 q.
2436 6297 2481 6350 48.

1595 6381 1695 6440 Β4444,
1714 6387 1755 6440 IV.
1776 6387 1800 6438 in
1819 6387 1882 6438 Luc.
1903 6385 1950 6448 ta,
1970 6387 2011 6440 46.
2033 6385 2163 6440 Sententia
2175 6385 2259 6450 ipsius
2273 6385 2378 6436 affertur
2390 6383 2481 6438 verbis

1523 6477 1629 6530 Glossae
1658 6475 1858 6530 interlinearis:
1886 6475 1922 6528 4414
1949 6489 2013 6542 ergo
2039 6489 2128 6528 44444
2153 6473 2257 6540 tegendi
2284 6487 2379 6540 cerpus
2404 6475 2500 6528 rehu-²

1523 6565 1596 6634 quite
1615 6565 1752 6616 alcidem
1772 6563 1834 6618 dicit
1853 6565 1977 6632 august,
1995 6565 2023 6618 14.
2042 6565 2075 6616 de
2096 6565 2178 6616 Serm.
2201 6563 2305 6616 Domini
2330 6565 2355 6616 in
2375 6569 2480 6628 monle,

1524 6667 1548 6706 c.
1568 6655 1611 6706 45.
1628 6667 1654 6704 4.
1676 6653 1719 6706 54.

1595 6737 1617 6768 ¹⁰
1635 6741 1685 6792 Pro
1703 6751 1797 6808 regere
1809 6741 1835 6794 et
1847 6751 1959 6804 aurare,
1979 6739 2051 6806 quod
2069 6741 2183 6794 nonnulli
2203 6741 2283 6796 codd.
2300 6745 2434 6806 44444444,
2458 6743 2480 6794 Η

502 6825 543 6870 444
562 6823 696 6874 slaviae
714 6823 793 6876 etiam
812 6823 903 6876 Bellen
925 6823 1021 6892 (444444
1041 6823 1158 6890 italiana,
1172 6823 1256 6876 storia
1267 6825 1398 6888 halmale,
1418 6825 1459 6878 ed.
1482 6861 1484 6864 -
1519 6825 1680 6898 4444444444,
1697 6829 1721 6880 D
1739 6841 1753 6878 4
1772 6827 1887 6880 secunda
1908 6839 1988 6880 mauu
2001 6837 2167 6894 procurare.
