5900 8266
488 591 551 654 550

487 759 731 844 discipulorum
746 763 1000 848 arropantiam3
1019 763 1047 828 in
1065 763 1204 830 secunda
1221 779 1295 828 uero
1311 763 1445 828 anirnut

487 871 515 932 ct
539 865 677 932 roborat
698 865 744 932 ad
768 865 1010 946 constantiam,
1036 865 1077 932 ibi
1093 871 1120 932 ¹:
1156 865 1212 932 Ait
1242 873 1356 932 autem
1383 867 1445 932 Do·

487 969 603 1036 minus
624 969 761 1036 Simoni.

576 1077 611 1142 ln
633 1075 845 1162 reprimendo
872 1075 972 1160 igitar
998 1075 1241 1162 discipulorum
1278 1095 1443 1162 arrogan-

322 1183 572 1260 nnm0,qu0aotr'am
597 1189 734 1268 quatuor
755 1181 1003 1248 introducuntur
1028 1183 1065 1248 ab
1091 1183 1302 1266 Evangelista,
1328 1181 1446 1248 scilicet

323 1261 630 1372 sithilia-nuptum
656 1285 895 1372 arrogantiam
917 1285 1078 1372 detegens,
1097 1285 1332 1352 documentum
1347 1303 1445 1352 arro-

333 1363 474 1464 tiaigiiiii'
488 1391 642 1478 pantiam
667 1391 867 1476 repriment,
901 1391 1086 1474 eucarpium
1114 1389 1336 1458 bumilitatem
1364 1409 1446 1456 stoa-

352 1467 448 1518 q⁰³m⁰¹²
488 1497 566 1564 dens
591 1505 621 1564 et
640 1497 834 1584 praemium
857 1497 904 1564 od
925 1493 1146 1564 brutniiitatem
1168 1495 1326 1564 attinens.

578 1603 630 1670 35.
658 1603 756 1682 (Vera.
791 1603 867 1686 22,).
895 1603 995 1668 Primo
1021 1603 1116 1688 igitur
1142 1609 1295 1688 quantum
1319 1603 1356 1670 ad
1382 1603 1446 1670 iiti-

323 1725 425 1790 22222
437 1735 473 1770 ar·
487 1709 584 1796 pium
607 1709 844 1796 arrogantiam
865 1707 1014 1796 detepens
1036 1709 1125 1774 dicit:
1152 1711 1257 1776 racto
1274 1713 1319 1776 est
1336 1717 1446 1776 autern

340 1783 458 1888 iiiiii?
489 1823 518 1882 et
541 1815 699 1882 contentio
717 1815 816 1888 inter
847 1835 914 1896 222,
938 1815 1015 1904 quis
1045 1835 1163 1882 eorttm
1184 1815 1353 1882 uideretur
1377 1835 1447 1882 esse

488 1921 609 1988 maior.
633 1923 720 2006 Quae
740 1921 840 1990 luerit
860 1919 959 1988 huius
980 1921 1195 1988 contentionis
1224 1923 1364 2002 occasio,
1393 1941 1446 1990 ne-

488 2025 600 2092 scitur.
622 2025 786 2094 02222222
820 2033 922 2094 tamen
959 2031 1004 2092 est
1039 2025 1163 2112 signum
1185 2027 1303 2094 athonis
1328 2029 1442 2114 privati

488 2131 581 2212 boni;
606 2131 689 2200 unde
714 2131 811 2200 iacobi
838 2133 993 2220 quart02:
1025 2133 1140 2200 «Unde
1161 2133 1242 2202 bella
1267 2139 1296 2202 et
1321 2137 1391 2204 lites
1413 2137 1447 2204 in

488 2237 603 2306 uobisl
624 2239 732 2306 Nonne
763 2257 804 2306 ex
837 2239 1114 2326 concupiscentiis,
1141 2259 1221 2328 quae
1247 2240 1385 2308 militant
1413 2243 1447 2310 in

488 2343 640 2412 membris
664 2343 831 2412 22221222
854 2345 1017 2414 Contentio
1039 2353 1146 2414 autem
1168 2347 1383 2434 [1222222222
1406 2349 1449 2416 si-

490 2469 589 2536 gnum
623 2459 670 2520 est
705 2451 821 2520 amoris
854 2453 1058 2520 excellentiae
1085 2459 1119 2520 et
1155 2453 1300 2534 dominii;
1334 2461 1364 2520 et
1396 2455 1447 2524 hic

489 2575 579 2624 antor
602 2557 740 2624 nondum
764 2567 834 2628 erat
854 2557 1033 2626 exstinctus
1055 2559 1089 2626 in
1121 2559 1369 2644 apostolisatis
1394 2561 1449 2626 ad-

489 2668 618 2730 ventum
645 2663 780 2748 Spiritus
814 2665 922 2732 sancti.
952 2665 1038 2730 Unde
1070 2665 1114 2732 eis
1139 2671 1263 2748 poterat
1284 2665 1345 2730 dici
1368 2665 1449 2730 illud

377 2799 378 2802 ¹
489 2767 610 2854 primae
632 2769 671 2836 ad
703 2769 880 2836 Corinthios
911 2769 1047 2836 tertium
1079 2769 1188 2836 «Cum
1214 2769 1254 2834 sit
1286 2767 1369 2834 inter
1393 2785 1449 2836 uos

490 2875 577 2942 relus
600 2881 630 2942 et
654 2875 825 2954 contentio,
848 2891 953 2940 nonne
975 2875 1116 2940 carnales
1138 2875 1212 2940 estis
1227 2881 1260 2938 et
1274 2873 1448 2938 secundam

490 2979 653 3046 hominem
674 2979 893 3046 ambulatisu‘?
917 2977 1002 3044 Unde
1034 2977 1191 3044 contentio
1223 2977 1282 3042 ista
1313 2995 1375 3042 non
1400 2983 1449 3044 est

490 3085 645 3152 trahenda
667 3085 699 3150 in
723 3085 921 3166 exemplum,
946 3081 1021 3166 qnia
1043 3099 1188 3166 repressa
1211 3081 1272 3148 fnit
1285 3097 1342 3166 per
1357 3079 1449 3146 Chri-

491 3195 577 3258 stum
607 3193 639 3256 22
671 3205 729 3272 per
764 3189 944 3272 Apostolum
973 3187 1102 3254 Paulum
1136 3187 1346 3254 dissuadetur.
1371 3187 1448 3254 Nam

491 3295 612 3380 primae
635 3295 673 3360 ad
697 3293 875 3360 Corinthios
900 3291 1108 3360 undecimo⁴z
1140 3293 1203 3358 «Si
1224 3291 1297 3378 quis
1323 3289 1449 3358 uidetur

491 3401 573 3466 inter
597 3417 654 3466 ros
668 3397 881 3466 contentiosus
904 3415 988 3478 esse,
1007 3415 1064 3466 nos
1081 3397 1171 3466 talem
1190 3397 1450 3466 consuetudinem

491 3523 553 3572 non
578 3505 745 3584 hebenum,
763 3523 864 3590 neque
883 3505 1018 3572 Ecclesia
1040 3505 1095 3572 Dei
1107 3529 1140 3586 »3
1163 3505 1249 3590 quia,
1268 3505 1450 3572 222222122-

492 3631 564 3680 rum
593 3611 755 3696 vigesimo,
785 3613 918 3680 «honor
951 3617 998 3678 est
1029 3611 1165 3690 bomini,
1190 3611 1243 3696 qui
1270 3619 1395 3694 separat
1415 3627 1451 3678 se

328 3735 511 3782 22222222
535 3715 786 3784 contentionibus
800 3743 833 3782 2,
857 3755 900 3766 -
924 3715 983 3784 Sed
1008 3719 1086 3784 haec
1108 3715 1304 3784 consuetudo
1321 3713 1452 3784 recessit

313 3799 533 3888 ‘tlitllitilao
554 3821 643 3900 aula
676 3821 774 3886 immo
800 3823 902 3902 sicut,
929 3821 1113 3888 imminente
1142 3813 1284 3904 passione
1319 3819 1450 3902 Christi,

491 3925 722 3994 contenderunt
743 3927 783 3994 de
803 3927 960 4012 primata,
974 3927 1036 4008 sic,
1051 3927 1233 3994 imminente
1260 3933 1360 3994 morte
1385 3927 1451 4012 epi-

439 4089 453 4102 ,
491 4033 594 4120 scopi,
616 4033 774 4102 contentio
789 4033 825 4100 lit
840 4033 921 4102 inter
947 4033 1128 4114 canonicos,
1146 4033 1217 4120 qens
1230 4033 1344 4102 debeat
1358 4051 1451 4120 prae-

490 4139 575 4226 poni.
599 4141 684 4206 Unde
710 4141 826 4208 talibus
848 4145 952 4226 potest
973 4139 1034 4208 dici
1065 4140 1144 4206 illud
1169 4139 1306 4226 Apostoli
1331 4141 1451 4226 primae

491 4247 531 4312 ad
560 4243 738 4312 Corinthios
773 4243 978 4312 undecimo⁵:
1011 4245 1107 4312 «Non
1140 4245 1232 4313 laudo
1265 4263 1335 4326 uos,
1366 4247 1452 4330 quod

491 4371 554 4420 non
590 4351 621 4418 in
653 4351 783 4432 melius,
815 4351 868 4420 sed
904 4353 936 4418 in
970 4345 1110 4420 deterius
1135 4351 1350 4432 2222222222,
1377 4353 1452 4438 quia

491 4457 598 4542 potius
619 4459 791 4526 adhaerent
827 4457 1018 4526 contentioni
1052 4457 1226 4526 carnalium
1264 4475 1358 4544 quam
1383 4459 1451 4542 paci

455 4605 456 4608 =
491 4571 525 4630 et
545 4563 660 4630 unitati
683 4563 913 4648 spiritualium,
938 4581 1034 4650 quam
1070 4563 1114 4632 eis
1147 4565 1275 4650 reliquit
1307 4563 1452 4630 Christus

491 4667 525 4734 in
547 4674 666 4748 morte,
692 4667 865 4736 secundum
900 4669 977 4734 illud
1014 4669 1137 4736 loannis
1164 4669 1287 4738 decimo
1319 4673 1451 4756 quarto:

497 4799 514 4830 «
531 4775 639 4842 Pacem
669 4775 816 4860 relinquo
850 4773 958 4856 nobie,
981 4793 1090 4860 pacem
1125 4789 1226 4840 meam
1251 4775 1290 4842 do
1315 4769 1403 4842 uobis
1418 4801 1451 4840 2.

563 5203 668 5258 ¹Vers.
689 5205 730 5270 31,
750 5203 795 5256 irbi
821 5215 870 5268 pro
896 5201 1005 5266 Simoni
1031 5203 1077 5270 (ita
1102 5201 1182 5254 etiam
1211 5203 1254 5254 alii
1280 5201 1451 5254 scholastici:

492 5289 570 5344 Card.
590 5291 680 5358 liugn,
700 5293 728 5344 B.
747 5289 844 5344 Albert.
863 5289 926 5356 etc.)
948 5289 1061 5354 Vulgata
1081 5287 1187 5342 Simon.
1207 5315 1241 5328 -
1264 5290 1314 5342 Pro
1337 5287 1375 5342 od
1391 5299 1452 5342 con-

490 5377 634 5444 stantiam,
653 5377 726 5444 quod
743 5377 861 5430 habetB
883 5375 914 5442 (b
933 5389 950 5428 a
967 5377 1085 5428 secunda
1102 5373 1196 5442 manu)
1219 5375 1278 5428 222.
1299 5387 1395 5428 coram
1411 5375 1451 5428 in·

491 5463 684 5530 coustantium,
705 5463 786 5518 ACH
805 5463 929 5536 omittunt
948 5475 1053 5518 cotum.

563 5551 575 5582 2
593 5551 669 5608 Vere.
690 5553 714 5604 2.
731 5581 768 5592 -
785 5551 878 5604 Glossa
897 5549 1038 5604 ordinario
1059 5551 1099 5618 (er
1120 5551 1202 5620 Beda)
1220 5551 1248 5602 in
1266 5551 1330 5604 Luc
1342 5551 1386 5614 22,
1398 5551 1452 5604 24:

491 5639 577 5696 Causa
603 5641 776 5694 contentionis
801 5637 880 5692 nobis
907 5639 1053 5704 incognita,
1082 5641 1130 5692 sed
1153 5653 1207 5692 non
1224 5645 1266 5694 est
1282 5639 1452 5704 incredibile,

491 5731 564 5798 2212,
584 5729 653 5782 iuxta
670 5731 744 5796 qrrod
758 5727 820 5782 alibi
832 5725 908 5796 [Luc.
923 5729 970 5794 23,
984 5725 1041 5796 22,]
1054 5727 1226 5794 praecipitur:
1249 5725 1400 5782 Contmdite
1412 5727 1452 5782 in·

491 5821 568 5872 trare
583 5829 635 5886 por
653 5821 800 5886 attpustom
815 5819 943 5884 portam,
962 5819 1062 5868 honore
1080 5829 1108 5870 se
1128 5815 1242 5870 inuicem
1256 5815 1452 5882 praeveniendo

491 5905 623 5960 certarint.
643 5907 693 5960 Sed
712 5905 829 5974 qualibet
845 5919 878 5958 ex
896 5919 974 5960 causa
994 5905 1190 5970 contenderint,
1209 5919 1261 5958 non
1279 5897 1345 5974 quid
1364 5905 1452 5959 adhuc

411 5987 413 5990 ’
491 5995 608 6048 camales
628 5995 768 6060 gesserint,
785 5995 911 6060 seuquid
923 5995 1068 6060 spiritualis
1085 5995 1207 6062 Magister
1224 5995 1342 6058 iusserit,
1361 5995 1452 6048 uidea-

491 6097 561 6138 mus.
581 6083 633 6138 Clr.
650 6097 729 6150 snpra
748 6097 811 6150 pag.
830 6081 897 6152 223,
914 6089 975 6136 nota
998 6085 1038 6136 l2.

563 6171 667 6226 “Vers.
686 6175 712 6228 3.
728 6199 767 6214 -
782 6173 822 6226 112
839 6187 896 6242 seq.
923 6173 1103 6238 propositione
1133 6175 1178 6226 22.
1207 6187 1287 6240 supra
1316 6187 1378 6240 pag.
1403 6175 1452 6240 85,

491 6269 552 6318 noto
574 6263 597 6316 l.
616 6270 643 6317 et
659 6263 795 6328 umbros,
815 6263 849 6316 X.
868 6263 894 6316 in
911 6265 974 6316 Luc.
994 6277 1017 6316 c.
1035 6265 1080 6316 22.
1097 6277 1128 6316 n.
1145 6265 1190 6316 50.

563 6349 668 6404 *Vere
690 6351 735 6414 26,
755 6351 797 6404 221
816 6349 980 6420 subnectitur
999 6353 1077 6404 Prov.
1094 6351 1146 6414 20,
1164 6351 1191 6404 3.

564 6439 667 6494 ⁵Vers.
689 6441 730 6494 27.
750 6469 784 6480 -
803 6439 861 6492 Duo
881 6445 955 6506 sequ.
972 6439 1023 6492 loci
1041 6443 1102 6492 sunt
1121 6439 1191 6492 toan.
1209 6439 1257 6508 22,
1275 6439 1320 6492 27.
1342 6443 1369 6492 et
1387 6439 1452 6492 Gen.

492 6529 541 6594 45,
561 6529 602 6582 22.
622 6529 804 6594 -Superius
823 6541 872 6594 pro
891 6525 1008 6596 episcopt
1025 6527 1083 6580 Vat.
1103 6541 1164 6580 cum
1184 6525 1350 6596 Hprariati.

564 6613 576 6646 ⁶
594 6617 669 6672 Vers.
691 6619 714 6670 2.
734 6621 761 6670 22
779 6613 804 6668 l.
822 6643 858 6656 -
878 6617 967 6669 Glossa
980 6613 1164 6674 inimiinron'o
1179 6617 1235 6688 (cir.
1250 6615 1351 6688 ,Bedalz
1370 6617 1452 6686 112222

491 6705 614 6774 pontium
633 6703 810 6760 ruminantur
828 6717 938 6770 corum,
957 6717 1006 6770 per
1031 6703 1176 6770 potentiam
1205 6717 1251 6760 eos
1277 6703 1452 6758 humiliantes.

492 6823 528 6832 —
546 6795 674 6858 Superius
693 6805 741 6860 pro
757 6805 809 6860 per
828 6791 935 6846 cutmen
953 6789 1126 6848 2222222222
1144 6793 1264 6862 Vaaper
1276 6791 1451 6848 ambitionem

491 6877 672 6934 2222222222.
952 6883 956 6886 ’

1056 587 1251 654 cortuum.
1277 587 1313 652 2
1339 583 1578 654 22222222
1600 581 1719 652 lucau
1741 581 1775 648 2.
1798 581 1887 648 222.

1507 759 1595 830 Unde
1615 761 1725 846 loseph
1749 757 1833 826 dixit
1853 757 2009 826 iratribus
2038 757 2104 826 suis
2141 759 2268 826 Genesis
2289 759 2463 844 quadrage-

1508 865 1589 930 simo
1610 865 1737 948 quinto:
1770 865 1845 930 «Ne
1867 853 2044 930 irascamini
2070 865 2100 930 in
2126 865 2175 930 via
2189 891 2217 930 2.

1598 967 1651 1036 36.
1674 969 1777 1054 (Vers.
1805 967 1884 1054 25).
1908 969 2049 1036 Secundo
2067 975 2220 1054 quantum
2235 969 2274 1036 ad
2289 971 2463 1036 documen·
2473 985 2630 1054 oecumenem

1511 1083 1581 1140 tum
1603 1071 1840 1160 arrogantiam
1875 1073 2059 1160 reprimens
2083 1075 2203 1142 subdit:
2228 1075 2322 1142 Dicit
2351 1083 2463 1144 autem
2478 1049 2624 1152 {illidii

1509 1179 1574 1246 eis:
1598 1181 1701 1264 Reges
1727 1179 1877 1264 pontium
1907 1179 2128 1246 dominantur
2156 1199 2290 1260 eoram,
2318 1199 2373 1266 per
2396 1183 2463 1248 cul-

1509 1301 1582 1350 men
1611 1283 1840 1366 excellentiae,
1865 1283 2039 1352 secundum
2076 1285 2154 1352 illud
2189 1285 2291 1353 ludith
2318 1285 2418 1370 primo
2433 1287 2462 1354 6:
2498 1361 2499 1364 Ἴ

1516 1415 1531 1448 a
1544 1387 1728 1474 arphaxad,
1745 1407 1805 1456 rex
1822 1391 1980 1456 bladorum
2006 1389 2228 1476 subiugauerat
2252 1391 2367 1456 multas
2390 1409 2465 1476 gen-

1512 1501 1556 1564 tes
1580 1513 1639 1562 suo
1661 1495 1792 1580 imperio
1809 1523 1839 1564 2.
1870 1525 1887 1558 «
1901 1497 1938 1564 Et
1961 1497 2155 1580 gloriabatur
2186 1497 2274 1586 quasi
2297 1503 2407 1584 potens
2432 1497 2463 1566 in
2564 1483 2565 1488 ἵ

1511 1599 1649 1686 potentia
1669 1603 1833 1670 exercitus
1854 1603 1903 1670 sui
1927 1609 1959 1670 et
1980 1603 2015 1668 in
2036 1603 2137 1688 gloria
2151 1603 2378 1690 quadrigarum
2392 1621 2464 1672 sua-

1511 1725 1584 1772 rum
1600 1733 1631 1772 2.
1655 1743 1701 1754 --
1722 1709 1765 1774 Et
1784 1709 1845 1796 qui
1862 1715 2055 1794 potestatem
2079 1705 2199 1776 babent
2219 1729 2323 1794 super
2344 1727 2397 1774 eos
2414 1707 2463 1774 bc-

1511 1813 1606 1900 22222
1628 1819 1811 1894 uocantum,
1836 1833 1893 1900 per
1916 1831 2031 1882 22222
2055 1815 2249 1882 honorabile.
2267 1817 2355 1882 Tales
2380 1823 2463 1898 sant,

1511 1923 1547 1990 de
1572 1921 1689 2008 quibus
1712 1921 1742 1986 in
1769 1921 1932 1988 Psalmol:
1961 1921 2190 1990 «vocaverunt
2210 1921 2336 1986 nomina
2360 1939 2417 1986 sua
2433 1921 2464 1988 in

1511 2029 1603 2096 terris
1628 2027 1695 2094 suis
1710 2049 1740 2106 »3
1766 2031 1796 2094 et
1829 2025 1932 2092 statim
1963 2025 2129 2092 subditur:
2157 2025 2305 2104 «Homo,
2336 2041 2408 2090 cum
2433 2023 2463 2092 in

1512 2137 1631 2202 honore
1653 2139 1754 2214 esset,
1777 2151 1839 2200 non
1862 2131 2019 2200 intellexit
2033 2159 2049 2192 2
2080 2137 2139 2200 eto.

1599 2241 1652 2308 37.
1685 2241 1785 2326 (Vers.
1820 2239 1896 2326 22).
1927 2243 1987 2308 222
2009 2247 2121 2306 autem
2144 2259 2210 2308 non
2231 2239 2301 2318 22,·
2324 2239 2382 2304 sed
2406 2239 2466 2326 qui
2484 2251 2603 2352 pppfflr

1511 2349 1622 2416 maior
1645 2357 1691 2416 est
1713 2349 1749 2416 in
1772 2345 1862 2416 hobis
1891 2347 1953 2434 siat
1971 2349 2063 2416 sicut
2086 2347 2215 2428 minor,
2246 2365 2303 2434 per
2338 2347 2465 2412 humili·
2596 2339 2602 2350 '

1512 2459 1605 2520 tatem
1630 2453 1661 2518 in
1686 2453 1792 2532 corate,
1819 2453 1991 2520 secundum
2015 2451 2090 2518 illud
2107 2449 2313 2518 ecclesiastici
2328 2449 2421 2518 tertio
2435 2451 2463 2518 8:

1517 2559 1670 2642 «Quanto
1696 2575 1827 2644 magnus
1848 2575 1900 2638 es,
1924 2557 2057 2626 humilia
2080 2563 2110 2626 te
2134 2559 2164 2624 in
2191 2557 2466 2636 2222222122-

1511 2683 1580 2728 ram
1602 2661 1666 2728 Deo
1702 2663 1840 2728 inuenies
1863 2663 2043 2746 gratiam».
2069 2665 2144 2728 Nam
2176 2661 2382 2728 Ecclesiastici
2412 2663 2466 2730 de·

1513 2767 1608 2834 cimo:
1639 2767 1800 2848 «blagnus
1824 2773 1871 2832 est
1892 2767 1991 2832 iudex
2015 2773 2044 2832 et
2069 2767 2233 2850 potensin
2258 2767 2394 2846 honore,
2412 2771 2466 2836 sed

1513 2891 1575 2938 non
1604 2877 1653 2936 est
1684 2869 1782 2936 maior
1806 2871 1859 2936 illo
1884 2871 1938 2956 qui
1959 2871 2049 2938 timet
2079 2871 2180 2938 Deum
2199 2873 2229 2936 2.
2263 2909 2308 2920 -·
2338 2875 2380 2938 Et
2408 2875 2468 2960 qui

1509 2993 1705 3064 praecessor
1725 2981 1788 3052 est,
1814 2975 1900 3040 sicat
1927 2975 2156 3054 ministrator,
2187 2993 2244 3060 per
2274 2977 2465 3044 humiliatio-

1513 3097 1584 3148 nem
1598 3079 1633 3144 in
1648 3077 1806 3146 anteriori
1821 3079 2082 3156 conuersatione·
2105 3079 2252 3148 llatthaei
2275 3079 2427 3166 vigesimo
2439 3085 2464 3148 ⁹:

1519 3185 1750 3272 «Quintumque
1772 3185 1908 3252 uoluerit
1932 3187 2014 3252 inter
2036 3205 2092 3252 uos
2117 3187 2214 3252 maior
2240 3187 2327 3268 lieri,
2351 3187 2391 3254 sit
2414 3207 2465 3256 ue-

1514 3301 1578 3360 ster
1600 3291 1761 3370 minister;
1784 3297 1818 3358 et
1838 3293 2031 3376 quicumque
2055 3291 2191 3360 voluerit
2211 3293 2295 3358 inter
2320 3313 2376 3360 uos
2401 3297 2466 3378 pri-

1514 3417 1586 3468 mus
1608 3417 1691 3480 esse,
1714 3399 1774 3466 erit
1796 3403 1900 3466 uester
1925 3415 2035 3466 servus
2053 3425 2082 3464 2.
2108 3401 2144 3466 Et
2166 3399 2235 3466 ideo
2259 3399 2290 3466 in
2319 3401 2467 3484 parabola

1514 3523 1610 3590 supra
1634 3505 1754 3572 decimo
1776 3511 1892 3588 quarto
1913 3503 2007 3570 dicit:
2034 3529 2052 3562 «
2068 3505 2144 3570 Cum
2168 3511 2298 3574 vocatus
2315 3505 2412 3574 tueris
2429 3507 2466 3574 ad

1514 3611 1656 3696 nuptias,
1681 3609 1830 3678 recumbe
1855 3609 1886 3676 in
1916 3609 2085 3690 nouissimo
2108 3611 2176 3678 loco
2192 3639 2221 3676 2.
2248 3613 2283 3680 m
2315 3613 2467 3680 rationem
2495 3623 2499 3630 '

1514 3715 1629 3786 ibidem
1652 3715 1770 3782 reddit:
1799 3715 1910 3798 «Quia
1934 3715 2055 3796 omnis,
2078 3717 2134 3802 qui
2156 3735 2190 3784 se
2205 3719 2337 3796 exaltat,
2364 3719 2468 3784 humi-

1514 3821 1659 3902 liabitur;
1685 3821 1792 3908 etqui
1826 3837 1857 3888 se
1891 3821 2034 3888 humiliat
2063 3823 2301 3890 exaltabitur».
2326 3825 2388 3892 Hoc
2411 3841 2466 3890 au-

1515 3933 1579 3994 tem
1600 3927 1726 4006 dicitur,
1752 3945 1815 3994 non
1835 3933 1873 3994 ut
1894 3925 2012 4012 gradus
2033 3925 2208 4010 deseratur,
2225 3945 2283 3996 nec
2301 3929 2378 3996 ordo
2393 3947 2465 4014 per-

1514 4033 1672 4114 turbetur,
1691 4051 1748 4100 nec
1760 4033 1878 4100 iustitia
1889 4033 2065 4114 omittatur,
2081 4033 2135 4102 sed
2150 4039 2188 4102 ut
2201 4035 2346 4120 priuatus
2363 4037 2467 4102 excel-

1514 4141 1628 4208 lentiae
1643 4157 1730 4206 amor
1748 4139 1978 4226 suppeditatum
1997 4139 2067 4206 ideo
2081 4139 2286 4208 Ecclesiastioi
2309 4141 2468 4228 trigesimo

1515 4247 1652 4316 secundo
1665 4247 1709 4312 1⁰:
1739 4249 1935 4314 «Rectorem
1965 4251 1998 4314 te
2026 4249 2226 4332 posuerunt?
2250 4247 2317 4314 Noli
2339 4247 2466 4324 extolli;

1515 4359 1581 4422 esto
1604 4351 1713 4420 inillis
1730 4353 1821 4440 quasi
1835 4371 1920 4422 unns
1937 4373 1978 4422 ex
1995 4353 2049 4420 eis.
2067 4353 2181 4420 Curam
2197 4353 2324 4420 illorum
2342 4353 2424 4422 habe
2436 4381 2476 4420 u..

1516 4459 1551 4524 llt
1574 4459 1635 4526 hoc
1664 4459 1803 4526 maxime
1833 4459 1955 4528 clericis
1990 4459 2152 4546 competit,
2184 4459 2357 4526 secundum
2389 4453 2468 4524 illud
2489 4465 2620 4518 loentum.

1518 4563 1639 4648 primae
1660 4565 1744 4630 Petri
1768 4565 1895 4650 quinto:
1925 4565 2018 4630 «Non
2041 4571 2078 4632 ut
2100 4563 2296 4630 dontinantes
2312 4563 2343 4628 in
2361 4561 2469 4642 cloria,

1516 4669 1571 4736 sed
1599 4669 1702 4736 forma
1723 4669 1796 4736 iacti
1820 4669 1923 4756 gregis
1947 4669 2160 4736 exanimo».
2191 4667 2276 4734 Unde
2305 4667 2411 4732 Glossa
2425 4669 2468 4732 11:

1520 4775 1679 4840 «Necesse
1695 4781 1759 4856 est,
1775 4781 1812 4840 nt
1827 4781 1981 4842 rectorem
2006 4773 2138 4840 subditis
2161 4779 2192 4840 et
2213 4777 2347 4838 matrem
2371 4771 2469 4858 pietas

2483 5113 2521 5134 *κ

1583 5197 1593 5230 ²
1614 5203 1707 5254 esaim.
1727 5201 1774 5266 te,
1796 5203 1836 5254 22.
1857 5205 1884 5254 22
1901 5201 1944 5252 23.
1961 5227 2000 5242 -··
2016 5199 2107 5252 Glossa
2134 5195 2335 5254 interlinearis:
2366 5201 2399 5254 Et
2425 5203 2473 5270 put

1511 5293 1686 5356 potestatem,
1703 5289 1844 5354 largiendi,
1865 5287 1960 5342 iubent
1979 5299 2063 5356 snper
2080 5301 2126 5342 eos
2144 5285 2253 5356 2222222
2267 5293 2412 5344 uocantur.

1583 5373 1594 5406 ⁸
1614 5377 1692 5430 Vere.
1709 5377 1754 5428 20.
1772 5383 1798 5430 et
1817 5377 1912 5428 deinde
1934 5376 1979 5442 20,
1998 5375 2047 5440 27,
2066 5375 2114 5428 ubi
2130 5377 2261 5442 Vulgata:
2273 5377 2382 5440 stagnus
2395 5377 2471 5432 etiu-

1514 5463 1566 5518 dex
1582 5469 1608 5518 et
1627 5471 1719 5530 potens
1739 5471 1777 5518 est
1796 5465 1953 5528 inhonore,
1972 5469 1999 5518 et
2015 5479 2070 5518 non
2087 5467 2343 5520 221222-212222
2363 5467 2469 5522 ordina

1514 5551 1559 5606 222
1577 5551 1620 5620 (ex
1637 5555 1707 5608 Beda
1726 5559 1752 5608 et
1769 5553 1887 5618 Hieron,
1899 5553 1938 5608 lll.
1950 5551 2096 5608 Commeat.
2111 5553 2136 5608 in
2149 5555 2299 5620 nattum,
2313 5555 2356 5608 25.
2369 5553 2469 5624 sequi:

1515 5643 1575 5696 Pius
1592 5643 1715 5710 Magister
1733 5659 1786 5698 222
1805 5643 1883 5698 initae
1901 5643 2073 5698 contentionis
2100 5645 2188 5710 arguit
2213 5641 2395 5716 [discipulos]‚
2423 5645 2470 5698 sed

1514 5733 1627 5786 formam
1639 5731 1805 5798 humilitate,
1818 5747 1898 5800 quam
1911 5737 2064 5800 separantur,
2075 5731 2214 5798 describit,
2228 5735 2303 5802 quasi
2315 5733 2400 5788 dicat:
2415 5735 2471 5788 Uos

1514 5833 1588 5874 more
1610 5821 1786 5880 ,saecularium
1808 5835 1854 5888 per
1874 5821 2061 5888 praelationem
2078 5823 2218 5888 peruenire
2237 5823 2315 5876 vultis
2338 5823 2373 5876 ad
2394 5823 2470 5886 regni

1514 5911 1725 5976 possessionem;
1745 5911 1792 5964 sed
1811 5911 1845 5962 ad
1864 5923 1996 5964 summam
2013 5911 2139 5964 virtutum
2153 5925 2205 5966 non
2219 5911 2333 5978 potentia
2352 5911 2470 5974 venitur,

1514 5999 1563 6052 sed
1580 6001 1734 6054 humilitate.

1585 6085 1596 6118 ⁹
1616 6091 1692 6142 Uera.
1709 6089 1755 6140 26.
1772 6101 1828 6154 seq.
1841 6117 1877 6126 -
1889 6087 1946 6142 Duo
1964 6087 2071 6144 inlerius
2090 6089 2191 6154 elegati
2209 6089 2258 6142 loci
2271 6091 2331 6142 sunt
2344 6089 2407 6140 Luc.
2421 6085 2470 6152 ll,

1517 6179 1559 6230 to.
1577 6185 1603 6232 2
1623 6179 1665 6232 rr.
2160 6245 2162 6250 Ι

1585 6265 1609 6298 ¹⁰
1628 6267 1702 6320 Vers.
1722 6267 1748 6320 2.
1766 6279 1822 6332 seq.
1834 6267 2005 6334 -Sequitur
2024 6267 2043 6320 l.
2061 6269 2127 6320 Patr.
2146 6269 2179 6332 5,
2198 6267 2229 6328 3,
2248 6263 2294 6318 ubi
2312 6277 2362 6328 pro
2379 6261 2409 6318 in
2423 6263 2470 6318 cto-

1514 6351 1555 6406 ris
1574 6351 1689 6406 CDGH
1706 6367 1767 6406 cunr
1786 6351 1874 6418 Beda,
1890 6353 1934 6406 Vl.
1952 6355 1979 6406 in
1997 6355 2061 6406 Luc.
2078 6355 2127 6422 22,
2145 6355 2194 6420 25,
2218 6351 2248 6406 22
2265 6351 2349 6406 ciac.
2367 6379 2401 6392 α-
2421 6355 2469 6406 Su-

1514 6439 1604 6506 perius
1623 6453 1671 6506 pro
1689 6427 1752 6506 222,
1770 6439 1843 6506 22221
1862 6439 1902 6492 his
1922 6439 2046 6506 occurrit,
2065 6439 2125 6492 Vat.
2152 6451 2214 6494 cum
2242 6439 2371 6494 nonnullis
2389 6439 2469 6494 codd.

1444 6529 1446 6534 “
1514 6527 1571 6596 oet,
1591 6533 1619 6580 et
1635 6525 1818 6598 suspendatur
1830 6539 1881 6592 pro
1892 6527 2076 6596 suppeditetur
2097 6527 2141 6594 (ita
2160 6525 2209 6580 AC
2220 6525 2295 6596 UH).
2311 6529 2354 6582 Du
2372 6525 2469 6598 Gange,

1515 6617 1677 6670 Glossarium
1703 6619 1766 6670 eta:
1795 6613 1988 6684 suppeditare,
2015 6613 2163 6682 subticere,
2190 6619 2324 6688 evertere,
2354 6619 2470 6688 pedibus

1516 6703 1684 6772 conculcare,
1701 6703 1752 6756 sub
1770 6703 1854 6768 pedes
1872 6715 1980 6768 ponere.

1586 6789 1608 6820 ²¹
1630 6793 1731 6844 Scilicet
1748 6787 1890 6844 ordinaria
1910 6787 1951 6856 (ex
1970 6787 2053 6856 Beda)
2071 6787 2099 6840 in
2117 6793 2179 6844 Luc.
2197 6793 2247 6860 22,
2265 6795 2310 6850 25.
