5908 8266
839 671 898 728 m
1222 587 1258 654 ΙΝ
1282 579 1626 652 sennaaritidis.
1653 579 1875 650 sententiale
2198 667 2255 722 AM!
2481 577 2544 644 663

548 777 622 830 mus,
644 759 691 828 qui
717 761 902 816 concutiuntur
930 763 1069 816 tentatione
1091 761 1188 816 diaboli
1227 767 1290 828 gent
1306 757 1368 814 ibid.
1382 759 1553 814 -dicuntur
1565 757 1740 826 pii‚humiles
1757 765 1785 812 et
1796 773 1867 812 man·
1904 785 1938 800 -·
1957 755 2063 812 honoris
2081 757 2248 824 redarguitur
2268 759 2319 814 549
2340 757 2372 830 54
2387 787 2421 798 -
2441 757 2546 812 iraudu-

548 851 591 904 Vll
612 851 657 904 404
684 845 715 898 44
1226 851 1294 902 sueti
1312 849 1356 902 Vll
1375 849 1428 902 454
1446 851 1462 902 6
1478 851 1633 902 -vincunt
1650 851 1728 914 44000
1744 863 1867 902 mansue·
1904 847 1970 900 lenta
1995 845 2155 912 reprobatur
2181 845 2234 900 458
2262 851 2295 900 48
2313 875 2351 888 ·-
2376 845 2544 900 dissuadetur

600 967 636 980 -
659 937 746 1002 magis
767 941 858 992 unitur
880 953 960 1008 04444
986 941 1128 992 intellectus
1155 939 1187 992 47
1226 937 1317 992 tudine
1335 935 1398 992 inid.
1903 939 2028 1002 tanquam
2047 935 2160 988 Domino
2177 933 2361 990 abominabilis
2386 935 2436 990 443
2457 937 2489 988 49
2508 965 2544 978 -

551 1029 601 1080 348
633 1029 667 1082 56
698 1055 736 1066 -
764 1029 794 1080 ln
816 1031 911 1082 ellectu
941 1033 982 1080 est
1010 1025 1108 1080 cibatio
1125 1023 1188 1080 idid.
1279 1025 1511 1080 -immolatnsin
1525 1025 1867 1094 pescheeretiiguramor·
1903 1025 2006 1088 elongat
2034 1021 2067 1076 ab
2096 1021 2229 1104 Altissimo
2246 1023 2282 1078 444.
2300 1025 2334 1076 48
2353 1051 2389 1064 -ι-
2408 1027 2433 1078 44
2460 1023 2544 1076 ambi-

548 1143 582 1156 -
599 1117 655 1172 eius
676 1119 713 1168 est
739 1129 831 1182 sapere
858 1117 908 1168 433
933 1129 959 1168 4.
980 1117 995 1168 3
1013 1143 1050 1154 -
1067 1115 1125 1168 elus
1148 1121 1188 1168 est
1226 1115 1258 1168 tis
1276 1115 1372 1168 Christi
1383 1115 1429 1166 Vll
1446 1113 1499 1166 540
1518 1117 1545 1168 4.
1557 1115 1610 1168 543
1631 1117 1674 1168 40.
1685 1115 1738 1168 545
1756 1115 1801 1166 44.
1812 1115 1866 1166 596
1903 1113 1975 1166 440040
1992 1111 2089 1166 veritas
2107 1113 2193 1164 locum
2213 1125 2268 1166 non
2287 1111 2433 1166 4444404549
2456 1113 2487 1166 54
2507 1143 2542 1154 -

547 1211 652 1270 gustare
674 1205 759 1258 Deum
783 1219 831 1268 per
857 1205 1023 1258 devotionem
1049 1205 1100 1256 444
1124 1219 1150 1256 v.
1171 1207 1186 1258 4
1226 1203 1258 1256 34
1277 1231 1314 1244 ·-
1332 1203 1532 1256 Sacramentum
1550 1205 1614 1268 agni
1630 1209 1761 1258 mutatum
1781 1207 1818 1256 004
1841 1203 1867 1254 in
1902 1199 2040 1254 Ambitiosi
2065 1213 2119 1254 non
2137 1205 2268 1268 quaerunt
2294 1199 2427 1256 Christum
2453 1201 2478 1254 in
2496 1203 2544 1254 lau·

547 1321 582 1334 -
599 1291 756 1348 4460444640
774 1293 864 1346 studio
887 1291 1033 1358 sapientiae
1056 1293 1104 1344 463
1124 1307 1150 1346 4.
1170 1295 1185 1344 9
1224 1297 1419 1346 sacramentum
1437 1291 1514 1358 panis
1540 1291 1590 1346 546
1611 1293 1644 1346 45
1663 1319 1698 1334 -
1718 1291 1785 1358 Agni
1806 1307 1865 1346 ossa
1902 1289 2007 1340 militate
2028 1289 2121 1352 erucis,
2140 1289 2187 1342 scd
2208 1289 2234 1340 in
2255 1289 2373 1356 appetitu
2394 1289 2498 1342 honoris
2517 1295 2543 1340 et

546 1409 582 1424 ·-
601 1383 715 1436 relicitur
741 1393 771 1432 ex
790 1379 909 1448 quinque
933 1379 1186 1436 considerationibus
1223 1379 1357 1434 debebant
1374 1379 1475 1446 integre
1493 1381 1644 1434 conservari
1666 1383 1695 1436 444
1715 1379 1766 1436 500
1787 1379 1818 1434 50
1901 1377 1986 1430 laudis
2003 1377 2055 1430 490
2075 1377 2308 1432 44-44444444004
2321 1383 2383 1432 0444
2396 1377 2541 1430 adversarii

545 1471 690 1526 intellectus
707 1469 759 1520 349
779 1469 809 1520 44
836 1467 899 1522 Vide
924 1481 947 1522 0.
973 1469 1065 1524 Puna's.
1083 1499 1121 1512 -
1137 1473 1186 1524 lie·
1275 1469 1373 1522 Ancum
1390 1497 1427 1508 -
1445 1469 1472 1520 ln
1492 1469 1586 1534 agonia
1607 1469 1693 1524 anima
1710 1469 1803 1524 merito
1817 1473 1865 1522 ter·
1901 1465 1994 1522 Christi
2013 1471 2040 1520 et
2057 1471 2205 1534 sequuntur
2223 1467 2404 1528 antichristum
2423 1467 2475 1520 545
2494 1465 2530 1520 44

545 1559 588 1612 644
608 1553 724 1612 merendi
739 1555 916 1622 principaliter
928 1559 1035 1622 respicit
1049 1559 1135 1612 cordis
1148 1559 1186 1610 al·
1223 1561 1296 1610 retur
1313 1557 1508 1624 propinquitate
1526 1559 1618 1610 mortis
1637 1559 1680 1610 Vll
1705 1557 1757 1610 557
1776 1559 1810 1610 55
1827 1583 1864 1598 ·-·
1952 1583 1989 1596 -
2006 1553 2145 1610 Ambitiosi
2164 1555 2231 1608 sicut
2247 1569 2311 1610 aves
2340 1555 2478 1622 capiuntur
2504 1557 2542 1608 la·

545 1649 642 1700 lectum
662 1643 706 1702 llll
723 1643 811 1712 5446
1223 1643 1291 1698 mira
1309 1651 1349 1698 est
1367 1657 1456 1712 pugna
1476 1645 1542 1698 inter
1559 1651 1719 1700 4444444404
1737 1647 1863 1712 gratiana,
1900 1657 1970 1712 queo
1996 1643 2157 1700 hunurisVl
2179 1643 2215 1696 76
2234 1641 2305 1694 b-
2328 1643 2466 1698 Ambitiosi
2492 1649 2541 1696 tra·

598 1723 635 1774 -’-
653 1733 793 1786 innovetur
811 1747 824 1786 4
843 1733 949 1788 caritate
968 1735 1012 1790 Vll
1033 1735 1083 1788 434
1105 1737 1186 1790 85-
1223 1733 1290 1786 inter
1302 1733 1430 1788 rationem
1439 1739 1465 1786 et
1478 1733 1672 1788 sensualitatem
1681 1731 1864 1800 idid-Ago·
1899 1735 1996 1788 huntur
2015 1749 2031 1788 a
2048 1733 2155 1788 diabolo
2172 1745 2222 1800 per
2238 1731 2391 1800 superbiam
2406 1733 2457 1786 568
2474 1731 2490 1784 7
2506 1759 2541 1770 -·

546 1819 767 1886 transfigiturper
785 1823 908 1876 ardorem
923 1823 1068 1878 dilectionis
1087 1823 1185 1876 444590
1223 1823 1296 1874 niam
1309 1823 1458 1876 habuerunt
1471 1823 1552 1876 sancti
1564 1823 1690 1888 Martyres
1702 1829 1729 1876 et
1741 1823 1791 1874 viri
1803 1823 1863 1876 iusti
1898 1821 2039 1876 Ambitiosi
2063 1823 2188 1888 penlaurn
2224 1823 2376 1886 escendunt,
2408 1823 2454 1876 scd
2486 1837 2540 1876 non

548 1911 579 1962 43
592 1911 893 1972 —Fervorallectionis
906 1913 1186 1966 necessariusadora·
1223 1909 1285 1966 444444.
1304 1937 1339 1952 -
1363 1917 1461 1978 quanto
1488 1911 1578 1964 tortior
1604 1917 1657 1976 est,
1676 1917 1746 1964 tanto
1771 1911 1863 1968 lortius
1898 1911 2025 1976 paulatim
2044 1911 2205 1966 descendunt
2223 1913 2266 1964 4444
2297 1913 2349 1966 464
2367 1899 2398 1964 34

544 1999 642 2054 tionem
661 1999 715 2054 Deo
729 2001 850 2066 placitam
868 2003 911 2054 Vll
926 2001 977 2054 448
998 2001 1186 2055 l--Aiiectus
1223 1999 1333 2054 urationi
1352 1999 1525 2054 insistendum
1546 2003 1584 2052 est
1602 1997 1664 2054 44444.
1950 2003 1988 2040 -ὲ
2009 2001 2178 2066 praelationis
2206 2015 2259 2054 non
2288 2003 2421 2070 sequenda
2444 2003 2478 2054 444
2505 2001 2535 2054 84

545 2087 627 2142 hebet
638 2089 753 2144 ordinari
765 2095 885 2158 respectu
902 2089 1045 2144 maiestatis
1057 2095 1082 2144 et
1100 2103 1187 2156 respe-
1275 2089 1541 2144 Annsasrnuu-est
1551 2087 1686 2156 quoddam
1700 2101 1785 2154 genus
1797 2101 1863 2140 mar·
1898 2105 1925 2142 v.
1944 2087 1961 2140 4
1981 2115 2014 2126 -
2035 2091 2150 2140 humana
2176 2089 2349 2156 relinquenda
2366 2103 2416 2156 per
2438 2089 2541 2144 humili·

547 2183 589 2230 ctu
611 2177 733 2232 bonilatis
753 2179 837 2232 4798
1225 2179 1306 2232 moris
1325 2177 1368 2230 Vll
1388 2177 1439 2230 i83
1458 2177 1493 2228 65
1898 2181 1979 2230 tatem
1997 2177 2116 2240 exemplo
2135 2175 2229 2228 Christi
2246 2175 2325 2242 positi
2351 2177 2376 2230 in
2402 2179 2539 2244 praesepio

597 2293 634 2306 ·-
653 2267 779 2320 Turbatio
800 2269 933 2322 ineffectu
950 2267 1062 2334 impedit
1079 2283 1186 2334 nos‚ne
1275 2265 1864 2330 50440044-1404040444440044404444
1900 2265 1950 2318 549
1971 2277 1997 2316 4.
2016 2267 2033 2318 4
2051 2289 2088 2302 -
2105 2263 2241 2318 infirmitas
2266 2265 2417 2318 ambitionis
2432 2273 2541 2320 sanetur

545 2353 656 2408 totaliter
669 2355 809 2408 tendamus
825 2357 852 2408 in
872 2357 955 2410 Deum
975 2357 1018 2408 Vll
1032 2355 1083 2410 474
1103 2355 1132 2408 74
1150 2385 1186 2394 -η
1223 2361 1279 2408 turn
1300 2357 1344 2424 qui
1370 2355 1482 2408 exterius
1506 2355 1586 2420 00444,
1613 2353 1662 2408 006
1684 2353 1730 2420 qui
1752 2351 1864 2408 interius
1899 2351 2107 2406 consideratione
2125 2351 2268 2408 salvatoris
2281 2353 2373 2408 abiecti
2385 2359 2412 2408 et
2422 2355 2541 2420 despecti

544 2441 702 2508 Progressus
717 2429 1015 2510 allectionisimpeditur
1033 2443 1186 2510 perversita-
1223 2453 1319 2510 angeat
1347 2447 1380 2498 444
1408 2443 1459 2496 447
1489 2445 1559 2496 2-
1580 2447 1621 2496 est
1648 2441 1812 2508 praedicator
1838 2447 1864 2494 et
1900 2441 1950 2494 649
1972 2443 2041 2494 9-
2058 2441 2203 2494 excluditur
2223 2455 2270 2508 per
2285 2441 2457 2496 humilitatem
2476 2445 2540 2496 cari·

546 2537 571 2586 40
587 2531 739 2586 intentionis
756 2535 790 2588 Vl
808 2533 858 2588 684
878 2535 943 2588 6-
953 2531 1110 2588 Affectioues
1128 2547 1186 2598 pec·
1223 2533 1335 2586 maxime
1350 2535 1483 2600 praelatus
1494 2533 1537 2584 Vll
1552 2531 1603 2586 339
1618 2531 1649 2584 44
1666 2559 1699 2570 -
1712 2537 1751 2586 004
1762 2531 1864 2596 praela·
1899 2531 1958 2584 tatis
1977 2531 2003 2582 in
2022 2531 2115 2582 ellectu
2133 2531 2178 2582 Vll
2197 2529 2248 2584 457
2262 2531 2296 2584 46
2308 2561 2346 2570 -
2358 2531 2382 2582 in
2402 2531 2490 2584 444440
2502 2533 2541 2584 vi-

546 2621 641 2674 catoris
664 2621 779 2688 ligantur
805 2637 852 2688 per
877 2623 975 2678 malum
1001 2635 1133 2684 amorem,
1151 2635 1186 2674 ne
1223 2627 1264 2676 lus
1277 2629 1305 2676 ct
1321 2621 1500 2688 praedicator,
1511 2621 1559 2690 qul
1576 2619 1717 2672 laboratin
1736 2633 1801 2684 agro
1814 2633 1864 2684 per
1899 2619 1979 2672 tanda
1996 2617 2224 2684 praedicatoribus
2243 2621 2289 2672 444
2312 2621 2356 2684 94,
2374 2621 2420 2674 94.
2439 2621 2489 2672 444
2504 2621 2538 2672 98

546 2711 650 2776 culpam
670 2711 813 2766 detestetur
825 2713 876 2766 593
895 2729 924 2766 v.
944 2711 977 2764 44
998 2711 1007 2762 4
1025 2711 1186 2764 -ltlundus
1223 2711 1369 2764 custodiam
1382 2711 1559 2764 Ecclesiarum
1572 2709 1624 2762 447
1637 2711 1673 2762 50
1692 2707 1755 2764 Vide
1773 2723 1800 2764 0.
1818 2707 1864 2762 Cn·
1898 2737 1935 2748 -
1953 2709 2112 2774 dignitatum
2129 2707 2243 2762 maxime
2261 2709 2404 2762 Ecclesiam
2421 2723 2541 2764 corrum-

543 2799 667 2854 trahitnd
688 2815 838 2868 perversam
852 2803 1015 2858 allectionem
1035 2801 1085 2854 473
1107 2799 1186 2854 47-
1223 2801 1313 2856 tonnas.
1338 2841 1340 2846 ,
1899 2799 1938 2864 pit
1957 2797 2007 2852 458
2029 2797 2061 2850 48
2081 2823 2117 2836 -
2134 2799 2266 2850 honorum
2294 2803 2350 2852 erat
2366 2797 2461 2852 vitium
2480 2799 2541 2852 scri·

544 2891 613 2942 mala
638 2891 765 2954 pervertit
792 2891 926 2946 hominem
956 2891 988 2942 48
1016 2889 1087 2942 b--
1106 2903 1185 2954 saepe
1275 2891 1377 2944 Annaeo
1394 2917 1433 2930 -
1452 2887 1516 2942 Vtue
1535 2903 1560 2944 0.
1579 2885 1696 2942 Candor.
1900 2887 1995 2942 barum
2015 2887 2066 2956 548
2088 2887 2130 2940 54.
2151 2885 2202 2938 549
2223 2885 2254 2938 54

459 2993 460 2996 ’
543 2979 669 3042 pervertit
687 2979 813 3032 indicium
830 2981 939 3034 rationis
956 2981 1023 3032 434
1275 2979 1428 3032 Antoniusne
1445 3007 1483 3020 ·-
1501 2979 1596 3032 dicitur
1615 2979 1660 3046 qui
1679 2975 1742 3030 alibi
1763 2977 1865 3032 habitat
1951 2977 2098 3030 4440044440
2116 3003 2151 3014 -
2169 2975 2276 3040 40004044
2299 2981 2385 3030 actum
2412 2975 2540 3030 sensibilis

596 3095 633 3104 -
650 3065 807 3122 dilectiones
824 3071 1029 3122 suntlavaudae
1049 3069 1180 3122 4415984
1222 3067 1516 3122 etalibinatusestVll
1532 3067 1863 3134 43633-64004404044
1900 3067 1941 3120 4444
1962 3065 2007 3118 474
2033 3065 2067 3120 47
2086 3093 2119 3104 -
2138 3061 2282 3118 Ambulare
2308 3065 2336 3118 in
2363 3065 2421 3120 luce
2444 3063 2540 3118 Christi

543 3179 579 3192 -
596 3155 752 3206 dilectiones
769 3161 830 3208 suut
846 3155 1030 3212 rectificendae
1043 3157 1086 3210 vu
1101 3155 1136 3208 74
1151 3157 1180 3208 44
1221 3157 1361 3212 carnaliter
1381 3159 1436 3210 nati
1454 3157 1628 3222 0600444444
1646 3161 1783 3210 transeunt
1801 3155 1864 3212 idid.
1898 3161 1937 3210 est
1954 3167 2077 3208 securum
2098 3159 2122 3208 44
2139 3159 2317 3220 opportunum
2333 3155 2429 3208 47398
2450 3155 2490 3220 49,
2504 3155 2539 3206 40

544 3243 712 3294 -carnales
731 3245 919 3308 praecingendi
938 3245 1186 3308 strntcinguluvir·
1275 3249 1446 3298 44440444-
1463 3245 1525 3300 Vide
1544 3259 1569 3300 u.
1589 3243 1670 3300 Cibus
1688 3251 1713 3298 et
1732 3259 1755 3300 4.
1768 3243 1863 3300 Purus
1897 3273 1933 3284 -
1950 3253 1991 3298 est
2006 3257 2057 3308 per
2084 3243 2166 3296 fidem
2191 3243 2227 3296 ad
2253 3241 2383 3298 Christum
2414 3243 2541 3296 accedere

545 3329 606 3380 tutis
627 3329 730 3382 sesan
1274 3333 1404 3386 alerannus
1419 3333 1650 3398 -interpretatur
1674 3335 1802 3398 fugitivus
1820 3335 1865 3386 Vll
1898 3333 1949 3386 440
1971 3333 2003 3384 49
2022 3363 2058 3372 --
2075 3333 2125 3384 Ρ44
2143 3331 2276 3386 incassum
2300 3333 2400 3398 pedum
2420 3331 2541 3398 intelligi·

595 3411 760 3472 *Christus
769 3425 875 3484 separat
883 3415 917 3472 ab
928 3419 1021 3472 allecta
1033 3419 1130 3470 carnali
1139 3419 1185 3472 Vll
1223 3419 1273 3472 444
1295 3421 1328 3472 39
1898 3425 1940 3474 444
1957 3419 2088 3474 rectitudo
2108 3419 2265 3486 operationis
2285 3421 2368 3474 bonae
2381 3423 2425 3474 Vll
2438 3421 2490 3474 443
2504 3421 2538 3472 86

546 3507 597 3560 334
618 3509 664 3574 75,
685 3507 717 3560 76
734 3509 891 3560 -camalis
902 3507 990 3560 reddit
1007 3509 1185 3572 negligentem
1274 3509 1377 3560 Aurana
1394 3537 1431 3548 —
1449 3511 1662 3564 holocaustomm
1682 3511 1707 3564 in
1727 3513 1865 3576 temploet
1897 3535 1934 3548 -··
1950 3509 2015 3560 Boni
2036 3507 2171 3560 ambulant
2187 3521 2250 3560 cum
2268 3507 2370 3564 Christo
2382 3509 2410 3560 in
2423 3509 2466 3560 ria
2479 3521 2539 3574 pcr-

545 3595 760 3662 adsequendum
777 3595 909 3650 Christum
924 3595 1185 3650 vinulentiam
1222 3599 1729 3650 444440404004444444404444584.
1749 3597 1763 3650 8
1784 3599 1865 3650 —ln
1898 3597 2016 3650 lectionis
2046 3597 2097 3650 449
2126 3597 2177 3648 493
2194 3623 2232 3636 -
2249 3603 2290 3650 004
2315 3611 2364 3662 004
2387 3597 2538 3650 exercitium

543 3683 579 3738 75
597 3685 762 3738 -carnalis
785 3691 825 3740 cst
848 3683 1046 3738 mortificandus
1069 3699 1083 3736 4
1103 3687 1187 3750 perle-
1221 3687 1321 3750 templu
1339 3691 1395 3738 erat
1413 3689 1495 3740 altare
1511 3687 1611 3740 incensi
1623 3687 1732 3740 interius
1750 3691 1775 3740 et
1795 3687 1865 3740 holo·
1898 3687 2007 3740 actionis
2037 3685 2088 3740 445
2107 3683 2123 3738 7
2141 3711 2178 3724 -
2194 3683 2391 3740 Ambulandum
2420 3687 2447 3738 in
2475 3685 2539 3740 dile·

545 3773 593 3826 ctis
612 3773 783 3842 sequentibus
803 3773 935 3830 Christum
947 3773 992 3828 Vll
1011 3771 1063 3826 375
1081 3775 1131 3838 54,
1150 3775 1184 3828 53
1222 3775 1306 3828 causti
1328 3775 1442 3828 exterius
1466 3777 1510 3828 4444
1529 3775 1580 3828 308
1602 3775 1635 3828 97
1652 3803 1689 3816 ·-
1708 3779 1763 3828 erat
1792 3777 1864 3830 luccas
1898 3777 1984 3830 ctione
2001 3780 2090 3830 contra
2110 3773 2236 3828 malitiam
2255 3777 2306 3828 448
2325 3777 2360 3830 64

446 3871 447 3874 ’
531 3863 1185 3928 ·-Enuerecarnalemallectumestprincipium
1222 3863 1557 3928 magnaerevcreutiaelii
1572 3863 1605 3914 46
1618 3893 1653 3922 -,
1672 3865 1863 3930 gerithguram
1950 3863 2024 3916 Auen
2045 3893 2076 3902 -
2098 3869 2136 3916 est
2154 3861 2311 3918 adverbium
2336 3863 2485 3918 affirmandi
2503 3863 2538 3916 Vl

544 3951 686 4016 spiritualis
704 3951 774 4004 vitae
800 3951 835 4006 40.
865 3953 906 4004 54.
929 3951 978 4006 375
1003 3953 1035 4006 53
1056 3979 1089 3990 -
1109 3953 1186 4016 Avul-
1222 3953 1309 4006 crucis
1322 3953 1375 4004 584
1390 3953 1535 4004 64-0444
1550 3953 1633 4018 ligura
1649 3953 1746 4008 Christi
1760 3953 1863 4006 59034
1898 3953 1949 4006 330
1969 3953 2011 4004 74.
2034 3953 2073 4004 Vll
2095 3953 2140 4004 404
2166 3953 2193 4006 54
2218 3981 2252 3990 ··-
2270 3959 2310 4006 est
2337 3953 2442 4018 signum
2462 3953 2538 4006 certi-

542 4041 582 4094 040
599 4029 1008 4094 abatiectibuscarnalibusuon
1026 4047 1185 4106 potestesse
1274 4043 1419 4094 Acranlno
1439 4069 1472 4080 -·
1493 4043 1526 4094 ad
1546 4049 1650 4108 tempus
1670 4049 1709 4096 est
1727 4043 1813 4110 passio
1828 4043 1863 4094 de
1898 4043 1997 4096 tudinis
2014 4043 2050 4094 Vl
2077 4041 2191 4094 44840.
2220 4041 2271 4094 404
2292 4043 2324 4094 47
2343 4071 2378 4082 -
2396 4045 2479 4094 Amen
2498 4047 2539 4094 est

541 4129 593 4184 nisi
612 4143 658 4194 004
671 4133 807 4196 quendam
827 4131 954 4196 impetum
972 4137 999 4184 et
1014 4135 1118 4184 rnotum
1131 4129 1185 4184 vio·
1223 4145 1322 4204 genere
1339 4131 1470 4198 qualitatis
1484 4131 1527 4184 Vll
1544 4133 1595 4184 433
1616 4133 1643 4184 54
1897 4131 2023 4184 indicium
2038 4131 2197 4184 certitudinis
2210 4131 2333 4184 orationis
2346 4131 2482 4184 exauditae
2493 4131 2540 4184 Vll

543 4219 643 4270 lentum
661 4217 713 4272 556
733 4217 768 4272 53
923 4261 924 4264 ,
1274 4221 1436 4274 5444404440
1454 4247 1491 4260 --
1513 4219 1575 4274 l'a'da
1594 4233 1621 4274 u.
1637 4219 1772 4288 4444044440.
1898 4223 1950 4274 484
1972 4221 2058 4272 47-
2074 4235 2128 4274 404
2147 4225 2186 4274 004
2202 4217 2233 4272 44
2246 4221 2299 4274 040
2310 4219 2433 4274 orationis
2450 4219 2538 4274 domi-

596 4307 753 4382 Arnnnnrro
765 4335 798 4346 -
812 4307 908 4374 duplex
922 4305 981 4362 lacit
995 4307 1121 4362 nraiorem
1131 4321 1185 4362 ccr-
1273 4307 1399 4362 Anrrruuo
1414 4337 1448 4348 -·
1460 4313 1596 4362 attestatur
1613 4309 1746 4376 potentiae
1763 4311 1797 4364 Vl
1810 4311 1862 4364 535
1897 4309 1973 4364 nicae
1992 4309 2018 4360 in
2036 4309 2179 4376 Evangelio
2200 4309 2289 4363 Lucae
2305 4307 2367 4364 4646.
2385 4337 2423 4350 ·-
2439 4311 2469 4362 ln
2487 4309 2540 4362 040

542 4395 681 4450 titudinem
699 4397 732 4450 Vl
754 4397 804 4448 438
825 4397 857 4448 44
1221 4397 1237 4450 4
1255 4425 1291 4438 -
1310 4397 1381 4450 bona
1403 4403 1444 4450 est
1468 4397 1509 4450 illa
1531 4411 1601 4466 quae
1626 4403 1666 4450 est
1689 4403 1749 4452 anta
1775 4397 1862 4452 Deum
1898 4397 2022 4452 orationis
2043 4397 2190 4451 dominicae
2207 4397 2286 4452 tacite
2304 4399 2399 4452 dicitur
2417 4399 2443 4452 in
2462 4399 2540 4452 lllissa

595 4485 726 4538 Anrtrerm
749 4497 789 4522 ¹-
818 4487 963 4550 praelertnr
994 4487 1122 4550 voluptati
1148 4487 1183 4538 Vl
1211 4487 1263 4540 ‘th
1283 4485 1334 4538 444
1354 4487 1387 4538 48
1405 4485 1530 4538 -bona
1554 4489 1593 4538 004
1612 4485 1720 4538 altitudo
1745 4487 1862 4552 perlecti·
1896 4487 2067 4540 asaoerdote
2085 4485 2147 4542 444444.

543 4573 579 4628 55
597 4589 625 4626 v.
645 4575 658 4624 3
679 4601 714 4612 -
732 4573 792 4628 lacit
817 4573 848 4628 ad
874 4575 956 4628 4404444
974 4575 1075 4640 redire,
1098 4577 1141 4626 vel
1166 4589 1182 4626 4
1217 4575 1290 4638 0440,
1304 4573 1530 4640 contemplationis
1543 4579 1569 4626 et
1580 4577 1780 4640 exspectationis
1796 4573 1859 4628 46404.
1949 4575 2046 4628 Aureus
2063 4603 2098 4616 ι-
2116 4581 2155 4628 404
2173 4589 2268 4628 nomen
2297 4573 2415 4640 paritatis
2432 4577 2466 4628 Vl
2486 4575 2532 4628 454

542 4661 648 4716 stultitia
667 4675 771 4716 cessare
788 4663 833 4716 Vll
863 4661 912 4716 454
944 4663 970 4716 44
997 4691 1030 4704 -·
1049 4663 1141 4718 Arersi
1166 4679 1182 4716 a
1217 4663 1579 4730 -quaeestinconspecln
1600 4661 1863 4730 homiuum,abomi-
1897 4663 1927 4716 44
1949 4691 1986 4702 -
2003 4663 2123 4716 Amicitia
2150 4661 2272 4726 delinitur
2300 4661 2363 4718 44446.
2380 4693 2417 4702 -
2441 4665 2538 4718 dicitnr

541 4751 596 4804 Deo
615 4765 662 4816 per
682 4751 867 4806 delectationes
884 4757 1041 4806 revocantur
1055 4765 1101 4818 per
1121 4751 1182 4806 atili·
1216 4751 1287 4804 natio
1307 4757 1345 4804 est
1364 4753 1437 4816 4046
1454 4753 1539 4804 Deum
1560 4751 1610 4804 443
1631 4753 1663 4804 48
1684 4779 1717 4790 -
1734 4745 1803 4806 Deris
1820 4751 1861 4804 di·
1895 4751 1998 4804 ratione
2015 4751 2158 4806 sodalitatis
2177 4751 2221 4804 Vll
2239 4751 2290 4804 366
2310 4751 2345 4806 47
2363 4759 2538 4822 -tanquarn

541 4841 641 4892 ottones
665 4841 716 4892 393
744 4843 776 4894 48
795 4869 831 4882 -
853 4841 997 4906 corporalis
1020 4839 1099 4894 debet
1124 4855 1181 4894 esse
1217 4841 1284 4894 citur
1309 4841 1455 4894 abominari
1480 4841 1643 4894 altitudinem
1670 4841 1695 4892 in
1716 4845 1861 4906 conspectu
1896 4839 2016 4894 membra
2048 4847 2111 4894 sunt
2136 4841 2214 4894 nobis
2241 4841 2376 4896 carnaliter
2408 4841 2537 4896 coniuncti
2579 4829 2580 4832 '

542 4929 598 4982 sine
615 4931 746 4982 termento
764 4927 910 4996 hypocrisis
930 4931 980 4982 340
1001 4931 1016 4982 3
1217 4931 1355 4982 hominum
1378 4933 1485 4996 propter
1506 4943 1626 4982 00404444
1639 4929 1722 4994 ipsius
1739 4929 1862 4982 deiectio—
1898 4927 1949 4982 447
1969 4929 1986 4982 4
2003 4955 2040 4970 ·-·
2059 4931 2126 4982 luter
2143 4929 2244 4982 amicos
2260 4937 2301 4984 est
2312 4931 2418 4984 ditectio
2435 4931 2538 4984 socialis

593 5021 801 5072 -Peccatores
821 5019 969 5084 atiliguntnr
995 5019 1065 5072 curis
1088 5019 1182 5072 inutili·
1217 5033 1278 5072 uem
1293 5017 1354 5074 44446.
1368 5019 1542 5072 --Dominus
1563 5017 1729 5072 abominatur
1751 5017 1861 5072 altitudi-
1898 5019 1931 5072 Vl
1950 5017 2001 5072 463
2021 5019 2055 5072 36
2074 5047 2111 5058 -
2129 5019 2241 5084 Signum
2257 5019 2385 5072 amicitiae
2405 5024 2443 5073 est
2462 5033 2535 5072 reve·

520 5105 593 5160 'bus
611 5109 644 5160 444
664 5109 699 5160 34
717 5123 744 5160 v.
764 5109 778 5162 9
802 5105 865 5162 Vide
886 5123 910 5162 0.
926 5105 1056 5176 copulato.
1075 5111 1182 5162 -Pcc
1217 5123 1278 5162 ncm
1297 5109 1617 5172 fastuosam‚simulatam
1634 5107 1807 5162 etruinosam
1824 5105 1860 5162 r'b.
1895 5109 1956 5162 latio
1976 5113 2136 5162 secretorum
2158 5107 2208 5160 459
2229 5107 2271 5162 47.
2292 5109 2338 5162 454
2363 5111 2405 5162 44.
2425 5105 2477 5162 547
2491 5107 2533 5162 44.
2592 5111 2593 5114 ’

540 5201 642 5250 0440440
668 5197 823 5264 affliguntur
848 5197 918 5252 curis
950 5201 975 5252 et
1002 5197 1182 5264 voluptatibus
1217 5199 1301 5252 49-
1319 5197 1534 5264 praesumtionis,
1549 5195 1698 5252 ambitionis
1709 5201 1737 5250 et
1751 5201 1861 5250 ostenta·
1897 5197 2010 5250 4444444
2030 5199 2073 5250 90.
2096 5197 2147 5250 386
2171 5197 2201 5249 43
2220 5223 2256 5236 -
2274 5197 2373 5252 Amicis
2390 5197 2538 5252 manifesta-⁴

541 5285 586 5336 Vll
605 5285 657 5338 495
677 5287 710 5338 40
1217 5287 1296 5342 tionis
1315 5287 1482 5342 dissuadetur
1495 5293 1620 5354 tanquam
1632 5285 1746 5340 Domino
1761 5283 1861 5338 eboni·
1895 5291 1938 5342 tur
1955 5285 2117 5342 40444404444
2135 5285 2169 5338 44
2188 5285 2204 5338 5
2224 5315 2257 5324 -
2277 5287 2377 5340 Fideles
2402 5285 2479 5340 aurici
2497 5299 2538 5340 00-

595 5375 666 5426 Aonu
683 5375 819 5430 -Labor
833 5377 855 5430 in
875 5391 941 5442 agro
959 5375 1181 5444 significatopera
1216 5375 1434 5432 nabilisa'did.-·-
1446 5373 1818 5442 praesumtionis,ambitionis
1832 5381 1860 5426 44
1894 5377 1947 5430 lent
1964 5375 2070 5430 exaltari
2088 5389 2104 5426 a
2122 5375 2232 5440 regibus
2249 5381 2358 5442 propter
2375 5387 2454 5428 sunm
2475 5389 2537 5428 cou-

540 5461 611 5514 vitac
631 5461 834 5518 440440474399
850 5465 969 5518 lit—ln
984 5479 1049 5534 egro
1063 5463 1182 5518 laborare
1216 5465 1395 5520 ostentationis
1409 5465 1560 5528 elongeteb
1578 5463 1757 5518 Altissimoa'b.
1775 5465 1810 5516 48
1824 5491 1859 5502 -
1894 5465 1983 5518 silium
2002 5467 2034 5520 444
2055 5465 2106 5518 596
2126 5465 2140 5516 3
2160 5493 2196 5504 -
2213 5463 2332 5518 Amicitia
2361 5465 2427 5518 inter
2449 5465 2534 5518 malos

541 5555 582 5602 est
604 5563 652 5614 per
680 5555 832 5606 exercitium
856 5555 983 5606 virtutum
1010 5553 1062 5606 444
1088 5555 1124 5606 54
1145 5583 1182 5594 -
1217 5555 1329 5608 Mundus
1341 5553 1490 5618 praetendit
1499 5553 1661 5608 altitudinem
1675 5551 1857 5618 superbiaeVl
1894 5555 1977 5606 oritur
2007 5567 2040 5608 ex
2069 5551 2202 5606 inimicitia
2238 5557 2360 5618 respectu
2393 5551 2457 5606 boni
2493 5555 2538 5608 vll

542 5637 571 5688 in
588 5651 642 5704 quo
655 5639 787 5696 invenitur
805 5645 945 5696 thesaurus
955 5645 1029 5708 regni
1048 5643 1181 5706 caelestis,
1217 5641 1233 5696 4
1250 5643 1280 5692 40
1294 5643 1393 5696 -Alta
1407 5657 1459 5696 non
1473 5643 1626 5710 quaerenda
1639 5641 1735 5696 timore
1748 5639 1858 5696 cadendi
1895 5643 1946 5696 559
1967 5643 2001 5696 45

541 5731 582 5780 004
599 5735 741 5790 paupertas
761 5729 791 5780 444
810 5731 895 5782 6453
1217 5729 1316 5782 inimo
1336 5731 1449 5784 4444464
1468 5731 1498 5782 34
1946 5759 1984 5772 -
2003 5731 2065 5784 Veri
2082 5729 2160 5784 amici
2179 5729 2325 5796 pretiositas
2354 5731 2396 5784 Vll
2417 5729 2466 5784 483
2493 5731 2536 5784 49.

595 5815 683 5868 Aenus
711 5843 745 5854 -
770 5821 810 5870 esi
833 5815 1001 5882 benignitatis
1026 5821 1053 5870 04
1083 5817 1182 5870 amoris
1271 5845 1306 5856 --
1323 5819 1471 5872 Altissimus
1490 5819 1585 5872 dicitur
1608 5819 1642 5872 de
1660 5821 1737 5872 Patre
1759 5819 1859 5870 ratione
1895 5819 1947 5872 406
1964 5819 1983 5872 7
2000 5849 2037 5858 -
2055 5821 2174 5872 Prudens
2185 5823 2224 5870 est
2243 5819 2288 5888 qui
2302 5819 2413 5888 acquirit
2431 5819 2536 5874 fidelem

541 5903 585 5956 Vll
604 5903 639 5956 89
656 5903 683 5956 3.
702 5905 735 5958 90
757 5907 772 5956 5
1218 5907 1379 5960 auctoritatis
1396 5907 1432 5958 Vl
1450 5905 1536 5960 4473
1893 5909 2036 5962 amicitiam
2057 5907 2109 5960 405
2126 5907 2142 5960 7
2164 5935 2198 5946 -
2216 5909 2370 5974 acquirendi
2394 5921 2442 5974 per
2460 5909 2536 5976 largi-

594 5991 710 6048 Aenrrss
725 6023 765 6035 -
780 5993 900 6058 corporis
924 5999 963 6046 est
984 5993 1017 6044 ad
1042 6005 1182 6058 assequen·
1270 5993 1420 6046 Ansnrruuo
1439 6021 1474 6034 -
1493 5995 1705 6060 compunctionis
1724 5999 1762 6048 est
1778 5993 1860 6046 maxi·
1893 5995 1992 6048 tionem
2005 5997 2232 6060 eleemosynarum
2252 5995 2304 6048 408
2323 5997 2358 6050 44

541 6081 606 6136 dum
626 6081 802 6148 desideratum
823 6083 855 6134 444
874 6081 949 6134 764.
968 6083 996 6132 it
1020 6107 1056 6120 -
1074 6085 1114 6132 est
1133 6079 1182 6134 dos
1216 6095 1260 6134 ma
1278 6095 1340 6146 pars
1358 6083 1589 6146 poenitentiaeVll
1610 6083 1660 6134 553
1680 6081 1713 6136 74
1946 6111 1983 6122 -
2002 6095 2080 6134 verus
2109 6095 2214 6148 semper
2240 6083 2323 6148 diligit
2348 6083 2382 6136 444
2412 6083 2463 6136 504
2492 6083 2535 6138 dl.

539 6173 684 6236 'corporum
704 6171 791 6242 quoad
816 6169 995 6236 operationem
1014 6169 1056 6222 vel
1079 6173 1179 6222 mutum
1270 6167 1379 6222 Auerno
1395 6197 1432 6206 —
1445 6173 1483 6222 est
1496 6169 1656 6224 inordinatus
1669 6169 1802 6236 appetitus
1815 6181 1858 6222 su·
1893 6169 1939 6224 Vll
1956 6171 2009 6224 364
2027 6173 2059 6224 at
2079 6197 2118 6210 -·
2135 6169 2221 6236 diligit
2239 6171 2316 6224 ctiam
2329 6171 2357 6224 in
2369 6169 2535 6224 tribulatione

542 6257 595 6312 447
613 6275 642 6314 4.
659 6261 676 6312 7
1215 6257 1374 6324 perieritatis
1392 6263 1417 6310 et
1436 6257 1578 6324 prioritatis
1595 6259 1640 6312 Vll
1659 6259 1710 6312 354
1725 6259 1758 6312 45
1770 6285 1807 6298 ·-
1820 6263 1859 6310 est
1895 6259 1938 6312 Vll
1951 6259 1998 6312 554
2015 6259 2051 6310 39
2064 6285 2098 6296 -
2113 6263 2211 6312 40404444
2225 6273 2282 6312 0004
2294 6261 2377 6314 tidelis
2390 6261 2487 6312 48340
2498 6285 2536 6298 -

594 6347 678 6402 Annus
696 6377 730 6390 ··-
749 6351 819 6416 Agni
836 6353 897 6404 sunt
914 6347 1045 6412 simplices
1065 6353 1090 6400 et
1109 6361 1181 6398 man·
1215 6347 1356 6414 superbiae
1382 6347 1407 6398 in
1436 6349 1529 6400 ellectu
1559 6347 1591 6400 33
1619 6347 1651 6400 96
1673 6375 1707 6386 -
1727 6349 1859 6400 honorum
1893 6345 2029 6400 Amicitiae
2047 6347 2085 6400 lex
2104 6353 2142 6400 est
2161 6347 2187 6400 in
2204 6349 2358 6402 necessitate
2370 6361 2425 6402 non
2441 6347 2535 6402 deesse

540 6437 608 6488 sueti
622 6437 720 6490 47430
734 6453 762 6492 v.
779 6439 794 6490 9
811 6437 987 6504 —signiiicat
1005 6437 1179 6490 innocentiam
1215 6443 1317 6504 spectat
1333 6437 1366 6490 ad
1386 6449 1483 6502 vanarn
1504 6437 1616 6502 gloriam
1640 6437 1692 6488 548
1711 6437 1746 6488 54
1765 6463 1800 6474 -
1818 6435 1858 6488 Ad
1893 6437 1980 6488 amico
2008 6435 2060 6488 405
2082 6431 2100 6486 7
2126 6463 2161 6472 -
2189 6435 2268 6488 miser
2292 6437 2458 6502 recipiendus
2486 6451 2535 6504 per

540 6527 568 6576 et
586 6525 725 6590 puritatem
746 6527 795 6578 460
817 6527 858 6578 fia.
873 6525 923 6578 403
944 6527 986 6578 84.
1001 6525 1046 6578 494
1072 6525 1113 6578 tu.
1128 6525 1179 6578 543
1215 6527 1386 6580 ambitionem
1415 6525 1551 6592 dignitatis
1580 6525 1698 6592 sequitur
1727 6525 1859 6590 appetitus
1893 6521 2059 6576 amicabilem
2077 6521 2285 6578 misericordiam
2304 6521 2368 6578 idid.

541 6613 612 6664 2-
631 6611 760 6688 significat
781 6615 1011 6668 mansuetudinem
1033 6619 1060 6668 ct
1082 6617 1180 6688 patieu·
1216 6617 1301 6670 laudis
1320 6615 1372 6668 305
1391 6611 1425 6666 87
1443 6641 1479 6656 ·-
1496 6617 1533 6668 Ex
1550 6613 1761 6680 concupiscentia
1779 6617 1859 6668 huno·
1947 6611 2040 6666 -Ad
2060 6625 2153 6666 verum
2181 6613 2298 6668 amicum
2324 6611 2479 6668 fiducialiter
2496 6629 2535 6666 re·

540 6701 603 6752 tiam
624 6701 674 6754 454
695 6701 737 6752 73.
752 6701 801 6754 403
823 6703 864 6754 84.
885 6701 937 6754 543
957 6705 971 6756 4
989 6701 1052 6756 Vide
1064 6717 1088 6758 e.
1103 6701 1180 6758 otri·
1215 6721 1275 6760 rum
1288 6705 1401 6770 insurgit
1414 6703 1554 6758 infirmitas
1567 6703 1716 6756 ambitionis
1731 6703 1763 6756 444
1775 6701 1857 6754 6498
1894 6701 2007 6756 curritur
2024 6701 2103 6770 eique
2120 6701 2273 6756 fiducialiter
2298 6701 2437 6756 necessitas
2454 6715 2535 6770 expo-

540 6791 606 6842 stus.
626 6815 661 6828 -
680 6787 830 6854 significant
845 6791 1014 6856 imperfectos
1028 6793 1056 6842 et
1073 6793 1179 6846 tenellos
1268 6821 1306 6834 -
1323 6791 1480 6846 Ambitionis
1499 6807 1574 6848 amor
1592 6797 1632 6846 est
1649 6793 1734 6846 malus
1754 6791 1785 6844 444
1806 6791 1857 6844 644
1893 6791 1963 6844 nitur
1990 6791 2031 6844 Vll
2059 6791 2110 6844 483
2131 6791 2163 6842 49
2184 6819 2217 6830 -
2237 6805 2316 6846 verus
2343 6805 2482 6846 recurrens
2500 6793 2534 6846 ad

542 6875 567 6930 in
587 6879 640 6932 lide
658 6879 709 6932 546
729 6875 763 6929 40
781 6905 817 6916 -
839 6879 960 6944 ampliori
985 6883 1092 6944 pastura
1116 6879 1179 6934 indi·
1216 6887 1287 6938 4-
1306 6885 1463 6950 dignitatum
1487 6883 1655 6950 redarguitur
1685 6883 1727 6938 Vll
1753 6881 1804 6936 305
1823 6879 1858 6934 87
1894 6881 2010 6936 amicum
2034 6897 2086 6936 non
2111 6881 2236 6948 desperat
2261 6879 2297 6936 40.
2324 6883 2358 6936 44
2386 6911 2424 6924 ·-
2440 6881 2461 6936 si
2480 6897 2534 6938 non
