5908 8266
591 549 656 614 lits

682 715 783 784 Primo
801 713 897 798 igitur
924 715 1077 796 quantum
1094 709 1134 776 ad
1148 707 1332 796 infantiam
1359 707 1554 776 (adtalionem

444 827 574 902 onnnrl·
591 823 685 890 dioit:
709 815 926 908 afferebant¹
949 823 1060 884 autem
1076 817 1123 882 nd
1144 815 1242 882 iiluna
1256 813 1422 902 infantes,
1445 823 1485 884 ut
1499 835 1553 884 eos

425 893 574 998 ioiil'i.¹m'
591 933 750 1010 tangeret.
780 923 909 988 Glossa:
947 947 962 980 o
990 923 1060 988 Post
1088 921 1203 988 dictam
1236 923 1484 990 controversiam
1519 929 1554 988 et

590 1033 696 1098 datam
718 1029 904 1098 sententiam
930 1027 1042 1100 humili
1072 1027 1222 1112 magistro
1246 1029 1425 1096 odorantur
1450 1029 1552 1106 inlan-

591 1143 654 1214 tes,
680 1139 715 1200 ut
740 1133 939 1212 ostendatur,
961 1133 1047 1218 quod
1077 1133 1227 1200 innocens
1250 1139 1281 1200 et
1305 1133 1439 1220 simplex
1465 1139 1552 1202 aetas

589 1241 630 1306 ad
651 1239 782 1324 gratiam
809 1241 962 1322 pertineat
978 1263 1014 1318 n;
1039 1239 1124 1306 unde
1145 1237 1179 1304 in
1202 1239 1363 1304 esnlnn02:
1391 1265 1407 1298 ι(
1426 1241 1472 1306 Eu
1496 1259 1551 1308 ore

590 1343 756 1410 infantium
779 1349 813 1408 et
833 1343 1015 1410 lactentium
1047 1343 1203 1430 perfecisti
1228 1343 1351 1412 laudem
1369 1371 1398 1408 n.
1433 1343 1552 1412 Offere-

589 1451 665 1514 bant
682 1453 802 1526 antem,
819 1453 855 1514 ut
879 1447 924 1514 eis
939 1449 1027 1516 daret
1052 1449 1298 1516 benedictionem
1317 1467 1374 1534 per
1395 1469 1550 1518 manuum

585 1553 836 1640 impositionem;
874 1553 903 1620 in
941 1573 1005 1640 quo
1037 1553 1314 1640 praefigurabatur
1347 1563 1380 1622 et
1413 1559 1551 1640 quodam

576 1659 682 1726 modo
712 1657 934 1726 insinuabatur
963 1661 1201 1728 Sacramentum
1223 1661 1487 1742 confirmationis,
1516 1661 1551 1728 in

589 1783 653 1850 tquo
676 1765 771 1832 datur
794 1765 884 1850 copia
905 1765 1024 1850 gratiae
1056 1771 1085 1834 et
1109 1765 1350 1844 benedictionis,
1376 1767 1550 1834 secundnm

589 1871 666 1938 illud
691 1871 825 1954 totunm
855 1879 965 1938 octavo
982 1873 1014 1936 ³:
1042 1897 1059 1932 ε(
1076 1871 1278 1956 lmponebant
1310 1889 1423 1940 manus
1452 1889 1550 1958 super

589 1977 671 2056 illan,
698 1985 726 2042 et
752 1975 946 2060 accipiebant
967 1977 1120 2062 Spiritum
1143 1983 1285 2044 sanctum
1305 2003 1333 2044 n.
1359 1977 1410 2044 llio
1442 1985 1548 2044 autem

590 2081 724 2168 Spiritus
740 2089 869 2150 sauctus
892 2083 1062 2170 requiescit
1078 2100 1173 2168 super
1191 2083 1353 2168 parvulos,
1376 2083 1550 2152 secundum

589 2189 666 2258 illud
692 2191 784 2258 isaiae
809 2189 919 2256 altimo
933 2195 960 2256 l:
983 2217 1001 2248 α
1016 2191 1101 2276 Quae
1126 2195 1172 2258 est
1196 2189 1323 2272 domus,
1345 2209 1443 2276 qaam
1464 2193 1550 2260 aedi-

591 2297 723 2366 ficabitis
754 2295 855 2364 mihil
888 2297 924 2364 Et
956 2297 1026 2382 quis
1059 2303 1105 2366 est
1136 2297 1195 2366 iste
1224 2297 1314 2366 locus
1343 2297 1549 2384 requietionis

591 2423 677 2474 nneae
695 2411 735 2472 »t
765 2405 838 2472 «dd
871 2423 964 2490 quem
994 2393 1099 2474 antem
1133 2405 1299 2492 respiciam
1323 2405 1382 2474 nisi
1409 2407 1449 2474 ad
1470 2425 1549 2492 pan-

590 2513 757 2598 peroulum
779 2519 810 2578 et
833 2513 1004 2578 contritum
1028 2513 1142 2598 spiritu
1165 2519 1198 2580 et
1220 2519 1406 2580 trementem
1431 2531 1548 2582 sermo-

591 2635 647 2686 nes
669 2637 756 2686 meos
771 2625 812 2684 »l
835 2617 890 2684 ulai
912 2617 987 2684 dicit
1011 2619 1072 2684 alia
1093 2619 1273 2684 translatio:
1304 2645 1320 2676 «
1334 2621 1437 2702 Super
1452 2637 1547 2704 quem

590 2725 767 2810 requiescet
782 2723 915 2810 Spiritus
941 2743 1028 2792 mens
1043 2723 1102 2792 nisi
1121 2741 1215 2808 snper
1241 2723 1392 2790 humilem
1408 2729 1440 2788 et
1459 2723 1548 2806 quie-

590 2837 657 2898 tum
674 2837 717 2898 »t
735 2831 777 2896 m
800 2831 859 2896 hoc
884 2831 1023 2896 maxime
1045 2845 1158 2894 verum
1182 2835 1244 2904 est,
1268 2825 1393 2910 qnando
1416 2825 1548 2890 Domino

589 2935 738 3014 offertum
766 2935 948 3000 Psalmus⁵z
975 2933 1164 3014 «Quoniam
1191 2937 1279 3014 pater
1309 2947 1397 2996 mens
1420 2935 1453 2996 et
1481 2945 1546 2994 ma-

589 3047 637 3108 ter
659 3059 728 3108 noea
748 3039 987 3122 dereliquerunt
1010 3053 1074 3114 me,
1094 3035 1248 3100 Dominus
1269 3033 1548 3100 antennassnmsn

590 3163 640 3212 me
654 3171 684 3208 n.
713 3145 747 3210 Et
771 3143 840 3208 ideo
861 3141 894 3206 in
922 3141 1059 3226 liguram
1082 3139 1179 3206 hunius
1209 3139 1327 3206 dicitur
1348 3137 1474 3206 Levitici
1499 3141 1546 3206 ul-

590 3251 681 3316 timo:
707 3245 897 3334 «Quidquid
911 3245 1009 3312 semel
1030 3245 1128 3314 inerit
1144 3253 1378 3326 consecratum,
1401 3249 1545 3314 sanatum

589 3359 769 3422 sanctornm
792 3353 852 3418 erit
876 3353 1009 3418 Domino
1025 3377 1054 3418 n.

676 3461 729 3526 38.
756 3457 899 3524 Secundo
920 3463 1076 3542 quantum
1098 3457 1139 3524 ad
1164 3455 1372 3546 offerentium
1387 3457 1545 3542 ¹cncrepu-

441 3587 560 3646 unnpnn
590 3565 709 3632 tionem
731 3563 851 3632 subdit:
871 3565 966 3648 Quod
987 3583 1064 3632 curn
1081 3563 1226 3632 viderent
1250 3565 1415 3652 discipuli,
1442 3567 1546 3632 intere-

429 3639 573 3684 ⁰ff⁰'e⁰²¹⁰”¹'
584 3673 715 3760 patant
735 3671 825 3752 illos,
849 3671 967 3740 scilicet
985 3671 1168 3750 offerentes,
1195 3677 1225 3740 et
1247 3673 1323 3752 hoc,
1339 3673 1413 3756 quia
1438 3691 1546 3740 carua-

590 3779 660 3848 liter
694 3777 912 3864 alliciebantur
948 3779 1031 3844 circa
1064 3777 1234 3846 Christum.
1271 3779 1356 3846 Unde
1392 3779 1500 3846 Glossa
1515 3779 1544 3846 6:

593 3911 609 3944 n
626 3883 865 3972 increpabant,
892 3901 954 3952 non
977 3867 1067 3968 quod
1085 3885 1221 3964 nollent,
1245 3885 1380 3952 infantes
1402 3905 1499 3952 manu
1517 3893 1545 3956 et

589 3983 663 4058 noce
686 3989 855 4058 Salvatnris
878 3989 1037 4068 benedici,
1062 3989 1114 4058 sed
1140 3989 1214 4076 quia
1244 3989 1385 4058 nondum
1414 3989 1544 4074 perlecti

588 4097 618 4162 in
652 4097 712 4164 inde
740 4097 912 4180 putabant,
944 4115 1017 4184 epm
1047 4095 1347 4164 imsimilitudinem
1382 4097 1542 4164 hominum

589 4201 696 4270 lassari
731 4201 971 4286 importunitate
1004 4201 1206 4268 offerentium
1229 4229 1260 4268 n.
1295 4203 1383 4270 Unde
1415 4207 1545 4286 propter

589 4307 724 4394 quietem
755 4307 894 4392 Magistri
921 4307 1134 4392 impediebant
1158 4327 1238 4394 opus
1266 4309 1385 4378 alienae
1414 4307 1542 4388 salutis,

589 4413 669 4480 sient
692 4421 724 4480 et
746 4413 857 4480 Petrus
876 4415 1027 4480 'ilatthaei
1052 4413 1173 4482 decimo
1197 4415 1312 4482 sexto⁷
1344 4415 1476 4484 Domino
1499 4415 1545 4482 di-

590 4519 684 4598 centi,
709 4519 792 4606 quod
815 4523 988 4604 oporteret,
1014 4537 1089 4588 eum
1113 4519 1197 4604 pati,
1220 4521 1359 4588 dicebat:
1390 4519 1545 4588 «absita

590 4631 636 4706 te,
660 4625 806 4704 Domine,
833 4643 894 4692 non
911 4625 972 4694 erit
992 4625 1052 4694 hoc
1069 4653 1100 4692 n.
1126 4626 1195 4706 Vel,
1213 4627 1287 4712 quia
1309 4625 1476 4696 carnaliter
1501 4625 1545 4694 af-

485 4823 487 4826 ·
590 4731 775 4800 delebantur
791 4731 874 4800 circa
896 4733 1046 4818 populum
1063 4751 1170 4814 suum;
1188 4733 1275 4802 uude
1288 4731 1396 4802 Glossa
1408 4733 1434 4796 8:
1463 4733 1545 4800 «In-

590 4837 788 4926 crepaDant,
811 4838 871 4905 hoo
897 4837 966 4906 ideo
995 4839 1143 4918 fortasse,
1166 4841 1241 4924 quia
1272 4841 1361 4926 prius
1393 4841 1544 4926 populum
1574 4855 1575 4860 ’

590 4943 794 5024 ludaeorum,
817 4961 859 5012 ex
883 4961 948 5030 quc
976 4947 1151 5014 seeundum
1178 4963 1305 5014 carnem
1331 4953 1438 5024 erant,
1463 4947 1545 5012 vole-

590 5051 664 5119 bant
679 5049 793 5118 saltari
809 5075 842 5116 n.
866 5049 906 5116 Et
917 5051 987 5118 ideo
1011 5051 1126 5116 carnali
1146 5049 1357 5118 misericordia
1377 5049 1545 5118 moveban-

659 5341 668 5372 ¹
686 5341 772 5396 Codd.
790 5329 905 5396 dCDG
923 5339 1084 5410 offerebant.
1103 5367 1138 5380 -
1157 5341 1245 5396 Glossa
1269 5357 1324 5408 seq.
1343 5347 1382 5396 est
1403 5341 1545 5396 ordinaria

589 5429 746 5498 (secumdum
764 5429 887 5506 August,
908 5431 991 5482 Serm.
1015 5429 1074 5480 lla.
1095 5429 1158 5480 alias
1175 5431 1220 5484 36.
1237 5429 1273 5482 de
1286 5429 1379 5484 Verbis
1393 5431 1509 5494 Domini,
1522 5445 1545 5484 c.

589 5521 613 5574 i.
630 5535 657 5574 n.
677 5519 702 5574 i.
719 5525 746 5572 et
764 5519 873 5586 Bedam)
893 5519 920 5570 ia
941 5519 1005 5570 Luc.
1028 5519 1074 5582 ts,
1096 5519 1136 5570 t5.

660 5609 670 5640 n
687 5601 783 5664 Psalm'.
803 5609 831 5674 8,
853 5609 875 5660 3.
893 5635 924 5666 ,-
937 5605 1016 5660 Card.
1031 5607 1107 5672 Hugo
1119 5607 1170 5668 ait,
1192 5621 1338 5674 priorarum
1351 5609 1464 5662 Domino
1478 5607 1545 5662 obla·

587 5705 672 5752 torum
697 5717 710 5744 n
724 5697 839 5750 creditur
857 5695 978 5750 Martialis
996 5709 1064 5748 unns
1084 5695 1164 5750 luisse
1184 5717 1216 5762 »3
1233 5699 1282 5750 cir.
1299 5711 1380 5762 supra
1400 5711 1461 5762 pag.
1479 5697 1544 5762 iii,

586 5791 648 5840 nota
668 5789 692 5840 3.

659 5875 762 5930 ³Vers.
784 5873 824 5926 tt.
845 5873 897 5928 Cir.
916 5873 958 5926 lV.
978 5875 1047 5942 Sept.
1066 5873 1095 5926 d.
1118 5873 1143 5926 7.
1163 5889 1185 5926 a.
1208 5877 1236 5950 t.
1250 5889 1279 5942 q.
1302 5875 1328 5928 l.
1347 5873 1379 5928 ad
1401 5875 1423 5928 l.
1442 5879 1469 5930 et
1486 5875 1545 5928 Bre-

587 5965 670 6032 nqu.
686 5979 713 6032 p.
734 5963 777 6020 Vl.
795 5975 816 6016 c.
838 5963 862 6016 i.

658 6053 762 6108 *Vera
785 6053 807 6104 t.
826 6063 853 6106 et
871 6053 901 6114 33
926 6053 973 6104 atr.
990 6065 1069 6116 supra
1090 6065 1152 6116 pag.
1175 6053 1239 6120 356,
1259 6057 1320 6106 nata
1340 6053 1369 6116 3,
1390 6051 1485 6118 inqua
1511 6053 1545 6108 de

585 6143 697 6198 diversis
717 6139 927 6194 translationibus
945 6141 1025 6194 buius
1043 6143 1101 6194 laet.

659 6231 670 6262 ⁵
687 6233 783 6284 Psalm.
803 6231 852 6294 26,
872 6229 914 6282 td.
932 6233 960 6282 ct
978 6227 1072 6282 deiude
1092 6231 1155 6284 Len.
1172 6229 1222 6292 27,
1241 6229 1286 6282 28.

536 6369 537 6372 ,
658 6317 669 6350 ⁶
686 6317 791 6370 Scilicet
807 6313 950 6368 ordinaria
965 6317 1004 6384 (ex
1024 6313 1111 6378 Bada3
1128 6317 1175 6366 cir.
1197 6313 1333 6382 ambros,
1352 6317 1416 6368 Vlll.
1432 6315 1461 6368 in
1482 6317 1544 6370 Luc.

585 6419 612 6460 c.
629 6407 674 6460 l8.
689 6419 717 6458 n.
737 6403 801 6470 60.).
1526 6399 1527 6402 ’

658 6495 760 6548 'Vers
791 6495 837 6562 33,
867 6493 891 6544 in
921 6493 996 6548 cuius
1023 6493 1075 6546 lina
1106 6491 1161 6544 Vat.
1189 6505 1250 6546 cum
1281 6491 1392 6558 Vulgata
1419 6505 1476 6548 non
1493 6491 1546 6548 erit

585 6583 634 6640 tibi
651 6585 709 6640 icoc.

658 6671 669 6704 ⁸
688 6673 792 6726 Scilicet
809 6671 960 6736 ordinaria,
973 6671 1012 6740 (ex
1034 6671 1170 6738 ambros,
1188 6671 1251 6726 Vlll.
1278 6671 1303 6724 in
1322 6673 1383 6728 Luc.
1403 6687 1425 6726 c.
1452 6673 1494 6726 t8.
1519 6689 1544 6728 n.

587 6759 651 6828 60.).
672 6787 704 6798 —
726 6755 843 6812 Subinde
862 6759 988 6824 allegatur
1006 6759 1083 6812 Eccli.
1105 6759 1150 6824 lS,
1171 6759 1212 6810 lD.

659 6845 763 6900 ⁹Vers.
785 6845 831 6908 243
853 6849 897 6898 cir.
918 6859 997 6912 supra
1016 6847 1047 6910 D,
1066 6845 1109 6900 dd.

1161 529 1353 598 cellolam.
1379 531 1416 598 ΙΝ
1439 527 1677 600 evidentium
1699 527 1815 598 tuctu
1841 529 1872 596 C.
1898 531 1997 598 Xt'lll.

1617 717 1686 790 tur,
1709 711 1748 778 de
1771 729 1835 798 qno
1859 709 2061 778 Ecclesiastici
2086 711 2205 778 decimo
2232 717 2359 778 octauo:
2381 737 2397 770 «
2414 711 2569 780 liisaratio

1616 815 1752 884 bominis
1784 815 1867 884 circa
1889 815 2070 902 anoximnm
2089 833 2200 896 suam,
2226 815 2438 884 misericordia
2465 821 2571 884 autem

1616 923 1700 992 Dein
1732 929 1790 992 etc.
1813 923 1848 988 ln
1871 921 1931 988 hoo
1953 917 2060 988 aulem
2083 923 2165 990 iacto
2179 919 2322 1004 discipuli
2348 921 2498 1006 gerebant
2523 929 2571 1006 tp·
2592 937 2722 984 satanan.

1615 1047 1691 1114 pum
1715 1029 1908 1096 carnalium
1927 1029 2135 1094 sacerdotnm
2152 1037 2180 1094 et
2198 1025 2414 1112 pontificum,
2433 1027 2487 1112 qui
2504 1045 2571 1094 ma-

1615 1135 1662 1220 gis
1684 1139 1790 1202 amant
1811 1135 1968 1202 carnalem
1992 1135 2127 1220 quietem
2153 1141 2183 1200 et
2206 1133 2367 1220 sanguinis
2384 1133 2569 1216 proximita-
2666 1125 2673 1138 “

1615 1247 1678 1308 tem
1693 1259 1788 1326 quam
1806 1241 1995 1326 populorum
2011 1241 2163 1320 salutem;
2180 1237 2261 1306 sicut
2277 1245 2308 1306 et
2323 1239 2355 1304 in
2372 1237 2570 1306 contentione

1614 1363 1743 1424 eorum,
1759 1345 1877 1412 scilicet
1891 1345 2132 1430 discipulorum,
2159 1363 2252 1430 quam
2268 1343 2466 1422 habuerunt,
2489 1343 2569 1430 figu-

1615 1469 1683 1516 ram
1705 1457 1821 1536 gerunt
1853 1451 2122 1530 ambitiosorum,
2145 1451 2185 1518 de
2213 1467 2277 1536 qua
2306 1449 2388 1514 inira
2420 1447 2568 1534 vigesimo

1615 1557 1791 1624 secundat:
1814 1559 1932 1624 «Facta
1946 1563 1995 1624 est
2016 1555 2271 1626 contentiointer
2294 1553 2478 1640 discipulos,
2498 1555 2570 1638 quis

1615 1679 1725 1730 eorum
1757 1661 1920 1730 videretur
1949 1679 2017 1730 esse
2042 1665 2139 1742 maior
2165 1691 2194 1730 ».
2228 1663 2262 1730 Et
2294 1661 2370 1730 haec
2402 1661 2465 1728 duo
2495 1661 2570 1728 vitia

1614 1775 1701 1848 sunt,
1727 1787 1809 1854 quae
1832 1769 1970 1834 maxime
1995 1769 2160 1836 Ecclesiam
2183 1769 2239 1838 Dei
2261 1775 2487 1854 corrumpunt,
2510 1767 2570 1834 soi·

1614 1875 1686 1942 liaet
1707 1873 1843 1942 ambitio
1865 1873 2050 1958 dignitatum
2072 1883 2106 1940 et
2133 1875 2331 1962 negligentia
2357 1873 2466 1942 salutis
2496 1891 2570 1958 pro·

1614 1981 1782 2048 ulmorum.
1809 1981 1869 2046 Pro
1883 1985 2019 2066 utroque
2043 1979 2176 2048 istorum
2190 1981 2307 2048 dicitur
2328 1979 2477 2048 {eramiae
2492 1997 2569 2064 qua-

1613 2087 1789 2174 dragesimo
1813 2093 1923 2154 octavo
1936 2087 1983 2154 ¹⁰:
2003 2111 2019 2144 «
2037 2087 2235 2168 Maledictus,
2249 2085 2305 2170 qui
2318 2085 2393 2152 facit
2417 2105 2496 2170 opus
2511 2087 2566 2156 Dei

1613 2195 1853 2274 fraudulenter,
1884 2199 1917 2260 et
1948 2193 2150 2272 maledictus,
2177 2195 2232 2278 qui
2260 2193 2409 2276 prohibet
2431 2191 2569 2276 gladium

1615 2321 1706 2384 suum
1732 2321 1751 2370 a
1778 2301 1982 2388 sangnine»;
2005 2301 2065 2368 alia
2096 2299 2256 2368 translatio
2281 2297 2376 2366 habet
2406 2297 2568 2384 nepttpen-

1615 2419 1682 2490 ter;
1703 2411 1737 2476 iu
1760 2429 1824 2496 quo
1848 2411 1943 2478 simul
1969 2407 2169 2476 frandulenta
2198 2405 2326 2474 arabitio
2352 2409 2382 2472 et
2416 2405 2568 2474 desidiosa

1613 2517 1802 2602 negligentia
1825 2515 2023 2600 reprobatur.

1702 2625 1755 2688 39.
1778 2621 1881 2706 (Vers.
1908 2621 1983 2702 tn).
2008 2621 2114 2686 Tertio
2144 2627 2300 2706 quantum
2321 2619 2362 2684 ad
2393 2615 2568 2702 benignam
2582 2627 2735 2726 ssgfliigiffl:

1613 2725 1801 2792 oblatorum
1822 2725 2059 2808 susceptionem
2080 2723 2220 2790 additur:
2240 2725 2331 2790 iesus
2356 2731 2481 2800 autent,
2498 2741 2569 2788 con·
2582 2693 2662 2780 toria·

1612 2849 1734 2894 uocatas
1758 2829 1846 2906 illos,
1871 2827 1973 2894 nenti:
1993 2827 2110 2906 Sinite,
2124 2845 2248 2912 pueros
2269 2825 2381 2892 venire
2405 2827 2449 2892 ad
2473 2845 2523 2890 ane
2540 2837 2568 2892 et
2653 2895 2655 2900 ,

1611 2931 1667 2998 nol
1676 2933 1708 2998 'te
1730 2921 1958 3010 catanancen,
1976 2951 2058 3018 quos
2075 2933 2192 2998 scilieet
2215 2931 2313 3014 magis
2328 2931 2450 3026 debetis
2471 2937 2568 2998 attra-

1612 3041 1690 3106 here
1712 3045 1744 3104 et
1773 3057 1902 3116 vocare;
1934 3041 2016 3106 unde
2049 3039 2289 3106 proverbiorum
2321 3057 2422 3104 nono:
2443 3023 2467 3096 ἰι
2488 3037 2568 3106 llisit

1611 3145 1739 3212 ancillas
1769 3161 1861 3224 sam,
1884 3151 1920 3212 ut
1952 3151 2099 3212 vocarent
2123 3145 2159 3210 ad
2192 3161 2295 3212 aream
2318 3149 2352 3210 et
2382 3143 2423 3210 ad
2443 3145 2566 3212 incenia

1611 3251 1761 3320 civitatis:
1785 3251 1817 3316 Si
1847 3251 1919 3336 qais
1943 3257 1989 3318 est
2012 3251 2165 3336 paruulus
2192 3251 2296 3318 veniat
2317 3251 2357 3316 ad
2386 3269 2438 3318 me
2453 3275 2484 3314 n.
2507 3251 2568 3318 Hos

1611 3373 1688 3440 ergo
1703 3373 1765 3422 noa
1787 3355 1943 3422 debebant
1957 3365 2079 3436 vetare,
2102 3355 2154 3424 sed
2174 3371 2300 3434 vocare3
2324 3355 2567 3422 Proverbiormu

1612 3459 1764 3528 tertto12:
1784 3485 1801 3518 «
1818 3461 1883 3526 Noli
1898 3461 2070 3546 probibere
2084 3459 2266 3530 benefacere
2282 3477 2355 3528 eum
2372 3461 2427 3544 qui
2450 3465 2566 3544 potest;

1610 3569 1637 3636 si
1659 3573 1767 3652 potes,
1798 3575 1829 3634 et
1860 3569 1926 3654 ipse
1949 3567 2075 3636 benefac
2090 3593 2122 3632 n.
2145 3567 2232 3634 Unde
2262 3565 2506 3650 Chrysostomus
2521 3565 2566 3632 ¹³:

1617 3701 1634 3734 n
1648 3674 1678 3740 Si
1703 3673 1798 3740 sanati
1817 3673 1916 3740 futuri
1941 3679 2028 3752 sunt,
2046 3671 2123 3760 quid
2138 3671 2262 3750 vetatis,
2287 3671 2369 3738 tilios
2383 3671 2423 3738 nd
2446 3679 2567 3756 patrem

1610 3779 1741 3848 ueniret
1765 3779 1793 3846 Si
1825 3785 2005 3864 peccatores
2027 3779 2127 3846 futuri
2158 3785 2250 3858 sunt,
2273 3777 2349 3862 qnid
2381 3777 2567 3844 sententiam

1610 3883 1818 3952 damnationis
1850 3883 2016 3968 profertis,
2046 3889 2214 3968 antequam
2250 3884 2375 3968 culpam
2408 3881 2568 3950 videattst

1610 3991 1723 4076 Quales
1740 3989 1833 4058 modo
1848 3997 1937 4070 sant,
1952 4007 2058 4058 meum
2075 3995 2139 4070 est;
2155 3991 2265 4076 quales
2279 3989 2468 4058 nunciaturi
2482 3995 2566 4068 sunt,

1609 4097 1752 4182 ipsorum
1775 4103 1843 4176 est;
1869 4097 1953 4182 quod
1979 4115 2084 4164 meum
2109 4103 2156 4164 est
2177 4097 2343 4174 honorate,
2374 4095 2457 4178 quand
2485 4093 2567 4178 ipso-

1609 4221 1683 4270 rum
1710 4203 1771 4270 erit
1801 4201 1993 4270 miseremini
2009 4231 2039 4268 n.
2065 4241 2109 4252 --
2131 4203 2177 4270 Ex
2200 4223 2263 4288 quo
2286 4199 2448 4270 manileste
2471 4219 2567 4286 appa·
2585 4211 2716 4260 Nouatum.

1609 4315 1674 4390 ret,
1700 4309 1783 4396 quod
1806 4309 1898 4394 pueri
1928 4329 1991 4376 non
2021 4317 2095 4378 sunt
2121 4307 2323 4394 prohibendi,
2347 4327 2388 4376 ne
2418 4309 2567 4376 accedant
2768 4313 2771 4322 ’

1608 4417 1649 4484 ad
1678 4417 1848 4484 Christum.
1883 4417 1913 4482 ln
1947 4415 2036 4484 ouius
2068 4415 2160 4484 etiam
2193 4415 2335 4502 signnm,
2369 4421 2404 4482 ut
2436 4415 2567 4502 ipsese

1609 4523 1776 4608 praeberet
1798 4521 1906 4606 pneris
1922 4521 1956 4588 in
1977 4523 2177 4608 exemplum,
2201 4521 2318 4588 dicitur
2332 4519 2372 4586 de
2386 4521 2454 4604 ipso
2468 4537 2568 4604 supra

1610 4629 1749 4724 secundo
1763 4631 1797 4708 14,
1824 4629 1907 4714 quod
1939 4645 2042 4696 neum
2067 4629 2166 4696 lactus
2198 4633 2279 4698 esset
2303 4645 2458 4694 annorum
2489 4627 2567 4694 due·

1608 4733 1727 4814 decim,
1752 4733 1869 4804 relictis
1892 4735 2093 4820 parentibus
2119 4735 2269 4802 remansit
2291 4733 2325 4802 in
2348 4733 2517 4802 ierusalem
2532 4759 2565 4798 n.

1609 4841 1644 4906 ln
1674 4841 1767 4910 cuius
1796 4841 1891 4910 etiam
1922 4841 2045 4926 signum
2077 4841 2244 4910 iniantimn
2273 4857 2448 4924 puerorum
2478 4857 2567 4906 aoce-

1609 4943 1709 5030 piavit
1723 4943 1929 5030 martyrium,
1946 4945 1983 5012 de
2000 4963 2064 5030 quo
2085 4945 2230 5012 ltlatthaei
2252 4943 2389 5012 secundo
2401 4943 2445 5008 1⁵:
2465 4967 2483 5002 «
2499 4943 2567 5008 ilit-

1609 5057 1677 5118 tens
1702 5049 1851 5128 Herodes,
1876 5047 2031 5116 interiecit
2054 5067 2160 5116 omnes
2185 5065 2320 5136 pueros,
2342 5049 2397 5132 qui
2421 5055 2511 5114 erant
2532 5047 2566 5114 in

1679 5343 1704 5372 1⁰
1721 5345 1797 5396 Vens.
1811 5345 1852 5396 l0.
1865 5343 1918 5396 Alia
1940 5343 2071 5396 translatio
2083 5347 2122 5394 est
2135 5341 2319 5408 Septuaginta:
2337 5343 2501 5410 Maledictum,
2513 5345 2565 5410 ‘qni

1608 5433 1669 5484 facit
1686 5445 1767 5496 opera
1784 5431 1889 5486 Domini
1906 5429 2071 5500 negligenter
2088 5435 2139 5484 ete.
2404 5489 2405 5492 Ἴ

1679 5517 1702 5548 ²1
1721 5519 1888 5582 detinuimus
1904 5533 1965 5572 cnm
1985 5519 2042 5570 Vat.
2062 5521 2088 5574 et
2102 5519 2186 5576 notite
2208 5525 2298 5576 uetare
2318 5533 2375 5586 eos,
2395 5519 2465 5588 qaod
2486 5519 2565 5574 codd.

1607 5609 1741 5672 omittnut;
1761 5609 1783 5660 Η
1801 5611 1866 5662 baec
1885 5607 1966 5660 trenna
1991 5609 2136 5674 transponit
2159 5609 2292 5678 aliquanto
2313 5609 2417 5662 interius
2443 5615 2502 5676 post
2519 5609 2567 5664 sed

1607 5711 1720 5762 necare,
1738 5699 1829 5762 legens
1852 5697 1922 5750 ande
1949 5695 2088 5752 subditur:
2108 5699 2143 5752 Et
2165 5697 2247 5752 nolite
2266 5711 2310 5752 eas
2328 5701 2426 5752 arctare.
2446 5725 2480 5738 -
2501 5695 2566 5750 Sob-

1607 5785 1669 5838 inde
1688 5787 1833 5850 allegantur
1856 5785 1932 5838 Pron.
1953 5785 1980 5848 9,
2000 5785 2025 5836 3.
2044 5789 2071 5838 et
2090 5783 2113 5836 i.
2348 5819 2349 5822 η
2471 5809 2472 5812 ¹

1679 5873 1702 5904 ²2
1721 5873 1795 5928 Vens.
1810 5873 1852 5940 27,
1863 5873 1908 5926 nbi
1928 5885 1976 5936 pro
1994 5871 2022 5926 si
2033 5875 2109 5942 potes
2131 5873 2461 5942 (ornumornum.)
2481 5873 2565 5926 ACD

1607 5961 1655 6016 sed
1679 5961 1707 6014 si
1724 5965 1816 6030 potes,
1841 5963 1954 6026 Vulgata
1979 5959 2008 6014 si
2028 5961 2110 6016 cates.
2139 5993 2172 6002 -
2196 5963 2286 6018 Glossa
2315 5959 2497 6016 interlinearis
2522 5961 2564 6028 (ex

1607 6049 1743 6114 Ambros,
1764 6051 1827 6104 Ulll.
1844 6049 1871 6102 iu
1890 6051 1953 6102 Luc.
1970 6063 1992 6100 c.
2014 6051 2054 6102 ts.
2075 6065 2100 6104 u.
2119 6051 2188 6120 60.);
2208 6051 2306 6116 Sinite,
2323 6063 2425 6120 pueros
2445 6055 2508 6112 eta,
2525 6065 2566 6104 re·

1607 6139 1726 6202 spuendo
1739 6143 1779 6192 est
1790 6143 1895 6192 vestrae
1912 6137 2043 6192 servitutis
2061 6137 2176 6190 officiosa
2196 6139 2333 6204 sedulitas,
2352 6137 2399 6188 nbi
2416 6137 2565 6190 Divinitatis

1607 6231 1648 6280 est
1665 6227 1768 6278 iniuria.
1812 6251 1813 6254 ¹
2058 6239 2060 6242 ·

1679 6313 1703 6344 ¹³
1722 6315 1814 6368 Homil.
1831 6317 1870 6368 33.
1892 6315 1915 6368 io
1929 6317 2016 6368 dlattb.
2035 6315 2085 6380 lD,
2099 6313 2140 6368 tt.
2156 6317 2215 6384 (Op.
2226 6313 2398 6380 imperfect),
2410 6311 2439 6364 iu
2451 6311 2503 6368 dne
2515 6329 2564 6380 pro

1590 6401 1775 6458 „muneremini
1786 6401 1832 6470 (ita
1844 6403 1904 6458 Vel.
1919 6415 1980 6456 cum
1993 6407 2064 6458 textu
2084 6403 2213 6474 originali)
2234 6403 2313 6460 CDG
2324 6403 2344 6456 H
2357 6407 2385 6454 et
2396 6401 2472 6456 Card.
2485 6403 2564 6470 Hugo

1607 6491 1806 6548 anisnedirnini.
2278 6489 2300 6522 14
2322 6491 2395 6544 vers.
2414 6491 2457 6544 ln.
2474 6497 2502 6546 et
2521 6493 2565 6548 ts.

1678 6579 1702 6610 ¹⁵
1721 6581 1796 6636 Vens.
1809 6583 1852 6636 lfi.
1864 6587 1891 6634 et
1908 6581 2003 6638 deiude
2023 6581 2071 6648 il,
2090 6581 2131 6636 tt.
2151 6589 2208 6650 seq.
2219 6609 2256 6622 -
2274 6581 2382 6636 interius
2399 6595 2449 6648 pro
2462 6593 2565 6650 puero-

1607 6685 1671 6726 rum
1685 6671 1864 6740 praeconium
1884 6669 2052 6728 laudaticum
2073 6671 2117 6740 (ita
2131 6673 2161 6740 Β)
2180 6671 2231 6726 CD
2247 6683 2401 6740 puerorum
2412 6669 2562 6740 praedicto·

1607 6773 1671 6814 runt
1691 6757 1887 6824 laudationem,
1906 6761 1927 6812 ll
1943 6773 2096 6828 panonnia
2114 6757 2296 6814 laudationem
2316 6759 2345 6814 in
2369 6759 2481 6830 ternanto,
2504 6759 2564 6810 Vat.
2661 6761 2664 6768 ⁴

1607 6861 1757 6916 puerorum
1773 6847 1953 6918 prmconiann
1971 6847 2151 6902 laudantium.
