5908 8266
508 559 573 630 348

507 737 659 824 qualitate
680 733 875 826 audientium
899 733 1029 802 formari
1051 733 1144 802 debet
1160 751 1263 804 sermo
1286 733 1467 816 doctorum,

506 845 588 908 utet
602 859 660 908 sua
674 839 804 926 singulis
821 845 1032 926 congruenter
1044 839 1178 920 tribuat,
1190 845 1223 908 et
1236 847 1342 908 tamen
1356 857 1374 904 a
1388 857 1469 906 com·

354 963 489 1022 exemplum.
506 945 614 1012 munis
636 941 859 1014 aedificationis
881 959 955 1010 arce
978 961 1142 1028 nunquam
1166 943 1291 1010 recedat
1313 969 1345 1008 ».
1368 941 1469 1010 Huius

506 1051 690 1136 exemplum
707 1049 861 1118 habemus
884 1049 917 1114 in
932 1049 1057 1134 loseph,
1082 1049 1137 1136 qui
1160 1049 1200 1114 ad
1222 1049 1467 1142 dispensandum

505 1157 701 1224 frumentum
719 1153 909 1224 constitutus
923 1163 972 1222 est
992 1161 1224 1240 superterram
1246 1151 1390 1238 Aegypti,
1409 1151 1468 1220 Ge·

506 1261 591 1328 nesis
613 1259 853 1346 quadragesimo
874 1259 979 1346 primo
992 1261 1014 1340 ¹,
1038 1259 1070 1324 in
1100 1277 1164 1346 quo
1184 1259 1244 1348 1411Ι
1268 1257 1410 1346 fidelitas
1435 1265 1468 1328 et

502 1367 696 1454 prudentia,
716 1367 901 1434 auctoritas
916 1369 950 1432 et¹
970 1365 1157 1452 uigilantia,
1170 1383 1227 1432 seu
1241 1363 1410 1448 diligentia.
1423 1403 1467 1416 -

357 1487 489 1538 noandum..
506 1475 546 1540 Et
566 1473 642 1560 quia
664 1473 724 1538 ista
744 1471 875 1540 luerunt
898 1471 930 1538 in
954 1469 1068 1538 sanctis
1092 1469 1254 1564 praelatis,
1278 1469 1468 1538 1144114444-

506 1579 623 1664 gelinm
648 1577 731 1646 istud
761 1577 947 1646 decantatur
975 1577 1007 1642 in
1031 1577 1156 1646 landem
1185 1577 1406 1644 confessorum
1435 1583 1468 1642 et

507 1685 711 1762 Pontificum,
734 1683 845 1768 quiin
867 1681 918 1760 his
939 1687 1078 1766 quatuor
1106 1681 1287 1766 praemissis
1308 1697 1468 1748 commen-

506 1787 624 1856 dabiles
649 1787 850 1856 exstiterunt.
873 1823 919 1838 --
941 1787 978 1854 Et
1000 1787 1039 1854 de
1061 1787 1112 1854 his
1136 1793 1274 1874 quatuor
1295 1785 1411 1852 dicitur
1433 1785 1467 1852 in

506 1895 615 1962 Glossa
644 1893 786 1960 Bedae2:
815 1893 947 1976 «Quam
979 1911 1073 1960 rarus
1096 1901 1143 1960 est
1172 1893 1304 1960 Domino
1329 1899 1468 1978 propter

509 2001 687 2066 Dominum
704 1997 867 2078 seruiens,
889 2017 965 2066 4444
986 1999 1102 2066 Christi
1118 2019 1181 2066 non
1198 2001 1237 2066 ad
1253 1999 1395 2078 lucrum,
1412 1997 1467 2066 sed

507 2123 615 2174 amore
637 2105 751 2174 Christi
768 2111 916 2192 pascens!
939 2105 1106 2192 prudens,
1128 2105 1162 2174 in
1183 2105 1294 2174 tuturo
1310 2105 1368 2174 sibi
1393 2123 1467 2192 pro-

506 2213 629 2292 ridens
655 2231 748 2302 quem
766 2211 948 2292 constitnit,
973 2213 1004 2280 id
1028 2219 1091 2294 est,
1107 2231 1202 2298 quam
1223 2231 1331 2292 rarus,
1355 2209 1410 2300 qui
1425 2211 1467 2278 sit

506 2327 644 2388 uocatus
668 2321 771 2388 aDeo
795 2327 958 2408 tanquam
981 2323 1101 2388 Aaron
1115 2326 1149 2388 et
1170 2337 1232 2388 non
1250 2319 1348 2406 magis
1367 2337 1403 2390 se
1417 2319 1467 2386 in-

506 2427 652 2514 gesserit,
675 2435 706 2496 41
730 2427 785 2514 qni
806 2445 870 2494 non
886 2429 997 2514 inopis
1022 2429 1056 2494 44
1076 2435 1197 2514 pascat
1221 2445 1315 2514 quam
1340 2445 1413 2496 ores
1433 2453 1465 2492 4.

368 2549 392 2590 n
407 2547 480 2590 multis
506 2531 594 2600 Unde
615 2539 744 2620 propter
764 2531 926 2620 defectum
948 2533 1118 2618 fidelitatis
1134 2533 1302 2600 Malachiae
1320 2533 1421 2618 primo
1433 2533 1463 2600 3;

355 2599 489 2698 differtui&
510 2639 620 2724 «Quis
643 2646 689 2708 est
707 2657 747 2708 ex
771 2639 876 2718 runis,
902 2639 957 2724 qui
974 2639 1098 2708 claudat
1118 2639 1198 2706 ostia
1215 2657 1284 2706 mea
1305 2645 1338 2706 et
1360 2639 1467 2706 incen-

505 2745 558 2812 dat
581 2747 678 2814 altare
699 2761 813 2822 wmeum
838 2743 1031 2828 gratuitos?
1052 2751 1085 2810 et
1106 2743 1147 2810 ad
1174 2743 1388 2828 Philippenses
1418 2761 1467 2810 se-

506 2851 623 2918 cundo:
647 2849 792 2918 «Omnes
812 2855 972 2934 quaerunt
989 2865 1070 2934 quae
1091 2867 1149 2914 sua
1168 2855 1269 2914 sunt»
1291 2854 1349 2914 etc.
1373 2849 1467 2914 Pauci

506 2957 601 3024 etiam
617 2955 900 3040 suntprndentas:
923 2951 1007 3018 unde
1031 2951 1124 3020 isaiae
1141 2951 1291 3036 vigesimo
1313 2951 1465 3038 quarto¹:

511 3087 528 3122 n
551 3061 638 3128 Sicut
668 3059 822 3146 populus,
854 3059 899 3124 sic
927 3059 1073 3124 sacerdos
1097 3083 1131 3138 »3
1165 3065 1195 3124 et
1226 3057 1304 3124 0444
1333 3065 1464 3144 quarto:

510 3167 622 3250 «Quia
646 3173 680 3232 tu
697 3163 858 3232 scientiam
878 3163 1038 3248 repulisti,
1059 3163 1209 3248 repellam
1229 3169 1260 3230 et
1283 3179 1341 3248 ego
1364 3171 1410 3242 to,
1424 3181 1466 3230 ne

505 3271 679 3340 sacerdotio
701 3269 844 3354 iungaris
866 3267 943 3334 mihi
962 3295 991 3332 4.
1017 3269 1110 3336 Ρ44441
1128 3269 1223 3336 ctiam
1245 3273 1321 3336 sunt
1345 3267 1467 3336 divini-

506 3385 561 3444 tus
585 3373 771 3452 comedumt,-
794 3373 863 3442 ideo
886 3371 1002 3440 dicitur
1026 3373 1104 3440 Osee
1127 3373 1278 3440 octaro⁵:
1306 3375 1467 3460 «1444144-

505 3487 699 3570 gnaverunt,
725 3489 755 3548 et
780 3497 841 3546 non
864 3497 907 3548 ex
929 3497 981 3548 me
995 3507 1027 3546 4.
1051 3479 1145 3548 Pauci
1161 3479 1303 3548 similiter
1328 3481 1468 3548 utilitati

503 3589 616 3676 propia
647 3587 787 3666 intenti:
815 3585 900 3654 unde
935 3587 1104 3654 Ezechielis
1138 3587 1298 3672 trigesimo
1334 3591 1464 3674 quarto:

414 3681 415 3684 ’
511 3719 528 3754 «
549 3693 610 3760 Vae
640 3691 819 3778 pastoribus
851 3691 962 3758 israeli
986 3691 1041 3778 qui
1073 3693 1240 3778 pascebant
1273 3693 1464 3780 semetipsos.

504 3801 612 3868 Nonne
634 3815 744 3884 greges
767 3817 787 3864 a
808 3797 987 3884 pastoribus
1010 3803 1185 3884 pascuntur
1201 3825 1218 3858 4
1245 3805 1303 3866 etc.
1330 3799 1466 3866 164441-

475 3965 476 3968 ,
504 3911 636 3992 guanter
660 3905 765 3972 dicens
782 3899 970 3988 praemittit:
995 3903 1078 3986 Quis
1097 3903 1223 3990 putas?
1238 3911 1368 3990 propter
1385 3905 1470 3970 rari-·

505 4017 602 4078 tatem
623 4017 656 4078 et
677 4010 894 4078 difficultatem
917 4017 948 4076 41
965 4009 1206 4096 pretiositatem,
1230 4029 1294 4096 qua
1307 4011 1386 4078 tales
1409 4029 1467 4076 ex-

506 4119 623 4186 cellunt
647 4119 678 4184 in
703 4117 922 4204 praerogativa
942 4117 1058 4185 meriti.

506 4277 522 4296 .
596 4223 647 4314 63.
672 4223 773 4310 (Vers.
798 4223 876 4306 43.)
890 4223 1044 4290 ¹Secundo
1070 4229 1227 4310 qnantum
1252 4225 1293 4292 ad
1318 4223 1467 4310 praecel-

367 4343 474 4442 seqndo.
506 4329 641 4398 lentiam
662 4327 808 4416 praemii
830 4329 954 4396 subdit:
978 4331 1103 4396 Beatus
1125 4329 1178 4396 1114
1200 4349 1337 4410 ceruus,
1353 4349 1466 4418 quent,

348 4407 494 4498 Uituli*
506 4455 585 4504 eunt
600 4435 723 4504 uenerit
737 4433 909 4514 dominus,
925 4435 1086 4502 inuenerit
1104 4433 1154 4502 ita
1178 4433 1370 4524 facientem:
1394 4439 1468 4504 llat-

506 4543 590 4610 thaei
613 4541 762 4630 vigesimo
785 4541 938 4628 quintoi:
968 4543 1100 4628 «Euge,
1124 4561 1216 4610 serre
1235 4543 1317 4610 bone
1338 4551 1368 4610 et
1391 4543 1469 4610 iide-

504 4649 544 4718 lis
560 4675 576 4708 »
605 4655 663 4716 414.
686 4649 741 4716 ltu
761 4643 953 4734 facientem,
979 4647 1009 4714 id
1035 4652 1083 4716 441
1111 4647 1264 4734 fideliter,
1286 4649 1468 4736 prudenter

505 4765 538 4826 et
556 4757 744 4844 vigilanter,
770 4755 943 4824 secundum
968 4755 1046 4824 illud
1068 4755 1189 4842 primae
1206 4757 1288 4824 Petri
1310 4757 1466 4842 quartnl:

511 4863 765 4950 «Unusquisque
793 4859 873 4928 sieut
896 4861 1016 4948 accepit
1043 4863 1190 4946 gratiam,
1215 4863 1247 4928 in
1276 4863 1467 4930 alterutrum

445 4967 447 4972 ’
504 4969 592 5038 illam
614 4969 885 5048 administrantes,
911 4967 992 5034 sicut
1015 4967 1087 5036 boni
1104 4967 1337 5054 dispensatores
1358 4967 1466 5036 multi-

504 5075 617 5142 formis
638 5075 757 5160 gratiae
781 5073 836 5138 Dei
852 5099 882 5138 ».
910 5071 944 5138 Et
968 5073 1228 5156 chrysostomus:
1258 5099 1275 5130 «
1290 5071 1369 5138 llaec
1385 5071 1468 5138 dicta

578 5527 587 5558 ¹
607 5531 683 5582 llers.
702 5531 745 5582 37.
763 5543 839 5594 seqq.

577 5615 588 5648 ²
608 5621 696 5672 Glossa
710 5623 747 5672 est
760 5615 912 5672 ordinaria.
924 5617 1041 5670 Glossam
1055 5619 1135 5680 hanc,
1149 5629 1218 5684 qrrae
1230 5615 1353 5672 tribuitur
1365 5615 1466 5680 Redde,

506 5711 534 5766 S.
554 5707 648 5760 Thom.
669 5705 733 5772 (Cat.
751 5717 831 5756 aurea
848 5705 1067 5758 1411141114444.
1084 5703 1135 5772 13.)
1150 5705 1224 5756 411441
1235 5703 1342 5756 nomine
1355 5703 1467 5758 Glossae

506 5795 619 5864 (absque
636 5793 750 5846 auctoris
768 5791 900 5860 nomine),
914 5797 938 5846 et
950 5789 1033 5846 verba
1045 5791 1128 5858 ipsius
1141 5807 1157 5844 a
1169 5793 1287 5846 Gerrano
1299 5791 1326 5844 in
1340 5795 1401 5846 Luc
1418 5793 1465 5858 14,

428 5943 434 5954 ,
471 5873 474 5880 ’
506 5885 550 5942 44.
568 5883 744 5936 attribuuntur
761 5879 933 5954 Hieronymo.
952 5883 981 5934 ln
997 5881 1056 5948 ipsa
1074 5881 1202 5948 allegatur
1220 5879 1299 5934 Hebr.
1317 5879 1350 5946 5,
1369 5879 1395 5934 4.

578 5969 681 6026 811444.
702 5973 749 6036 16,
769 5977 828 6038 post
848 5987 927 6040 quem
946 5971 1011 6026 Phil.
1031 5975 1061 6034 4,
1081 5975 1124 6026 41.

497 6085 498 6090 1
576 6059 590 6090 ⁴
608 6063 683 6116 Vens.
701 6065 734 6124 4,
751 6065 778 6112 41
795 6059 890 6114 deinde
909 6059 976 6114 0444
994 6059 1025 6124 4,
1043 6061 1068 6112 6.

576 6149 589 6182 ⁵
609 6151 682 6204 Vers.
701 6149 727 6202 4.
743 6175 781 6188 -
799 6149 921 6216 Sequitur
938 6149 1032 6202 Enoch.
1050 6149 1098 6218 34,
1118 6151 1143 6204 4.
1163 6163 1219 6218 seq·

576 6235 589 6266 ⁰
608 6239 682 6294 11444.
700 6239 743 6290 41.
760 6263 798 6278 -
815 6239 942 6302 Superius
961 6251 1009 6304 pro
1025 6237 1246 6308 praecellentiam
1265 6239 1321 6290 AD
1335 6233 1467 6308 praeemi-

504 6325 643 6394 nentianr,·
663 6329 709 6380 oh.
728 6339 807 6392 supra
827 6339 888 6392 pag.
909 6323 975 6392 347,
993 6333 1054 6380 nota
1073 6329 1098 6380 8.

420 6401 421 6404 ¹
576 6413 588 6444 ⁷
609 6417 681 6470 11444.
701 6415 744 6468 tn.
762 6443 798 6454 -
816 6413 947 6466 Sententia
961 6413 1096 6482 Chrysost.
1107 6413 1220 6468 habetur
1232 6415 1321 6468 homil.
1334 6415 1377 6470 77.
1392 6413 1468 6484 (41144

505 6507 561 6576 44.)
580 6505 606 6558 ni
623 6505 712 6556 44444.
729 6517 753 6556 n.
773 6503 799 6554 a.

577 6587 642 6646 ⁸lta
662 6591 738 6644 etiam
757 6591 828 6644 Bada
848 6597 872 6644 et
890 6591 968 6644 Card.
986 6593 1077 6656 tingo,
1097 6593 1209 6658 Vulgata
1229 6589 1465 6660 quoniumaupra.

505 6713 543 6728 --
561 6681 678 6734 Subinde
704 6683 850 6744 allegantur
875 6679 967 6732 Glossa
993 6677 1176 6734 interlinearis
1203 6685 1230 6734 41
1253 6677 1398 6734 ordinaria
1424 6677 1467 6744 (ex

505 6767 598 6834 Beda).
619 6769 675 6822 441.
683 6753 693 6830 ,’
710 6771 777 6820 hanc
796 6765 1220 6832 44414411444114414441141144444,
1238 6781 1290 6822 non
1301 6767 1383 6820 verba
1397 6767 1468 6818 Glos-

506 6871 565 6920 sae,
587 6855 632 6908 sed
651 6855 735 6922 ipsius
753 6855 840 6908 Bedae
858 6857 939 6908 alleri.
1393 6865 1395 6870 ’

1097 557 1291 628 donnana.
1315 561 1353 626 IN
1376 559 1614 626 urinantium
1640 559 1767 626 tuctu.
1781 557 1813 624 d.
1838 557 1899 624 llll.

1531 741 1604 802 sunt
1627 735 1665 802 de
1689 751 1833 804 sermone
1854 741 1888 800 et
1908 733 2043 818 rirtute,
2069 735 2106 802 de
2130 733 2271 820 pecuniis
2292 735 2327 798 et
2340 731 2380 800 de
2402 731 2486 798 omni

1530 839 1777 926 dispensatione,
1799 857 1883 926 qnae
1904 839 2265 930 unicuiqueconrmissa
2286 845 2343 906 est.
2369 839 2487 906 Unum-

1531 963 1689 1030 quemque
1713 947 1795 1012 enim
1819 945 1857 1014 ad
1881 961 2082 1012 communem
2101 945 2271 1014 utilitatem
2291 945 2339 1012 uti
2363 947 2488 1030 oportet

1531 1049 1685 1134 hisquae
1710 1049 1822 1130 habet,
1845 1049 2092 1135 4144444144114,
2115 1049 2181 1118 4144
2204 1049 2397 1136 principatu,
2420 1047 2487 1116 4144

1530 1153 1660 1232 divitiis,
1682 1171 1746 1220 non
1770 1153 1808 1220 ad
1832 1161 2056 1222 nocmnentum
2081 1171 2306 1224 conservorum
2322 1181 2352 1220 4.

1619 1259 1670 1326 64.
1698 1259 1797 1344 (Vers.
1828 1261 1905 1346 44.).
1926 1259 2025 1330 Huius
2048 1265 2153 1330 autam
2177 1261 2252 1328 usui
2273 1259 2394 1346 gratiae
2414 1259 2487 1328 red·
2507 1279 2559 1324 un
2575 1279 2640 1324 nona·

1531 1367 1616 1434 ditur
1636 1361 1803 1452 perfertur
1827 1365 1962 1454 14444144
1982 1367 2127 1454 gloriae,
2151 1373 2306 1454 qnantum
2330 1367 2368 1432 ad
2391 1385 2485 1452 quam
2500 1343 2644 1448 1111111111

1532 1471 1651 1540 subdit:
1680 1471 1760 1538 Vere
1781 1471 1854 1538 dico
1878 1471 2225 1562 44141444414444444·ὓ
2250 1471 2380 1552 4444414,
2402 1493 2488 1560 qnae
2527 1439 2617 1494 ³¹⁰'¹²⁰'

1529 1577 1690 1664 possidet,
1721 1577 1895 1646 constituet
1923 1579 2040 1658 11144444,
2076 1599 2211 1666 isuper
2233 1577 2378 1648 caelestis
2399 1581 2487 1664 regni

1532 1681 1644 1768 gandia
1658 1709 1691 1762 1,
1712 1701 1806 1748 «non
1831 1689 1866 1750 ut
1883 1685 1957 1764 soli,
1980 1685 2035 1752 sed
2058 1691 2094 1752 ut
2116 1703 2194 1772 prae
2216 1685 2330 1754 ceteris
2351 1685 2489 1752 habeant

1531 1787 1645 1874 gaudia
1665 1795 1794 1856 aeterna
1825 1795 1893 1857 tum
1921 1807 1980 1874 pro
2013 1807 2072 1856 sua
2099 1791 2177 1872 vita,
2203 1799 2271 1858 tum
2302 1809 2360 1876 pro
2385 1793 2489 1878 gregis

1531 1895 1671 1962 custodia
1685 1921 1718 1962 4.
1741 1893 1830 1964 Unde
1850 1895 1971 1980 primae
2000 1895 2081 1962 Petri
2103 1895 2260 1980 quintoit
2288 1921 2305 1952 o
2327 1895 2487 1976 Seniores,

1530 2001 1647 2088 pascite
1669 2003 1725 2088 qui
1747 2003 1780 2070 in
1802 2001 1893 2070 vobis
1914 2006 1963 2070 est
1981 2019 2106 2088 gregem
2123 2001 2178 2070 Uei
2196 2029 2226 2068 »,
2249 2027 2265 2060 «
2279 2001 2316 2068 Et
2338 2019 2409 2066 cum
2434 2020 2502 2089 ap.

1530 2109 1671 2194 paruerit
1694 2109 1840 2196 princeps
1869 2115 2046 2194 pastorum,
2071 2107 2249 2194 percipietis
2278 2105 2489 2178 immarcesci-

1530 2213 1622 2282 bilem
1636 2215 1752 2300 gioriae
1766 2233 1912 2284 coronam
1924 2243 1956 2282 4.
1970 2213 2055 2282 Unde
2068 2215 2310 2302 chrysostomus
2320 2213 2358 2278 ¹⁰:
2378 2237 2394 2270 «
2407 2213 2488 2282 Bene
2508 2231 2638 2278 nonarum.

1530 2329 1642 2410 agente
1663 2322 1797 2408 populo,
1822 2321 2041 2410 unusquisque
2066 2341 2124 2410 pro
2147 2341 2205 2390 suo
2225 2321 2309 2390 bono
2339 2339 2487 2390 remune-

1531 2437 1620 2498 ratur
1633 2453 1643 2510 ;
1673 2429 1818 2498 sacerdos
1848 2437 1956 2498 autem
1985 2447 2044 2516 pro
2072 2429 2167 2496 bonis
2199 2427 2340 2498 omnium
2360 2451 2399 2508 »3
2422 2429 2487 2512 pri-

1530 2553 1600 2602 mae
1630 2535 1668 2602 ad
1693 2533 1983 2602 Thessalonicenses
2015 2533 2166 2600 secundo:
2198 2535 2316 2618 «Quae
2338 2539 2385 2600 est
2416 2549 2488 2622 spes

1530 2657 1617 2720 mea,
1642 2645 1698 2708 aut
1720 2639 1886 2726 gandium,
1908 2647 1965 2706 aut
1986 2657 2101 2706 corona
2130 2639 2271 2724 gloriae?
2292 2639 2400 2704 Nonne
2432 2657 2488 2706 vos

1530 2749 1602 2810 ante
1625 2745 1793 2810 Dominum
1814 2749 1959 2810 nostrum
1980 2741 2085 2810 lesum
2099 2741 2259 2810 Christum
2283 2741 2358 2808 estis
2382 2741 2412 2806 in
2435 2743 2487 2810 ad·
2548 2801 2549 2804 ,

1532 2857 1627 2916 ventu
1652 2849 1778 2916 4144441
1854 2927 1855 2930 ¹

1619 2957 1671 3020 66.
1697 2955 1797 3040 (Vers.
1822 2955 1900 3036 41.)
1926 2953 2052 3038 Quodsi
2075 2953 2484 3024 4114441144444441114414.
2524 2975 2627 3032 arguam

1531 3063 1698 3146 Postquam
1727 3059 1956 3128 commendarit
1985 3061 2198 3146 praelatorum
2232 3059 2424 3146 vigilantiam
2456 3031 2645 3146 41111111411111

1530 3167 1756 3252 providentiam
1771 3185 1827 3234 seu
1839 3185 1965 3248 curam,
1976 3167 2029 3234 hic
2040 3167 2209 3254 vituperat
2222 3165 2430 3234 insudantium
2445 3171 2487 3248 1¹,·
2516 3135 2639 3190 mmm*

1530 3263 1614 3358 quod
1634 3271 1760 3358 quidem
1780 3271 1852 3338 iacit
1875 3275 2046 3358 arguendo
2067 3273 2292 3338 enormitatem
2312 3273 2442 3358 peccati
2456 3283 2486 3344 et

1530 3377 1762 3446 comininando
1784 3377 1986 3446 seueritatem
2011 3377 2138 3446 iudicii.

1618 3485 1722 3550 Primo
1744 3483 1842 3570 igitur
1868 3491 2023 3572 qnantum
2045 3485 2085 3552 ad
2114 3485 2310 3570 argutionem
2342 3485 2485 3554 enormi-
2496 3503 2652 3558 44444144

1531 3589 1608 3656 tatia
1635 3589 1764 3674 peceati
1791 3589 1884 3656 dicit:
1911 3589 2037 3674 Quodsi
2067 3589 2190 3656 dicerit
2218 3607 2337 3656 aeruna
2366 3589 2418 3656 1114
2450 3593 2485 3660 in
2512 3563 2632 3614 ‘matum‘

1531 3695 1627 3764 eorde
1658 3715 1738 3764 suo:
1763 3695 1894 3764 Moruni
1922 3693 2009 3782 fucit
2030 3695 2184 3764 dontinus
2208 3715 2299 3764 444444
2325 3697 2481 3766 venire12.

1531 3801 1655 3870 Glossa:
1684 3829 1701 3862 «
1717 3803 1864 3884 Euchira,
1891 3803 1914 3872 si
1931 3803 2175 3872 dissimulaverit
2199 3801 2348 3872 indicium
2364 3803 2397 3868 in
2413 3821 2486 3888 pro-

1531 3909 1616 3976 ximo
1649 3915 1837 3990 venturum,
1868 3911 2068 3978 securitatem
2092 3909 2150 3978 sibi
2180 3907 2414 3996 promittens»,
2440 3929 2487 3978 sa-

1531 4013 1669 4082 cundnm
1693 4013 1773 4082 illud
1793 4015 1964 4082 Ezechielis
1978 4013 2175 4082 duodecimo:
2207 4013 2328 4098 «Quod
2350 4021 2399 4082 est
2413 4033 2487 4100 prn-

1531 4121 1674 4186 rerbium
1701 4121 1731 4188 in
1756 4126 1842 4188 terra
1863 4119 1958 4188 lsrael
1979 4119 2167 4186 dicentium:
2194 4121 2225 4188 ln
2249 4121 2377 4206 longum
2400 4121 2487 4188 411114-

1531 4232 1643 4293 rentur
1669 4225 1753 4306 dies,
1778 4231 1807 4294 et
1838 4225 1954 4312 peribit
1982 4225 2085 4292 omnis
2106 4227 2184 4294 visio
2208 4233 2247 4292 u?
2271 4231 2302 4292 ct
2333 4227 2487 4296 secundae

1531 4331 1611 4400 Petri
1629 4331 1722 4400 tertio
1734 4331 1777 4398 13:
1798 4357 1815 4392 4
1831 4331 1962 4400 Venient
1976 4331 2136 4412 illusores,
2152 4331 2244 4398 iuxta
2255 4331 2399 4418 proprias
2414 4349 2487 4400 con-

1532 4437 1737 4522 cupiscentias
1760 4437 1974 4518 ambulantes,
1996 4439 2151 4506 dicentes:
2171 4437 2229 4506 Ubi
2252 4441 2298 4502 cst
2324 4435 2487 4520 promissio

1532 4549 1588 4610 aut
1607 4543 1763 4612 adrentus
1785 4543 1872 4612 ainsi
1898 4543 2024 4628 Exque
2045 4543 2129 4610 enim
2145 4549 2250 4628 patres
2273 4541 2486 4624 dormierunt,

1532 4649 1635 4718 omnia
1658 4649 1703 4718 sic
1724 4655 1927 4736 perseverant
1959 4651 1998 4718 ab
2022 4649 2109 4716 initio
2143 4655 2351 4718 creaturae».
2384 4687 2422 4700 -
2453 4651 2489 4718 Et

1532 4757 1677 4842 quoniam
1704 4757 1775 4826 talis
1796 4757 1941 4844 cogitatio
1964 4755 2046 4842 parit
2073 4755 2290 4836 securitatem,
2315 4757 2488 4824 41444441-

1532 4869 1579 4928 tas
1609 4869 1843 4946 contemptum,
1874 4869 1906 4930 et
1936 4867 2133 4946 contemptus
2166 4861 2387 4946 iniquitatem3
2417 4863 2487 4930 iden

1532 4969 1656 5036 subdit:
1680 4967 2250 5054 4144444411444444414444444444414
2273 4973 2301 5032 et
2325 4967 2485 5048 ancillas,

1533 5071 1651 5138 scilicet
1671 5071 1821 5156 parvulos
1851 5069 2103 5150 scandalizando,
2129 5087 2201 5138 cum
2224 5077 2330 5138 tamen
2358 5071 2488 5139 deberet

1600 5525 1611 5556 ⁹
1630 5529 1706 5582 Vers.
1725 5529 1749 5580 4.
1770 5531 1794 5580 41
1814 5527 1845 5592 4,
1862 5525 1910 5580 uhi
1928 5543 1977 5594 pro
1991 5529 2028 5584 Et
2043 5539 2106 5582 cnm
2124 5525 2237 5582 ACDG
2258 5527 2488 5594 4144444144)-

1530 5617 1592 5670 inde
1609 5631 1658 5684 pro
1671 5615 1824 5686 percipietis
1844 5617 1864 5670 b
1883 5631 1899 5670 4
1916 5619 2034 5672 secunda
2057 5633 2137 5672 mann
2158 5615 2316 5686 percipiatis
2339 5615 2369 5684 (C
2391 5615 2487 5670 dubiae

1530 5705 1666 5774 lectionis).

1601 5791 1622 5824 ¹⁰
1641 5795 1735 5846 Homii.
1754 5797 1798 5848 51.
1817 5797 1845 5848 iu
1862 5797 1950 5848 blatth.
1970 5795 2018 5864 44,
2036 5795 2079 5848 45.
2094 5795 2153 5864 (Op.
2165 5793 2332 5862 imperfect).
2349 5825 2386 5834 -
2399 5795 2488 5864 Sequi·

1530 5889 1571 5936 tur
1589 5885 1606 5936 1.
1625 5885 1719 5938 Thess.
1737 5887 1768 5948 4,
1788 5885 1832 5938 19.

1601 5969 1621 6002 ¹¹
1642 5973 1694 6026 Clr.
1707 5987 1787 6038 snpra
1798 5989 1824 6026 n.
1839 5975 1881 6026 611.
1893 6001 1927 6014 -
1942 5973 2058 6026 Subinde
2071 5979 2131 6040 post
2142 5971 2208 6044 facit
2219 5975 2237 6026 E
2250 5971 2325 6026 addit
2336 5969 2488 6042 inplicita.

1601 6057 1622 6090 ¹¹
1642 6059 1725 6116 Codd.
1742 6061 1826 6116 aab
1844 6063 1967 6116 omittunt
1982 6059 2085 6116 uenire.
2096 6089 2132 6102 -
2144 6061 2268 6128 Sequitur
2285 6059 2375 6112 Glossa
2389 6059 2487 6114 interli-

1529 6147 1619 6202 4444414
1625 6167 1638 6216 ,·
1657 6153 1704 6204 eir.
1722 6151 1841 6218 Hieron,
1858 6151 1902 6204 14.
1919 6149 2066 6204 Comment.
2086 6151 2111 6204 in
2130 6151 2217 6204 blatth
2236 6147 2285 6212 44,
2300 6145 2342 6200 48.
2355 6161 2426 6214 seq,
2441 6145 2487 6200 ubi

1531 6235 1608 6290 etiam
1625 6239 1734 6290 adducit
1751 6239 1844 6290 Erech.
1862 6239 1911 6304 14,
1930 6239 1974 6290 44.
1991 6237 2100 6294 interius
2118 6239 2268 6302 allegatum.

1601 6323 1623 6356 ¹³
1644 6329 1719 6380 Vers.
1737 6329 1763 6380 3.
1783 6331 1807 6378 et
1827 6325 1851 6380 4.
2156 6333 2157 6336 ’

1601 6411 1624 6444 ¹¹
1642 6417 1676 6470 lta
1696 6415 1781 6478 Beda,
1798 6413 1876 6468 Carti.
1895 6417 1986 6482 Engo,
2005 6417 2034 6470 B.
2051 6415 2163 6480 albert,
2175 6415 2203 6466 S.
2217 6413 2312 6464 Thom.
2330 6407 2394 6476 (Cat
2407 6425 2487 6464 aurea

1530 6503 1556 6554 in
1575 6505 1637 6558 Luc.
1657 6505 1698 6556 14.
1718 6519 1743 6556 n.
1765 6501 1832 6570 11.),
1849 6505 1981 6556 Gorranns
1999 6509 2026 6556 et
2043 6503 2172 6568 Lyranus3
2193 6500 2304 6566 Vulgata
2324 6501 2488 6554 41114144·-

1529 6605 1586 6646 cos.
1603 6621 1640 6632 -
1657 6593 1746 6646 Glossa
1766 6589 1947 6646 interlinearis
1966 6591 2025 6658 (etr.
2042 6589 2137 6656 1146414
2156 6589 2192 6644 Et
2207 6587 2324 6658 coeperit
2330 6591 2487 6658 percutere,

1531 6677 1562 6732 ad
1583 6679 1646 6732 vitia
1664 6681 1784 6744 incitare,
1802 6679 1845 6734 441
1862 6679 2034 6734 conscientias
2051 6679 2216 6730 infirmorum
2234 6691 2319 6744 pravo
2343 6677 2426 6730 verbo
2446 6679 2487 6728 rel

1530 6767 1650 6832 exemplo
1668 6767 1779 6830 tanturm
1793 6779 1896 6834 pueros
1913 6767 1938 6818 et
1957 6765 2087 6832 ancilias,
2108 6779 2223 6832 qnorum
2249 6769 2321 6820 aetas
2344 6767 2386 6818 441
2410 6777 2489 6818 sexus

1530 6859 1626 6920 quanto
1647 6855 1927 6920 1411444144,14414,441
1946 6855 2100 6908 adruinum
2119 6853 2223 6908 facilior.
