5908 8266
805 603 870 658 aas
1185 515 1225 580 44
1247 509 1540 578 connumeratos
1562 513 1593 578 4.
1616 471 1842 584 scelerosae
2166 601 2231 654 nn
2447 513 2509 578 444

573 719 611 728 -
627 689 677 742 Per
693 691 896 756 hospitalitatem
923 691 1056 746 Zachaeus
1082 689 1164 742 salva-
1251 687 1839 748 -1444444444414444114444444444444444-
1876 719 1909 728 -
1927 691 2044 744 Humiles
2063 689 2323 756 recipiuntpluviam
2336 689 2515 756 compunctio·

521 777 1062 852 1444444114753-1441444444144
1091 783 1162 830 esta
1199 777 1265 830 ratio
1292 777 1408 830 melioris
1433 775 1548 830 411454
1580 777 1611 830 48
1640 803 1674 818 ι-
1705 777 1839 844 Scriptura
1874 779 1916 830 nis
1936 777 1986 830 304
2009 779 2040 830 14
2058 801 2097 816 -ι
2112 777 2280 842 spiritualiter
2307 779 2400 842 sepelit
2426 783 2453 830 et
2474 791 2514 830 re·

522 865 646 920 Sodomis
677 879 726 932 per
753 869 867 938 Angelos
899 865 1012 932 bospitio
1043 871 1164 930 receptos
1199 867 1350 932 praetendit
1366 865 1539 920 humilitatem
1558 865 1594 920 41
1612 865 1642 918 41
1664 879 1691 920 v.
1712 867 1776 920 4·-
1793 879 1840 918 44-
1875 863 1966 918 candit
1982 865 2034 918 530
2054 865 2088 916 43

522 953 586 1010 ibid.
612 983 648 992 -
675 955 765 1010 4141444
790 953 931 1008 sunamitis
959 965 1006 1020 per
1035 953 1164 1016 Ellseum,
1198 953 1282 1008 nitatis
1298 955 1325 1008 in
1344 955 1475 1010 intellectu
1497 961 1530 1008 et
1554 953 1668 1008 caritatis
1694 955 1720 1006 in
1743 955 1839 1008 allecto
1927 951 2511 1018 -4144441414444404444141444441443444

522 1055 604 1110 quiem
623 1043 737 1108 hospitio
764 1043 878 1108 recepit,
898 1041 989 1094 hahuit
1006 1041 1118 1106 prolem,
1138 1047 1164 1094 et
1199 1048 1238 1094 est
1255 1043 1333 1098 uobis
1350 1043 1497 1098 necessaria
1517 1043 1559 1098 411
1581 1041 1631 1096 457
1657 1043 1839 1096 46-114144
1876 1039 1922 1094 551
1958 1039 1989 1094 40
2015 1067 2049 1082 -
2078 1043 2209 1094 perrenae
2235 1041 2374 1094 humilitati
2402 1041 2514 1094 debetur

523 1131 701 1184 3144444444
722 1137 806 1184 morte
834 1129 974 1184 suscitatus
990 1135 1031 1182 est
1047 1127 1107 1184 40444.
1126 1157 1164 1166 -
1200 1131 1299 1196 accepti
1328 1129 1427 1196 obligat
1455 1133 1488 1184 ad
1513 1131 1607 1184 mentis
1631 1131 1839 1184 humiliationem
1876 1127 1971 1182 solium
1991 1127 2097 1182 honoris
2115 1129 2166 1182 554
2189 1127 2221 1178 40
2238 1155 2276 1170 ·-
2293 1127 2343 1196 Qui
2361 1143 2409 1194 per
2428 1129 2514 1182 hnmi-

523 1217 964 1292 1114144434444444444444414444
990 1217 1071 1268 Ellam
1098 1217 1164 1282 peri·
1200 1221 1233 1274 41
1245 1217 1374 1272 5397-
1388 1219 1523 1274 Debemus
1535 1233 1593 1274 esse
1604 1221 1749 1274 hnmilitate
1763 1219 1840 1286 parvi
1876 1217 1974 1270 litatem
1993 1217 2100 1270 vincunt
2122 1215 2264 1280 superbiae
2276 1217 2370 1270 tastum
2385 1217 2515 1270 sedebunt

524 1295 613 1360 cultim
631 1307 710 1358 lamis
728 1307 810 1358 evasit
829 1301 892 1360 ibid.
910 1305 1008 1370 —Qui
1023 1305 1164 1372 hospitales
1200 1307 1251 1362 553
1273 1309 1282 1360 1
1304 1335 1342 1350 ·-
1358 1309 1445 1362 Homo
1464 1307 1542 1364 dehet
1571 1323 1674 1374 semper
1702 1309 1726 1360 14
1745 1323 1775 1362 44
1792 1309 1839 1360 144-
1877 1307 1902 1358 44
1920 1307 2089 1358 4144444444
2102 1305 2177 1358 Patre
2190 1301 2253 1358 ibid.
2267 1331 2302 1346 -·
2321 1307 2515 1358 Humilesexal·

526 1395 628 1448 luerunt
647 1393 765 1446 divinam
785 1395 897 1458 gratiam
916 1391 1003 1460 adepti
1023 1401 1083 1448 sunt
1101 1391 1164 1448 4444.
1201 1397 1272 1449 milia
1289 1411 1478 1462 recognoscere
1495 1403 1523 1468 et
1535 1397 1623 1450 dicere
1637 1397 1758 1462 exemplo
1770 1395 1840 1450 Chri·
1877 1399 1963 1448 tantm
1979 1393 2016 1448 73
2034 1395 2077 1448 14,
2096 1391 2132 1446 94
2151 1393 2230 1446 43-
2244 1393 2354 1448 Hhmilis
2367 1397 2514 1460 praefertur

577 1509 613 1520 —
632 1481 737 1534 41444144
755 1481 864 1546 hospitii
881 1483 1164 1550 altestaturimpatien·
1200 1485 1230 1536 sti
1250 1487 1300 1538 468
1323 1485 1650 1550 tua-aragnapropter
1666 1485 1838 1540 humilitatem
1876 1481 1991 1548 superbo
2012 1481 2116 1536 45745

524 1571 575 1622 tiae
595 1569 636 1622 llll
658 1571 708 1622 443
728 1569 743 1620 8
1200 1573 1303 1626 anobis
1322 1585 1462 1628 removere
1473 1571 1602 1628 debemus
1616 1575 1645 1628 14
1663 1589 1692 1628 r.
1704 1577 1719 1628 4
1731 1603 1769 1612 -
1781 1575 1839 1628 Pro·
1929 1601 1965 1610 -
1981 1571 2052 1624 Deus
2064 1571 2191 1638 plantavit
2204 1571 2315 1626 humiles
2327 1571 2370 1624 411
2385 1571 2415 1624 33
2432 1571 2465 1624 97
2477 1599 2514 1610 -

489 1655 490 1658 ’
578 1657 687 1710 Hasrnn
724 1685 760 1694 -
794 1657 950 1714 dicebantur
985 1667 1092 1714 sanctae
1126 1661 1161 1714 41
1202 1667 1259 1728 pter
1286 1661 1458 1714 humilitatem
1480 1675 1532 1716 non
1550 1667 1591 1714 est
1607 1663 1778 1730 relinquenda
1796 1677 1841 1716 ve·
1877 1661 1947 1712 Dens
1965 1665 2043 1712 tentat
2064 1661 2256 1724 inperfectum,
2273 1667 2303 1712 44
2321 1659 2512 1726 probatussihi

526 1745 576 1796 473
597 1745 625 1796 34
1201 1751 1263 1802 44444
1282 1749 1334 1802 370
1351 1747 1387 1802 73
1400 1777 1434 1790 -
1447 1751 1532 1802 Homo
1550 1749 1630 1804 debet
1649 1751 1715 1804 mori
1733 1765 1782 1816 per
1793 1753 1842 1804 hu·
1877 1747 1925 1814 ipsi
1946 1749 2089 1802 innotescat
2105 1749 2142 1802 ad
2163 1747 2319 1802 humilitatis
2336 1747 2458 1802 meritum
2478 1749 2512 1802 Vl

578 1835 670 1888 Husurs
686 1861 724 1874 -
740 1835 802 1902 Agit
820 1837 944 1892 hostiliter
968 1839 1014 1904 qui
1042 1837 1164 1904 spiritum
1202 1837 1335 1890 militatem
1354 1837 1623 1890 44444444144444530
1639 1839 1668 1892 43
1685 1841 1779 1892 -Per
1795 1841 1841 1892 hu·
1877 1835 1929 1888 340
1951 1835 2094 1904 ti-Qni
2105 1835 2142 1890 ad
2153 1839 2310 1892 memoriam
2325 1835 2425 1890 reducit
2439 1849 2515 1890 suam

427 1921 428 1924 ’
524 1921 596 1976 ritae
613 1923 639 1976 in
660 1927 730 1976 tonte
747 1925 837 1978 cordis
854 1927 993 1992 exstinguit
1015 1925 1056 1978 411
1077 1923 1164 1976 4464
1203 1925 1335 1976 militatem
1346 1923 1543 1990 quilibetdehet
1552 1923 1626 1977 alteri
1636 1925 1728 1978 subiici
1745 1925 1794 1978 443
1806 1925 1840 1978 45
1879 1925 2041 1988 fragilitatem
2056 1931 2087 1976 -et
2104 1925 2268 1992 iniquitatem
2287 1939 2318 1978 se
2335 1925 2453 1980 humiliat
2470 1925 2514 1978 Vll

525 2037 559 2050 -
579 2013 661 2066 nostri
678 2019 738 2064 sunt
756 2011 894 2078 diabolus,
913 2013 1118 2078 caro‚mundus
1132 2013 1164 2066 41
1253 2039 1289 2048 -
1306 2009 1401 2064 Christi
1412 2011 1556 2066 humiliatio
1570 2013 1697 2064 illuminat
1709 2013 1741 2066 ad
1756 2013 1841 2066 homi·
1879 2011 1929 2062 333
1952 2009 1981 2062 43
2003 2039 2036 2050 -
2052 2013 2198 2066 intellectus
2214 2015 2365 2068 humiliatur
2384 2015 2515 2066 credendo

527 2099 577 2152 175
598 2115 623 2152 4.
644 2099 1165 2164 li-Hostesriucereuonpossumus
1201 2099 1297 2150 litatem
1317 2099 1350 2152 41
1377 2099 1422 2150 301
1455 2099 1485 2150 83
1508 2099 1564 2166 (84)
1584 2129 1618 2136 -
1643 2099 1735 2152 Christi
1765 2099 1842 2154 docet
1878 2085 2068 2162 seincapacem
2081 2099 2115 2150 ad
2129 2101 2216 2152 omnia
2228 2103 2364 2154 sciendum
2375 2101 2469 2154 41543
2480 2101 2514 2154 56

526 2187 572 2240 4444
588 2189 860 2252 pendanumgratiae
877 2189 984 2240 divinae
1001 2187 1110 2240 411533
1131 2187 1164 2240 58
1202 2201 1250 2240 nos
1269 2187 1384 2240 ordinari
1409 2187 1442 2238 ad
1467 2187 1551 2240 Deum
1581 2185 1633 2240 535
1657 2185 1671 2238 4
1693 2213 1725 2226 -
1754 2189 1841 2240 Exem·
1931 2217 1965 2224 -
1983 2189 2064 2240 Aliter
2082 2187 2228 2260 humiliavit
2241 2201 2269 2240 se
2281 2189 2423 2254 Zachaeus,
2443 2189 2515 2242 aliter

579 2275 699 2328 Humanas
719 2301 752 2314 -
773 2277 819 2328 Per
838 2277 1044 2330 consamlionem
1064 2273 1165 2330 humidi
1202 2277 1276 2342 plum
1302 2275 1457 2330 humilitatis
1483 2287 1498 2324 a
1525 2273 1628 2328 Christo
1655 2273 1840 2340 accipiendum
1879 2275 2186 2330 4444444441117013

527 2363 884 2432 naturalisacalorecorpus
893 2365 1056 2420 consumitur
1069 2363 1165 2418 41440
1202 2369 1240 2418 444
1269 2363 1332 2420 iiia.
1358 2393 1395 2406 -
1412 2365 1454 2420 rid
1472 2365 1645 2420 humilitatem
1671 2363 1766 2418 invitat
1791 2377 1840 2418 nos
1930 2393 1966 2404 -
1997 2365 2067 2418 0444
2099 2367 2160 2416 4444
2195 2363 2319 2426 humiles,
2345 2365 2391 2432 qui
2425 2365 2516 2418 nolunt

527 2467 553 2504 v.
575 2453 645 2504 [1-
663 2453 764 2506 Humor
785 2453 976 2518 phlegmaticus
998 2451 1116 2506 abundat
1141 2453 1167 2504 in
1203 2453 1382 2508 3144414444
1402 2453 1506 2508 33313
1526 2453 1841 2506 -incordeetinen-
1878 2465 2001 2520 praeesse
2018 2453 2052 2504 Vl
2072 2451 2124 2504 334
2143 2451 2382 2516 hwslguilicatur
2398 2465 2447 2516 per
2464 2467 2517 2504 ser-

528 2555 654 2608 corpore,
671 2541 780 2608 quando
794 2541 881 2596 delicit
900 2543 970 2594 calor
987 2541 1111 2606 digerens
1130 2541 1164 2594 34
1203 2543 1289 2596 teriori
1309 2543 1510 2596 conversatione
1528 2531 1671 2596 inculcator
1697 2555 1711 2594 a
1738 2539 1841 2594 Christo
1878 2555 1927 2596 vos
1952 2545 1976 2594 et
1999 2541 2102 2594 ancillas
2123 2543 2154 2592 44
2175 2537 2237 2592 47
2258 2541 2424 2594 —Humiles
2448 2543 2516 2606 figu-

527 2645 552 2682 4.
574 2633 591 2684 5
612 2629 764 2682 -Humor
783 2627 1166 2696 digestusmateriamsohmi·
1205 2633 1255 2686 550
1276 2633 1308 2684 37
1328 2659 1362 2672 -
1383 2633 1578 2686 demonstratur
1595 2631 1714 2696 exemplo
1733 2631 1780 2684 554
1806 2631 1839 2684 38
1878 2635 1968 2684 rantur
1985 2643 2032 2694 per
2051 2643 2133 2696 poma
2150 2631 2308 2684 convallium
2333 2631 2377 2682 411
2401 2629 2436 2682 33
2464 2631 2515 2682 433

527 2719 617 2774 4441444
645 2719 671 2770 44
698 2725 758 2774 actu
782 2719 957 2786 generationis
981 2717 1043 2774 45444.
1062 2747 1098 2760 -
1115 2721 1167 2772 444-
1203 2747 1237 2762 ·-·
1256 2721 1488 2774 commendatore
1515 2717 1616 2774 Christo
1641 2717 1761 2786 exemplo
1784 2733 1841 2784 par·
1878 2747 1912 2760 -··
1931 2717 2049 2770 Humiles
2068 2717 2190 2772 dicuntur
2207 2719 2286 2772 441144
2306 2719 2339 2770 73
2360 2719 2393 2770 14

528 2821 587 2862 mor
605 2807 692 2862 delicit
711 2807 737 2860 in
756 2813 889 2864 senectute
908 2807 968 2862 litu.
1204 2811 1259 2864 4444
1277 2809 1329 2864 444
1348 2811 1383 2862 33
1913 2797 1967 2848 Ι--
1984 2813 2122 2860 recusatur
2140 2805 2173 2858 ah
2194 2807 2406 2860 animo-hominis
2420 2807 2515 2858 4444444

581 2897 772 2950 Humanas-
789 2897 906 2952 veritatis
923 2903 964 2952 est
980 2897 1025 2950 illa
1041 2899 1167 2966 qusquis
1258 2927 1290 2938 —
1310 2897 1397 2964 Opera
1414 2897 1523 2950 humilia
1535 2895 1630 2950 Christi
1644 2903 1705 2952 sunt
1716 2897 1841 2952 imitanda
1880 2895 2028 2950 4144055

527 2997 609 3050 parva
628 2987 803 3040 4444444444
824 2987 867 3038 411
888 2985 938 3038 457
959 2987 1167 3040 46-444444414
1205 2989 1236 3042 41
1259 2987 1310 3042 447
1331 2987 1362 3038 43
1383 2987 1564 3040 -Dominus
1589 2987 1617 3040 in
1645 2985 1771 3052 operibns
1795 2987 1841 3038 hu·
1931 2987 2027 3038 Hronn
2047 3011 2083 3024 ·-
2100 2989 2140 3038 est
2158 2999 2206 3038 vas
2233 2999 2319 3052 aquae
2337 2985 2371 3038 Vl
2390 2983 2423 3036 34
2444 2999 2468 3036 4.
2490 2985 2515 3038 3.

527 3077 566 3124 441
591 3071 630 3126 4114
654 3087 706 3140 qua
734 3075 879 3128 voluntarie
907 3075 968 3140 quis
993 3089 1024 3128 se
1050 3077 1168 3130 humiliat
1205 3071 1841 3140 44144414444444444444444343,40-01444·
1880 3071 2040 3128 4333471
2069 3073 2100 3124 43
2126 3099 2159 3112 -
2186 3073 2315 3136 significat
2339 3073 2516 3128 curiositatem

528 3157 810 3230 talu-qnamdam
826 3165 877 3216 Deo
894 3161 1167 3230 tribuitetnihilsibi‚
1205 3173 1260 3218 stus
1285 3165 1408 3218 inclinata
1437 3163 1522 3228 capite
1552 3163 1639 3216 emisit
1667 3163 1788 3230 spiritum
1817 3165 1841 3216 in
1880 3161 1912 3216 37
1933 3177 1959 3216 4.
1976 3161 1995 3214 7
2012 3189 2049 3200 ·-
2067 3161 2196 3226 significat
2213 3161 2509 3218 404444444444444474

528 3251 644 3314 perfecte
662 3249 711 3302 erit
728 3247 753 3300 iu
774 3251 869 3318 patria,
890 3251 915 3302 in
934 3251 1094 3302 4444441444
1112 3267 1168 3316 per·
1205 3253 1353 3316 exemplum
1378 3251 1529 3304 humilitatis
1551 3251 1602 3302 343
1623 3253 1639 3302 3
1660 3251 1776 3304 -Post
1793 3255 1842 3304 hu·
1882 3253 1912 3304 13
1931 3279 1966 3290 —-
1985 3265 2029 3304 sex
2048 3249 2199 3314 implendae
2215 3263 2301 3318 aquae
2320 3257 2380 3304 4444
2397 3251 2517 3304 conside-

417 3367 422 3378 ,
529 3337 601 3388 ieratis
620 3335 670 3388 433
692 3339 720 3388 41
1205 3339 1338 3392 militatem
1358 3353 1373 3392 a
1394 3337 1495 3392 Christo
1514 3343 1645 3392 ostensam
1663 3339 1840 3404 periculosum
1880 3341 1992 3392 rationes
2011 3351 2055 3390 sex
2075 3337 2223 3392 defectuum
2245 3339 2514 3404 444-4444144144

581 3453 615 3464 ..
634 3439 698 3478 nera
725 3431 765 3478 est
790 3425 834 3478 via
860 3427 945 3478 Deum
967 3425 1107 3500 adducens
1133 3427 1166 3478 41
1205 3431 1242 3480 444
1262 3427 1329 3492 erigi
1346 3427 1372 3476 in
1393 3425 1543 3490 superbiam
1564 3427 1605 3482 411
1626 3425 1671 3478 551
1692 3429 1724 3478 33
1879 3427 2001 3492 lacrymis
2018 3425 2193 3490 poenitentiae
2210 3425 2272 3482 iota.

529 3511 581 3564 548
600 3515 615 3566 4
635 3543 669 3550 -
689 3515 819 3566 estradis
838 3515 965 3566 uirtutum
989 3515 1166 3566 41457345
1258 3545 1291 3554 -
1310 3515 1393 3566 Amor
1409 3515 1533 3578 propriae
1562 3515 1726 3568 excellentiae
1749 3527 1842 3578 suppe·
1932 3517 2090 3568 Hrnnurreus
2108 3543 2143 3554 ·-
2161 3521 2261 3582 quanto
2279 3515 2516 3582 plnshihit‚lanto

528 3601 1118 3668 -4411444444444444441444444441444453
1136 3599 1167 3654 44
1204 3603 1329 3658 ditandus
1351 3617 1402 3668 per
1425 3603 1597 3654 humilitatem
1620 3601 1735 3660 414550
1756 3601 1788 3654 37
1808 3629 1841 3640 -
1880 3605 1941 3668 plus
1958 3601 2011 3656 44141
2027 3601 2073 3654 Vll
2091 3603 2139 3654 331
2164 3603 2193 3654 44

529 3717 562 3726 —-
577 3693 615 3740 est
635 3689 720 3754 prima
739 3691 824 3744 virtus
842 3689 1047 3744 Christianorum
1069 3687 1166 3742 45417
1205 3705 1315 3758 regnare
1334 3689 1448 3742 maxime
1463 3689 1541 3744 debet
1561 3689 1842 3756 444444444445314
1933 3719 1966 3728 -
1986 3701 2033 3742 sua
2053 3689 2202 3742 infirmitate
2219 3691 2291 3744 viam
2318 3691 2461 3758 praebebat
2481 3693 2514 3746 ad

527 3801 562 3814 -
575 3777 696 3830 timorata
710 3781 748 3830 est
761 3779 834 3832 radix
846 3779 949 3842 pietatis
962 3779 1101 3842 spiritualis
1115 3777 1166 3830 449
1205 3809 1239 3822 -
1258 3779 1403 3832 insinnatur
1424 3783 1551 3846 quantum
1573 3779 1605 3830 ad
1630 3783 1746 3846 gestum,
1764 3793 1843 3844 4444-
1880 3779 2066 3832 confutandam
2076 3783 2101 3830 el
2111 3779 2282 3844 detegendam
2294 3779 2517 3844 lodaenromper·

529 3867 561 3918 44
582 3893 615 3904 —-
634 3871 780 3920 ceterarum
798 3869 924 3920 virtutum
938 3871 978 3920 est
997 3867 1086 3932 radix,
1103 3881 1167 3920 con·
1204 3875 1260 3924 tum
1279 3869 1314 3920 ad
1337 3873 1443 3920 motum
1466 3871 1491 3920 44
1517 3871 1644 3934 quantum
1668 3867 1704 3920 ad
1730 3863 1842 3920 verbum
1881 3867 1969 3920 4444444
1991 3867 2103 3920 411359
2126 3867 2140 3920 4
2158 3895 2194 3906 --
2222 3867 2278 3922 eius
2303 3869 2440 3934 aegritudo
2459 3883 2515 3922 cor-

418 3983 419 3986 =
529 3953 642 4008 servatio
655 3959 679 4006 ct
692 3957 811 4010 custodia
827 3955 875 4010 434
892 3955 922 4008 43
937 3985 972 3994 --
984 3957 1095 4008 virtutes
1106 3969 1167 4008 con·
1206 3957 1257 4010 455
1276 3957 1303 4008 41
1881 3955 1977 4022 penalis
1995 3953 2097 4010 valebat
2110 3955 2144 4010 ad
2157 3955 2367 4022 impugnandam
2381 3963 2405 4010 44
2424 3971 2515 4022 expur-

529 4043 686 4096 servaram
709 4043 739 4096 14
1258 4073 1291 4084 —-
1310 4045 1390 4098 etiarn
1408 4043 1444 4096 ad
1461 4049 1598 4098 extraneos
1618 4057 1646 4098 se
1664 4043 1779 4096 extendit
1797 4043 1840 4096 411
1881 4045 1997 4110 gandam
2031 4043 2223 4110 aegritudinem
2258 4045 2417 4112 spiritualem
2454 4043 2515 4100 ibid.

580 4161 615 4172 -
633 4137 672 4184 est
692 4135 838 4186 necessaria
855 4133 892 4186 ad
916 4131 1075 4186 imitandum
1093 4133 1166 4184 Chri·
1206 4133 1310 4188 44530
1331 4159 1365 4172 -
1385 4133 1494 4196 Signum
1514 4133 1663 4186 humilitatis
1683 4137 1722 4186 est
1741 4133 1842 4198 444444-
1880 4161 1914 4172 -
1933 4137 1989 4186 erat
2006 4139 2065 4186 ante
2081 4133 2168 4186 lesum
2188 4133 2217 4184 ad
2241 4133 2447 4188 miscricordiam
2471 4135 2516 4188 im·

530 4225 599 4274 stum
618 4223 661 4274 411
691 4223 741 4274 448
772 4223 805 4274 37
824 4249 859 4262 -
878 4225 915 4274 est
935 4223 1018 4274 claris
1043 4221 1165 4274 scientiae
1204 4223 1268 4276 dere
1285 4221 1445 4288 obsequium
1463 4221 1530 4286 patri
1550 4227 1653 4274 mortno
1674 4221 1724 4274 450
1744 4222 1793 4274 106
1808 4249 1842 4262 -·
1881 4221 2034 4286 plorandam
2056 4219 2119 4274 4444.
2135 4249 2171 4262 ·-·
2189 4222 2346 4286 implorabat
2371 4223 2517 4274 misericor-

529 4307 687 4362 43437-
708 4309 809 4364 Veritas
837 4311 903 4376 sugit
929 4325 945 4362 4
972 4315 1074 4376 mente,
1097 4323 1166 4376 quae
1205 4339 1239 4352 -·
1259 4309 1376 4364 Humiles
1394 4309 1550 4362 comitantur
1570 4323 1647 4376 quem
1667 4307 1774 4376 superbi
1802 4309 1842 4364 de·
1880 4311 1959 4376 diam,
1977 4311 2040 4378 quia
2060 4313 2139 4364 homo
2156 4311 2276 4364 intirmus
2292 4309 2355 4366 4444.
2372 4337 2407 4352 -·
2431 4311 2517 4364 dimis-

528 4411 582 4450 non
600 4403 640 4450 est
658 4397 764 4452 humilis
782 4399 816 4452 41
836 4397 887 4450 374
907 4397 950 4450 87.
970 4397 1020 4450 453
1040 4397 1074 4450 44
1205 4399 1320 4462 spiciunt
1337 4397 1390 4448 375
1408 4397 1438 4450 51
1461 4425 1498 4436 ·-
1516 4397 1594 4450 debet
1607 4411 1664 4452 esse
1684 4397 1710 4452 in
1730 4401 1841 4452 contem·
1880 4413 1926 4452 sus
1944 4397 1991 4452 luit
2009 4411 2022 4450 a
2042 4397 2143 4450 Christo
2162 4399 2332 4462 corporaliter
2345 4403 2451 4454 sanatus
2464 4401 2516 4452 360

581 4513 615 4524 -
634 4485 744 4538 Humilis
757 4471 810 4538 nun
829 4487 956 4538 audetad
969 4481 1051 4538 ileum
1074 4499 1167 4550 appro·
1205 4487 1308 4556 plativis
1328 4485 1379 4538 473
1398 4487 1434 4538 67
1794 4481 1796 4484 ’
1879 4487 1952 4538 7-
1968 4487 1997 4562 14
2015 4485 2072 4538 4444
2084 4487 2216 4538 sanatione
2229 4491 2361 4542 confutata
2375 4493 2413 4540 est
2430 4487 2517 4542 iudae·

528 4573 664 4640 pinquare
683 4567 717 4628 ut
729 4575 799 4628 Deus
824 4575 857 4628 ad
884 4589 945 4628 eum
972 4575 1167 4640 appropinquet
1259 4603 1291 4614 -··
1311 4575 1337 4626 ln
1355 4573 1611 4628 commendationem
1631 4575 1786 4634 numilitatis,
1802 4589 1841 4628 se·
1880 4589 1956 4628 orum
1976 4573 2100 4640 superbla
2121 4571 2181 4628 40444.

530 4663 574 4716 441
599 4661 650 4716 455
676 4663 707 4714 44
729 4689 766 4704 -··
783 4677 837 4716 non
854 4663 961 4728 aspicit,
980 4669 1010 4716 44
1027 4661 1167 4728 aspiciatur
1205 4665 1253 4718 des
1270 4675 1443 4728 personarum
1460 4661 1670 4716 excellentiorum
1689 4661 1842 4716 remotiores
1932 4663 2081 4716 Hronoersrs
2097 4691 2135 4702 -
2151 4667 2191 4716 est
2202 4661 2338 4718 iufirmitas
2359 4663 2515 4728 incurabilis,

491 4777 492 4780 ¹
530 4747 593 4804 ibid.
611 4779 646 4790 --
662 4751 776 4806 Humilis
792 4765 846 4804 non
861 4751 1165 4814 arbitraturscdiguum
1205 4751 1318 4806 suntab
1336 4751 1408 4804 altari
1429 4751 1470 4806 411
1490 4751 1594 4804 36343
1614 4779 1650 4790 -
1667 4753 1724 4804 1444
1745 4757 1840 4818 estpe-
1879 4763 1958 4818 quam
1977 4751 2106 4804 Dominus
2124 4751 2226 4804 sanavit
2252 4753 2285 4806 41
2307 4753 2358 4806 587
2376 4753 2391 4804 7
2411 4781 2446 4792 -
2464 4755 2512 4806 Per

530 4840 657 4893 accedere
674 4841 710 4892 ad
727 4839 813 4894 Deum
833 4841 884 4892 463
903 4841 930 4892 44
1205 4841 1316 4896 siculum
1340 4841 1479 4892 humiliare
1508 4853 1535 4892 se
1562 4845 1586 4892 et
1609 4841 1758 4894 interiorem
1785 4841 1842 4892 aliis
1880 4839 2043 4904 hydropisim
2063 4839 2295 4906 intelligiungnta
2312 4841 2376 4896 44444.

583 4927 1168 4984 -4444414444414144444414414444444-
1205 4943 1233 4982 se
1253 4934 1376 4994 reputare
1394 4929 1446 4982 334
1465 4931 1499 4982 40
1523 4955 1560 4968 ··-
1577 4927 1743 4994 Quantalibet
1760 4929 1842 4982 humi·
1933 4955 1967 4968 -
1995 4929 2116 4994 designat
2141 4943 2250 4982 omnem
2277 4931 2516 4996 concupiscentiam

529 5023 608 5072 tatem
627 5031 764 5084 recusare,
782 5031 831 5072 nec
848 5017 925 5072 etiam
956 5017 998 5070 alii
1026 5029 1165 5070 onerosum
1204 5021 1275 5074 lintio
1292 5019 1321 5072 in
1339 5019 1425 5072 anima
1445 5031 1497 5070 non
1516 5023 1555 5070 est
1573 5015 1688 5071 timenda
1704 5015 1766 5072 44444.
1880 5021 1905 5072 44
1925 5003 2037 5070 maxime
2056 5017 2191 5072 4444441444
2221 5021 2263 5072 411
2294 5021 2339 5072 361
2367 5021 2392 5072 14
2417 5047 2452 5060 -
2472 5021 2517 5072 Se·

530 5121 589 5160 esse
607 5107 651 5158 411
678 5107 729 5158 413
760 5111 774 5160 3
803 5135 838 5174 ···,
862 5107 975 5174 perlecta
1001 5105 1119 5160 consistit
1142 5105 1168 5156 in
1259 5107 1420 5160 -Hunniles
1431 5113 1491 5162 sunt
1500 5107 1576 5160 amici
1585 5105 1680 5160 Christi
1690 5107 1733 5160 414
1748 5105 1836 5160 33441
1880 5111 1950 5172 ptem
1964 5111 2024 5160 sunt
2036 5105 2181 5160 accidentia
2193 5107 2351 5174 hydropisis,
2366 5123 2515 5174 correspon-

530 5195 692 5248 suhiectione
710 5209 763 5248 uun
781 5201 883 5248 tantum
901 5195 952 5248 snb
964 5195 1108 5262 superiore,
1122 5195 1166 5248 sed
1205 5195 1524 5252 *Huniileseaaltantur
1544 5211 1560 5250 a
1577 5195 1665 5250 divina
1680 5195 1775 5250 iustitia
1795 5209 1842 5262 per
1880 5195 1966 5248 dentia
1986 5195 2018 5250 ad
2038 5201 2139 5262 septem
2159 5195 2220 5248 vitia
2241 5195 2360 5262 capitalia
2377 5195 2439 5252 thid.

530 5283 607 5336 etiam
628 5281 677 5336 sub
696 5285 925 5348 parietinleriure
944 5285 975 5336 84
990 5285 1167 5336 lli—Home
1205 5287 1324 5342 44444444
1343 5285 1561 5352 glorificationem
1580 5285 1764 5340 36543336
1784 5285 1819 5338 45
1934 5285 2082 5338 Η44444444
2100 5315 2136 5324 -
2159 5285 2301 5352 aliquando
2324 5285 2462 5340 adhibetur
2490 5285 2517 5338 in

530 5369 609 5424 debet
628 5385 685 5424 esse
701 5373 807 5426 humilis
821 5387 867 5438 per
881 5373 1057 5426 obedientiam
1071 5373 1101 5426 41
1117 5373 1167 5426 533
1258 5405 1293 5414 -
1313 5377 1338 5426 14
1358 5375 1503 5430 humilitate
1514 5381 1554 5430 est
1566 5377 1622 5430 laus
1634 5375 1740 5430 divinae
1753 5379 1844 5442 poten·
1881 5387 1955 5430 sacra
1973 5375 2110 5438 Scriptura
2129 5375 2160 5426 41
2182 5375 2232 5426 530
2253 5375 2287 5428 57

531 5459 564 5510 14
584 5485 618 5498 -··
638 5459 807 5524 perfectionis
832 5465 885 5528 est,
908 5477 962 5528 qua
981 5461 1067 5514 maior
1088 5463 1169 5516 radat
1205 5465 1257 5520 tiae
1274 5465 1319 5518 Vll
1336 5465 1371 5516 33
1391 5465 1425 5518 37
1443 5493 1477 5504 -
1498 5465 1779 5518 reraDeumhunorat
1795 5465 1842 5516 468
1935 5465 2076 5516 4444444444
2102 5491 2136 5504 -
2162 5463 2256 5516 44414444
2283 5463 2329 5532 qui
2355 5465 2380 5516 in
2404 5463 2517 5518 iudican-

530 5545 566 5596 ad
584 5545 713 5622 minorem
732 5549 784 5600 460
806 5547 838 5600 at
1207 5554 1314 5606 14365
1328 5553 1471 5620 ati-Qui
1485 5567 1513 5606 se
1525 5553 1644 5606 humiliat
1655 5553 1723 5606 redit
1736 5553 1769 5606 ad
1781 5553 1845 5606 inte·
1883 5551 1917 5606 do
1937 5551 2001 5606 alios
2024 5551 2174 5616 praetendit
2192 5551 2274 5606 zelum
2304 5551 2416 5606 institiae
2441 5555 2466 5604 et
2492 5565 2518 5606 se

584 5661 619 5672 ···
638 5633 747 5684 Hllfflffis
766 5635 790 5686 iu
810 5637 903 5688 affectu
922 5651 969 5700 tier
985 5637 1166 5690 contritionem
1205 5643 1287 5706 riora,
1301 5645 1326 5694 44
1338 5641 1422 5694 virtus
1442 5641 1498 5694 cius
1515 5641 1599 5694 maior
1613 5643 1722 5696 efficitur
1736 5639 1844 5696 ibid.—-
1881 5641 1967 5706 ipsum
1987 5653 2039 5694 non
2069 5639 2207 5694 iudicando
2237 5639 2316 5694 hahet
2333 5641 2428 5694 vitium
2446 5639 2514 5696 intus

529 5721 636 5786 spiritus
649 5727 688 5774 est
701 5721 811 5774 idoneus
830 5723 862 5776 ad
878 5723 1032 5778 discendum
1052 5723 1165 5778 verbum
1206 5731 1257 5796 Qui
1274 5743 1304 5782 se
1323 5731 1443 5784 1444441441
1469 5735 1597 5782 terrenam
1628 5729 1739 5796 gloriam
1763 5731 1845 5784 calcat
1880 5729 1962 5782 latens
1982 5729 2022 5780 411
2044 5729 2094 5780 464
2114 5729 2145 5780 38
2166 5755 2200 5768 -
2225 5735 2324 5784 ceteros
2343 5729 2517 5796 reprehendit,

530 5809 635 5864 Domini
653 5809 697 5862 Vll
717 5809 732 5860 4
754 5813 769 5862 6
788 5839 822 5846 -
841 5815 881 5864 est
893 5807 1041 5876 0414044044
1055 5819 1080 5864 et
1091 5825 1168 5876 prae·
1206 5821 1231 5870 et
1250 5819 1436 5882 superponitur
1454 5817 1578 5894 omnibus
1595 5815 1764 5870 interioribus
1781 5817 1844 5872 ibid.
1881 5821 1910 5870 ut
1928 5819 1953 5868 44
1972 5817 2082 5870 aliorum
2109 5817 2304 5882 comparatione
2330 5819 2385 5884 lpse
2405 5819 2517 5872 sanctior

530 5897 637 5952 33131143
672 5897 707 5952 id
747 5897 943 5962 intelligentiam
983 5899 1169 5964 misteriorum
1205 5905 1311 5972 -Qui
1335 5919 1365 5958 se
1392 5905 1511 5958 humiliat
1537 5905 1734 5972 appropinquat
1752 5903 1786 5958 ad
1805 5921 1844 5960 su·
1881 5903 2002 5958 videatur
2019 5903 2081 5958 ibid.
2101 5919 2209 5960 -cum
2224 5905 2517 5972 intra-sintmali,extra

531 5989 582 6040 433
602 5987 637 6040 43
1206 5993 1310 6056 periura
1329 5999 1355 6044 et
1374 5993 1454 6046 calcat
1472 5993 1593 6046 interiora
1613 5993 1664 6044 366
1685 5993 1718 6046 45
1881 5993 2004 6044 videntur
2021 5991 2131 6054 perlecti
2150 5993 2201 6044 305
2222 5993 2255 6044 38

551 6099 552 6102 “
584 6103 620 6116 -
639 6075 688 6142 Qui
706 6073 792 6128 nrinor
811 6079 849 6128 est
862 6089 909 6140 per
922 6075 1093 6126 humilitatem
1117 6087 1169 6126 rua·
1260 6109 1294 6118 --
1315 6081 1365 6146 Qui
1384 6095 1410 6134 se
1430 6079 1550 6134 humiliat
1562 6093 1590 6134 se
1601 6081 1717 6146 disponit
1736 6079 1769 6134 ad
1789 6095 1845 6146 per·
1934 6105 1970 6116 —-
1989 6089 2070 6140 opera
2087 6091 2134 6128 sua
2153 6077 2319 6130 manifestare
2328 6067 2462 6146 'quaerunt
2476 6081 2518 6130 ho·

530 6165 571 6218 ior
589 6171 629 6218 est
646 6163 791 6218 secundum
821 6163 939 6216 divinam
962 6163 1170 6228 acceptationem
1207 6171 1301 6222 lectam
1320 6169 1432 6234 gloriam
1453 6173 1479 6222 cl
1506 6155 1638 6222 aeternam
1664 6167 1707 6222 Vll
1735 6167 1785 6220 433
1811 6169 1839 6222 44
1881 6165 1997 6218 minibus
2023 6165 2058 6218 41
2086 6165 2136 6218 340
2168 6165 2238 6216 5-—
2255 6167 2341 6230 placet
2368 6165 2519 6218 hominibus

530 6259 557 6306 et
575 6255 712 6306 ueritatem
731 6253 776 6306 411
795 6251 845 6306 444
866 6253 899 6304 83
916 6281 954 6290 -
972 6251 1024 6318 Qui
1043 6251 1130 6316 magis
1142 6265 1170 6304 se
1205 6283 1244 6296 -
1271 6257 1344 6308 84144
1375 6263 1460 6310 ortum
1490 6255 1569 6308 habet
1586 6257 1621 6310 ab
1639 6256 1784 6310 humilitate
1811 6257 1844 6308 Vl
1882 6253 1916 6306 47
1934 6269 1961 6306 4.
1982 6253 2013 6306 46
2033 6281 2068 6292 -
2087 6267 2139 6308 non
2158 6253 2214 6306 4414
2233 6255 2379 6320 essequod
2399 6255 2456 6308 4414
2475 6269 2518 6320 ap·

530 6341 650 6394 humiliat
673 6341 716 6394 iile
743 6341 828 6394 maior
854 6348 907 6406 est,
927 6347 954 6394 44
976 6341 1022 6408 qul
1041 6341 1170 6404 maxime,
1208 6343 1260 6398 443
1278 6345 1314 6396 45
1330 6371 1368 6386 -
1385 6345 1513 6398 inclinans
1540 6359 1569 6398 se
1597 6359 1643 6410 per
1672 6343 1844 6398 humilitatam
1881 6355 1976 6408 parere
1994 6341 2037 6392 411
2065 6341 2117 6394 306
2135 6341 2169 6394 33
2188 6369 2224 6382 -·
2241 6341 2391 6408 Hypocrisis
2412 6347 2450 6396 est
2474 6343 2517 6398 do-

530 6433 571 6480 444
596 6429 726 6482 maximus
745 6429 861 6484 40414.-
881 6431 984 6498 eranto
1011 6431 1170 6482 444444144-
1207 6431 1350 6486 salvabitur
1377 6433 1428 6484 508
1457 6433 1490 6484 13
1508 6461 1546 6472 -
1564 6433 1615 6500 Qui
1640 6437 1745 6496 recusat
1762 6431 1845 6486 humi·
1881 6443 1977 6484 norrun
1997 6427 2108 6494 Spiritus
2134 6429 2215 6483 sancti
2240 6431 2381 6484 simulatrix
2410 6431 2461 6484 435
2485 6431 2517 6482 56

530 6517 659 6580 mitiores,
689 6521 759 6572 tanto
786 6532 880 6572 sunaus
906 6533 922 6572 a
950 6523 1054 6572 tumore
1081 6533 1171 6584 super·
1206 6521 1262 6574 liari
1280 6527 1390 6586 propter
1407 6521 1561 6586 superbiam
1577 6521 1666 6574 cordis
1685 6521 1724 6574 sui
1747 6535 1798 6574 non
1811 6521 1845 6574 in·
1881 6519 2041 6572 -simulat
2067 6521 2151 6572 zelum
2177 6519 2254 6584 Legis
2283 6519 2334 6572 344
2355 6521 2387 6572 30
2408 6547 2442 6560 -·
2460 6533 2519 6586 pro·

498 6633 500 6636 ·
530 6605 590 6658 hiae
608 6605 739 6658 inaniores
758 6605 822 6662 44444.
839 6635 875 6648 ·-·
893 6609 996 6674 Quanto
1014 6607 1171 6674 4444144444-
1206 6607 1810 6674 44441444444444444444414444441146034
1882 6611 1940 6674 prie
1957 6609 2034 6662 hctus
2053 6613 2091 6662 est
2112 6609 2143 6662 41
2165 6607 2214 6662 443
2234 6623 2260 6662 4.
2280 6609 2319 6662 5

528 6695 586 6760 lior,
604 6697 682 6746 tanto
704 6691 808 6748 Christo
835 6695 945 6750 similior
971 6701 999 6750 et
1025 6695 1170 6762 proximior
1260 6701 1379 6752 *Deris
1391 6697 1542 6752 4144444444
1560 6697 1593 6752 ad
1613 6699 1725 6752 humiles
1738 6699 1779 6752 411
1796 6697 1845 6752 470
1936 6727 1970 6740 -
1989 6699 2139 6764 Hypocrisis
2158 6713 2210 6752 nen
2239 6703 2277 6752 esi
2297 6701 2433 6764 peccatum
2450 6699 2519 6764 capi·

530 6779 595 6836 40444.
1208 6789 1242 6842 43
1256 6817 1289 6826 -
1303 6789 1392 6842 4144444
1405 6787 1551 6842 humiliatio
1563 6793 1702 6842 conservat
1718 6789 1752 6842 44
1763 6787 1845 6842 5337
1882 6791 1947 6856 1414,
1966 6787 2028 6858 quia
2048 6787 2105 6842 eius
2123 6787 2255 6854 corruptio
2273 6787 2379 6844 aliunde
2397 6795 2519 6842 causatur

638 6889 667 6944 S.
682 6891 921 6946 Bonan-Tan.
934 6895 986 6948 411.
2201 6949 2202 6952 ,
2378 6899 2412 6950 36
