5908 8266
491 529 555 596 380

323 725 477 788 aranannpn
491 713 573 772 lnam
598 719 702 772 caram
728 693 859 770 Domina
874 731 905 770 a.
931 705 1008 772 llaec
1025 705 1137 792 legatia
1159 705 1311 772 mittenda
1325 713 1373 774 θεῖ
1387 723 1446 790 pra

364 779 441 824 Μ’
489 809 671 896 repellenda
689 827 809 896 priano
824 809 1059 890 tentationum,
1082 829 1164 896 quac
1182 813 1312 878 veniunt
1334 831 1353 878 a
1372 829 1445 896 repa

488 917 680 1002 superbiam·
702 917 783 984 sicut
808 917 917 982 orabat
941 917 1071 994 Paulus,
1094 917 1133 984 de
1148 935 1212 1000 quo
1237 915 1390 984 secundae
1406 915 1446 982 ad

488 1021 664 1088 Corinthios
694 1019 921 1088 duodecima1:
957 1047 974 1080 «ι
994 1023 1092 1088 Datus
1120 1029 1168 1088 est
1196 1019 1272 1088 mihi
1299 1019 1444 1088 stimulus

488 1127 591 1196 carnis
623 1145 723 1206 meae,
756 1126 885 1212 angelus
914 1133 1058 1206 munao,
1088 1127 1143 1212 qni
1174 1143 1224 1192 me
1256 1123 1442 1208 colaphizet3

487 1229 720 1316 propterquod
753 1235 802 1296 ter
831 1229 1000 1298 Dominum
1023 1229 1130 1316 rogavi
1153 1255 1170 1288 »
1198 1235 1257 1296 ela.
1283 1265 1323 1276 --
1350 1229 1443 1306 ltem,

486 1337 636 1404 mittenda
658 1341 705 1404 θεῖ
729 1337 806 1402 hacc
829 1335 942 1420 legatia
964 1355 1023 1420 pro
1047 1335 1233 1420 repellenda
1253 1351 1371 1418 pugna
1392 1333 1443 1400 da'-

469 1441 645 1508 uinorum
669 1439 961 1526 disceptationum,
986 1439 1216 1526 quaerentia
1247 1457 1320 1524 repa
1347 1437 1443 1502 inati-

488 1547 570 1626 tiac,
593 1547 675 1614 siaul
698 1547 808 1612 arabat
830 1547 984 1630 Propheta
1014 1545 1047 1610 in
1070 1545 1234 1610 Psalm02:
1264 1569 1280 1600 <t
1300 1543 1366 1608 Non
1395 1541 1442 1610 in-

486 1661 552 1718 tres
574 1651 606 1718 in
630 1653 779 1720 iudicium
804 1669 877 1718 oum
900 1669 993 1718 serso
1016 1659 1086 1730 tua,
1111 1649 1258 1730 Domine,
1282 1649 1357 1736 qnia
1379 1667 1441 1716 non

488 1757 708 1824 iustificabitur
740 1757 770 1824 in
800 1763 968 1842 conspectu
1001 1763 1056 1822 tao
1078 1757 1181 1824 nornis
1210 1757 1320 1822 vivens
1337 1781 1354 1814 »
1381 1761 1440 1822 ela.

487 1899 528 1910 -
545 1863 693 1930 Miltonda
715 1861 809 1930 etiam
832 1869 879 1928 est
901 1863 1014 1946 legatia
1030 1881 1088 1946 pra
1112 1861 1296 1948 repellenda
1322 1883 1443 1950 pugno

487 1967 759 2048 tribulationum,
781 1985 864 2052 quae
879 1967 963 2034 venit
979 1985 999 2034 a
1017 1987 1091 2054 rege
1112 1969 1359 2054 prouidentiae,
1383 1969 1442 2036 sic-

426 2155 429 2162 (
487 2081 522 2140 ut
551 2073 659 2140 orabat
691 2075 777 2140 lanas
809 2075 897 2142 lonae
922 2075 1100 2142 secundoiz
1130 2075 1269 2144 «Oraril
1292 2077 1380 2144 lanas
1402 2077 1442 2144 ad

488 2181 654 2246 Dominum
671 2183 771 2246 Deum
795 2197 889 2246 suum
916 2181 954 2246 de
977 2187 1070 2248 utero
1097 2183 1191 2266 piscis
1213 2189 1245 2248 et
1262 2183 1358 2248 dixit:
1375 2183 1442 2248 Cla·

486 2285 570 2354 mari
591 2285 631 2354 ad
653 2287 821 2354 Dominum
840 2285 880 2354 de
902 2285 1104 2354 tribulatione
1121 2305 1203 2366 mea,
1226 2293 1258 2354 el
1280 2287 1443 2356 exaudivit

486 2411 534 2460 me
552 2419 582 2458 s.
607 2429 651 2442 ·-·
676 2393 720 2458 Er
746 2411 809 2478 qno
831 2391 999 2478 colligitur,
1022 2393 1107 2476 quad
1131 2391 1335 2460 consideratio
1359 2393 1442 2478 peri-

485 2499 547 2564 cnli
565 2501 681 2566 excitat
704 2499 742 2564 ad
758 2497 1010 2582 procurationem
1035 2499 1179 2576 remedii;
1196 2499 1279 2564 unde
1295 2497 1400 2564 Glossa
1411 2499 1440 2564 4:

491 2631 507 2664 κ
521 2605 582 2672 Nos
612 2603 786 2690 fragilitatis
810 2610 936 2670 nostrae
957 2603 1207 2670 insufficientiam
1232 2603 1440 2682 attendentes,

484 2711 523 2774 ad
545 2709 772 2794 impetrandam
790 2707 891 2774 severi
913 2709 1026 2774 iudicis
1049 2725 1158 2792 pacem
1178 2709 1328 2774 debemus
1350 2725 1442 2792 prae-

485 2813 608 2882 mittere
626 2813 808 2898 legationem
831 2813 1058 2896 lacrymarum,
1082 2813 1237 2876 honarum
1255 2827 1392 2894 operum
1409 2817 1441 2878 cl

484 2935 637 3002 purarum
659 2915 858 2984 affectionum
876 2941 906 2978 ».
932 2915 1002 2980 ldeo
1023 2915 1139 2980 dicitur
1164 2913 1367 2980 Ecclesiastici
1387 2913 1440 2978 de-

484 3023 565 3088 cimo
594 3023 748 3090 aetara⁵:
778 3047 793 3078 a
809 3023 885 3086 Arate
908 3019 1091 3102 languorem
1115 3017 1227 3086 adhibe
1255 3017 1440 3086 medicinam

483 3133 516 3194 et
536 3134 608 3192 ante
625 3125 774 3192 iudicium
798 3125 957 3208 interroga
974 3129 1005 3188 le
1027 3123 1149 3208 ipsum,
1175 3127 1206 3188 el
1221 3123 1254 3188 in
1270 3129 1439 3208 conspectu

482 3229 536 3296 Dei
562 3229 700 3296 invenies
717 3227 980 3312 propitiationem.
1006 3227 1082 3294 Ante
1098 3227 1281 3312 languorem
1308 3227 1440 3294 humilia

482 3339 514 3400 te
536 3341 567 3400 el
590 3333 622 3398 in
645 3317 789 3416 tempore*
807 3329 999 3398 infirmitatis
1021 3333 1148 3398 ostende
1172 3331 1439 3400 conversationem

482 3443 570 3506 tuam
585 3463 616 3518 a,
641 3445 677 3504 ut
708 3437 753 3506 sic
775 3455 832 3522 per
859 3437 1044 3524 legationem
1070 3437 1268 3506 sacerdotum
1299 3437 1440 3506 invenias

481 3545 593 3630 Regem
617 3547 783 3632 placatum.

573 3653 623 3718 66.
649 3653 749 3738 (Vers.
779 3649 855 3734 36).
882 3651 936 3716 Sic
959 3671 1035 3738 erpa
1059 3653 1164 3718 artenia
1196 3671 1235 3718 aaa
1259 3653 1347 3718 uobis
1379 3657 1437 3718 etc.

482 3761 647 3842 Postquam
671 3755 834 3842 praemisit
855 3755 1038 3842 exemplum
1065 3759 1278 3842 parabolicum
1302 3759 1340 3842 de
1355 3759 1439 3824 aedi-

480 3863 593 3930 ficante
616 3869 648 3930 et
669 3863 850 3946 exemplum
875 3863 912 3928 de
936 3863 1125 3950 proeliante,
1153 3863 1205 3932 hic
1229 3863 1322 3930 lertio
1350 3863 1439 3950 ponit

480 3967 726 4052 adaptationem
749 3967 959 4056 utriusquae.
977 3971 1014 4036 Et
1029 3969 1178 4054 quoniam
1197 3971 1272 4036 haee
1292 3971 1439 4054 exempla

480 4073 658 4140 introducta
677 4081 767 4142 erant
788 4073 828 4140 ad
847 4075 1048 4142 excitandum
1073 4091 1130 4142 nos
1152 4075 1192 4142 ad
1211 4075 1438 4160 providentiam

481 4181 525 4248 rei
542 4187 737 4264 opportunae
761 4184 791 4246 et
806 4179 845 4244 ad
868 4181 1022 4248 cautelam
1038 4181 1083 4246 rei
1100 4179 1227 4248 nocivae
1251 4187 1281 4246 et
1305 4181 1343 4248 ad
1362 4181 1438 4246 dan·

337 2405 465 2474 Nolandnm.

329 3777 362 3838 ¹lla
377 3775 463 3838 adapta·

318 3833 375 3872 traua
387 3833 463 3872 ulmus·

317 3893 358 3936 aaa
374 3883 464 3938 parabo·

317 3935 350 3980 lae
363 3937 412 3980 tria.

480 4287 551 4354 dam
575 4287 809 4374 intelligentiam
825 4287 1019 4374 spiritualem
1034 4287 1217 4374 utriusque3
1242 4287 1311 4352 ideo
1331 4289 1362 4354 in
1379 4289 1437 4356 hac
1455 4301 1456 4304 ’

479 4399 570 4478 parte
585 4395 794 4462 introducitur
819 4393 1050 4478 praedictarum
1076 4392 1295 4478 exemplorum
1311 4391 1438 4480 adapta-

1073 529 1265 596 cellmana.
1292 533 1328 598 IN
1353 531 1589 598 hithhamahti
1613 527 1730 596 adalh
1751 527 1785 594 C.
1808 529 1882 596 XIV.

1510 707 1593 772 sicut
1616 705 1782 774 aedificans
1805 723 1865 770 non
1898 695 1999 788 polest
2022 723 2239 774 consummare
2262 703 2329 772 sine
2357 707 2469 772 sumti-

1510 809 1584 888 bus
1610 827 1831 896 propugnans
1856 827 1965 878 secure
1985 827 2121 896 pugnarn
2144 809 2271 898 aggredi
2294 809 2361 878 sine
2384 809 2468 875 mili-

1509 915 1594 980 tibus
1604 915 1630 994 8;
1651 917 1694 982 sic
1710 917 1817 982 nullus
1833 915 1970 1000 perfecte
1985 903 2086 998 potest
2102 915 2189 998 sequi
2214 913 2388 992 Christum,
2407 915 2466 980 nisi

1508 1019 1668 1088 renuntiet
1685 1019 1842 1088 omnihus

1600 1125 1650 1190 66.
1678 1125 1711 1190 Et
1734 1133 1824 1206 nata,
1849 1125 1932 1212 quad
1954 1125 2072 1208 duplex
2097 1127 2144 1190 est
2159 1121 2272 1192 Christi
2297 1121 2465 1208 discipula·
2482 1141 2564 1204 nupia
2582 1143 2614 1184 n.

1507 1235 1576 1296 tus:
1601 1247 1686 1298 unus
1707 1229 1928 1310 neccessitatis,
1952 1231 2035 1298 sicut
2055 1227 2171 1296 dicitur
2192 1231 2327 1296 balaum
2352 1229 2464 1294 norro⁹
2485 1195 2607 1292 ‘biblii

1506 1341 1539 1402 et
1562 1341 1668 1414 sexta,
1691 1337 1775 1420 qrrad
1796 1337 1952 1422 discipuli
1971 1341 2202 1404 consueverunt
2228 1333 2331 1400 vacari
2348 1333 2391 1401 illi
2409 1337 2464 1418 qui

1506 1459 1590 1508 nunc
1614 1441 1762 1508 dicuntur
1797 1439 1998 1522 Christiani,
2022 1441 2060 1508 dc
2092 1461 2156 1528 qua
2183 1439 2349 1526 disciplina
2368 1439 2465 1508 Isaiae

1506 1545 1627 1632 primo:
1661 1571 1677 1604 a
1698 1547 1855 1632 Quiesaite
1883 1565 1977 1632 agere
2003 1545 2169 1632 perverse,
2199 1547 2308 1616 discite
2339 1543 2464 1612 beneia-

1507 1669 1578 1718 cere
1594 1679 1625 1718 ».
1649 1651 1735 1718 Αῖῖθε
1756 1657 1803 1718 θεῖ
1825 1651 2031 1736 discipulatus
2053 1651 2371 1742 strpereragatiania,
2400 1669 2465 1738 qua

1506 1757 1577 1842 quis
1609 1757 1767 1822 Christum
1800 1755 1943 1840 sequitur
1967 1757 1998 1820 in
2030 1757 2166 1824 consiliis
2190 1757 2393 1844 evangelicis,
2425 1757 2464 1822 de

1506 1881 1570 1948 qua
1592 1861 1737 1930 Matthaei
1753 1861 1864 1946 quinta
1877 1861 1920 1926 1⁰:
1949 1859 2095 1928 «videns
2113 1861 2195 1928 lesus
2211 1865 2337 1940 turbas
2357 1879 2465 1930 ascen-

1506 1967 1552 2034 dit
1573 1967 1607 2034 in
1622 1973 1776 2046 mantem3
1803 1973 1832 2034 et
1856 1985 1929 2034 oum
1943 1963 2091 2044 sedisset,
2115 1971 2315 2036 accesserunt
2334 1967 2373 2032 ad
2388 1985 2462 2034 eum

1506 2073 1648 2160 discipuli
1674 2073 1787 2150 ainsi.
1816 2075 1920 2140 Primo
1939 2071 2140 2156 discipulatui
2173 2073 2385 2142 necessarium
2416 2081 2462 2140 est

1507 2181 1659 2246 omnibus
1682 2179 1888 2262 renuntiare,
1919 2185 2071 2266 quantum
2096 2179 2133 2246 ad
2167 2187 2365 2248 terrenorum
2387 2197 2462 2246 can-

1506 2291 1679 2370 temptum;
1701 2285 1839 2354 secundo
1854 2291 1957 2354 autem
1982 2285 2193 2352 necessarium
2210 2289 2257 2354 est
2281 2285 2394 2352 omnia
2411 2303 2461 2352 re-

1506 2393 1666 2480 linquerc,
1691 2409 1752 2456 non
1775 2393 1878 2458 solnm
1913 2395 2065 2476 quantum
2086 2391 2126 2458 ad
2156 2393 2316 2470 allectum,
2348 2407 2460 2458 rerum

1506 2499 1599 2566 etiam
1624 2505 1777 2582 quantum
1795 2499 1833 2564 ad
1849 2517 1926 2564 rem.
1951 2497 2037 2564 Unde
2060 2497 2167 2564 Glossa
2180 2501 2223 2566 ¹1:
2251 2499 2346 2566 «Hac
2367 2495 2612 2564 disrationatus.

1505 2603 1586 2672 inter
1604 2603 1800 2670 renuntiare
1814 2603 1965 2668 ornatibus
1990 2609 2019 2670 et
2036 2603 2217 2690 relinquere
2240 2603 2369 2684 amnia,
2385 2603 2460 2690 quia

1505 2709 1698 2774 reurantiarc
1722 2707 1867 2774 convenit
1888 2707 2049 2786 amnibus
2072 2709 2127 2792 qui
2152 2707 2194 2774 ita
2217 2707 2301 2774 licite
2322 2717 2459 2774 utuntur

1505 2811 1689 2888 mundanis
1712 2827 1794 2894 quae
1817 2811 1992 2894 possident,
2015 2817 2178 2878 attamen
2205 2819 2310 2880 manle
2333 2813 2462 2880 tendant

1504 2915 1542 2982 acl
1559 2921 1692 2982 aeterna.
1717 2915 1909 3002 Relinpraera
1932 2923 1978 2984 est
1995 2919 2208 2984 tantummodo
2233 2917 2460 3004 perfectarum,

1504 3023 1559 3106 qui
1574 3021 1679 3086 amnia
1700 3023 1884 3106 temporalia
1906 3029 2097 3110 postponunt
2120 3029 2151 3090 et
2175 3023 2248 3092 salis
2262 3023 2399 3092 aeternis
2415 3023 2462 3090 in·
2491 3011 2497 3018 ”

1504 3125 1590 3194 hiant
1607 3155 1638 3206 »‚
1662 3133 1694 3194 et
1715 3127 1775 3194 hoc
1799 3127 2010 3196 necessarium
2034 3135 2080 3196 est
2104 3129 2249 3214 perlectis
2270 3131 2386 3198 Christi
2415 3131 2462 3196 di·

1505 3233 1648 3318 scipulis,
1673 3239 1708 3300 ut
1733 3233 1907 3302 conformes
1932 3233 1993 3302 sint
2007 3237 2184 3320 paupertati
2206 3235 2355 3320 Magistri.
2375 3235 2461 3302 Unde

1504 3359 1598 3424 super
1616 3339 1693 3406 illud
1708 3341 1852 3406 Matthaei
1877 3341 1997 3408 decimo
2016 3359 2098 3408 nona
2113 3341 2156 3406 ¹2:
2186 3343 2312 3422 «Ecce,
2335 3359 2392 3408 nas
2409 3359 2460 3408 re-

1503 3445 1652 3530 liquimus
1688 3445 1790 3512 amnia
1820 3453 1850 3514 et
1881 3445 1978 3512 seculi
2011 3465 2121 3514 sumus
2151 3453 2182 3516 te
2204 3473 2238 3528 a,
2260 3445 2459 3514 Bernartius:

1508 3551 1634 3632 «Bene,
1658 3551 1765 3632 Petre,
1788 3559 1820 3620 θῖ
1833 3569 1894 3620 noa
1912 3551 1950 3620 ad
1973 3553 2183 3638 insipientiam
2205 3551 2279 3632 tihi,
2297 3551 2370 3638 quia
2386 3569 2460 3620 cur-

1504 3665 1625 3724 rentem
1647 3657 1737 3740 sequi
1760 3677 1821 3724 non
1844 3661 1968 3742 pateras
1991 3665 2145 3726 oneratus.
2174 3657 2361 3726 desultabit
2376 3659 2458 3724 enim

1505 3769 1541 3830 nt
1562 3761 1658 3850 gigas
1676 3761 1721 3828 od
1745 3763 1947 3830 currendam
1965 3765 2058 3832 uiam
2072 3791 2103 3830 ».
2121 3765 2197 3832 Cum
2214 3763 2298 3832 enim
2321 3763 2459 3848 primum

1504 3869 1542 3936 sil
1563 3869 1643 3936 inter
1667 3867 1782 3936 Christi
1806 3869 1992 3936 documenta
2004 3871 2048 3936 ¹³¹:
2076 3871 2196 3938 «Beati
2221 3887 2376 3956 pauperes
2391 3869 2454 3954 spi·

1504 3975 1569 4040 ritu
1585 3999 1616 4054 >³3
1634 3975 1689 4060 qui
1704 3975 1764 4042 hac
1779 3973 1901 4058 ignorat
1917 3993 1974 4060 per
1992 3995 2185 4062 consequens
2200 3973 2316 4052 nescit,
2345 4001 2362 4032 a
2378 3991 2457 4058 quae

1504 4079 1565 4146 sint
1593 4079 1749 4146 elementa
1778 4079 1899 4144 exordii
1933 4097 2144 4148 sermonum»
2174 4079 2307 4158 Christi;
2338 4097 2374 4144 aa
2402 4097 2459 4164 per

1503 4187 1562 4250 hac
1583 4181 1699 4250 Christi
1730 4183 1902 4268 discipulus
1926 4193 2060 4252 nonest
2085 4205 2142 4254 nec
2174 4187 2277 4272 ipsum
2305 4181 2457 4268 inlelligit.

1503 4291 1537 4356 Et
1561 4289 1630 4356 ideo
1644 4289 1830 4370 Antiochea,
1854 4289 1909 4376 qni
1933 4291 2158 4376 interpretatur
2183 4289 2350 4358 silentium
2369 4307 2458 4374 pau·

1499 4397 1639 4484 pertalis
1652 4397 1690 4476 14,
1713 4393 1869 4462 snbvertit
1884 4395 2085 4464 fundamenta
2104 4397 2287 4474 Ierusalem,
2306 4395 2457 4480 quianon

480 4499 525 4566 tio
546 4505 700 4586 quantum
718 4499 757 4566 ad
769 4499 1015 4584 prouidentiam
1034 4499 1086 4566 rei
1100 4505 1323 4586 opportunae,
1338 4517 1438 4584 quan·
1502 4509 1602 4588 potest
1634 4521 1701 4570 esse
1723 4501 1896 4588 discipulus
1926 4503 2074 4588 pauperis
2105 4503 2256 4580 Cruaihni
2278 4499 2333 4586 qui
2359 4499 2457 4568 consi·

481 4609 549 4670 tum
574 4607 611 4670 ad
635 4605 797 4672 coartatam
821 4605 872 4670 rei
894 4605 1029 4670 nasicae
1052 4609 1084 4670 el
1106 4611 1262 4690 quantum
1282 4605 1323 4672 ad
1337 4607 1438 4690 apiri—
1502 4607 1581 4674 lium
1598 4607 1797 4694 paupertatis
1821 4607 1999 4672 contemnit.

481 4709 602 4778 tualem
627 4709 873 4798 intelligentiam
897 4711 1080 4798 utriusque.

1591 4713 1643 4778 67.
1669 4713 1769 4796 (Vers.
1804 4711 1881 4796 36).
1913 4713 2055 4780 Secundo
2087 4719 2242 4798 quantum
2273 4709 2314 4776 ad
2346 4717 2611 4788 caute-Quarun-

2486 4787 2549 4830 tclam
2564 4787 2595 4830 rei

529 4803 530 4808 ἵ
570 4817 671 4884 Prima
696 4817 792 4904 igitur
816 4824 971 4902 quantum
993 4815 1032 4882 ad
1049 4817 1293 4902 prouidentiam
1317 4817 1368 4882 rai
1383 4835 1437 4904 ap·
1504 4817 1644 4886 larnrci
1672 4817 1947 4882 nacioucsnhdit:
1980 4815 2455 4892 accommodandam
2494 4841 2592 4910 notatae,
2677 4883 2679 4892 ,

329 4941 462 5036 aggeagngalol·
476 4931 644 5006 portenae
665 4923 756 4988 dicit:
782 4923 837 4988 Sic
858 4941 937 5008 arpo
960 4921 1068 4988 amnia
1091 4943 1131 4988 cac
1153 4921 1263 5000 cabis,
1288 4921 1349 5006 qui
1371 4941 1438 4988 nan

315 5047 348 5092 ra
365 5027 744 5102 capanna-mundanam
773 5027 945 5106 ainaihun,
977 5045 1062 5114 quoe
1088 5027 1252 5112 possidet,
1283 5045 1341 5108 per
1364 5045 1437 5092 canu

368 5111 417 5144 ”affl
481 5139 635 5216 temptum
659 5131 895 5218 temporalium3
918 5151 985 5198 non
1006 5139 1110 5216 pateat
1134 5149 1225 5196 merra
1248 5147 1316 5196 aare
1338 5129 1438 5198 disci·

477 5239 598 5324 pulua,
623 5255 678 5320 per
711 5237 932 5322 perlectionem
965 5235 1199 5318 spiritualium
1223 5235 1313 5318 quasi
1337 5235 1435 5300 dicat:

550 5567 560 5600 ¹
583 5573 655 5624 l'ers.
673 5571 699 5624 7.
719 5585 774 5636 seq.
819 5583 821 5588 ·
1183 5567 1305 5624 2l'sahn.
1326 5571 1391 5636 662,
1409 5575 1434 5624 2.

550 5657 561 5690 ³
582 5661 654 5714 Vers.
673 5663 699 5714 2.
718 5665 742 5714 el
762 5663 787 5712 3.

548 5747 561 5778 ⁴
581 5751 679 5804 Scilicet
698 5747 840 5804 ordinaria
859 5747 1042 5816 (astinegas,
1062 5751 1090 5800 ll.
1110 5749 1206 5802 liomil.
1223 5751 1249 5802 in
1274 5751 1373 5816 Eraog.
1394 5753 1437 5804 ha·

455 5899 457 5906 Ι
479 5839 533 5892 mil.
552 5839 596 5890 37.
614 5853 641 5892 n.
658 5839 688 5906 7,
709 5851 787 5906 quem
806 5839 924 5906 sequitur
944 5837 1023 5904 Beda)
1044 5837 1068 5888 in
1095 5839 1155 5890 Luc.
1176 5837 1224 5902 66,
1244 5841 1291 5904 31,
1311 5839 1337 5890 in
1361 5839 1437 5892 cuins

479 5929 531 5982 tine
540 5927 598 5982 Vat.
609 5941 669 5980 cnm
681 5933 750 5980 tento
764 5927 883 5990 originali
893 5925 1005 5994 piorum
1019 5925 1050 5994 [E
1060 5927 1079 5976 F
1089 5927 1109 5976 G
1118 5925 1435 5996 pmarum]'olfeci-uum.

549 6013 560 6044 ⁵
580 6017 654 6070 vers,
674 6019 717 6068 20.
736 6021 762 6068 θῖ
781 6017 825 6068 21.

548 6101 560 6134 ⁶
579 6105 629 6160 Cir.
649 6119 727 6172 supra
746 6119 772 6158 n.
792 6105 836 6156 66.
855 6133 890 6140 —-
908 6105 996 6158 Glossa
1018 6103 1158 6158 ordinaria
1178 6103 1220 6170 (en
1238 6105 1320 6172 Beda)
1334 6107 1359 6158 in
1374 6107 1436 6160 Luc.

480 6195 513 6248 66
522 6233 529 6260 ,
547 6195 597 6248 33:
615 6197 692 6248 lniert
710 6211 725 6248 a
743 6193 895 6260 praemissis
913 6193 1137 6248 similitudinibus.
1151 6193 1369 6260 Quandoquidem
1384 6209 1436 6248 non

479 6281 546 6336 hene
565 6287 651 6352 polest
668 6283 805 6338 aedificare
825 6281 870 6348 qrri
895 6295 947 6334 non
972 6287 1106 6348 corriputat
1130 6287 1246 6344 sumtus,
1274 6297 1320 6334 nec
1345 6295 1434 6336 secure

479 6373 564 6434 potest
583 6383 721 6422 accurrere
738 6371 784 6438 qui
804 6383 855 6422 narr
875 6371 1017 6434 praemittit
1035 6371 1208 6434 legationem:
1222 6383 1287 6434 erga
1299 6383 1347 6424 arec
1359 6385 1434 6424 rueris

473 6461 563 6526 potest
581 6473 636 6512 csse
655 6457 802 6526 ducuntur
823 6457 870 6524 qai
887 6471 941 6512 nau
960 6455 1100 6512 renarrrtiut
1116 6457 1249 6512 amitibus.

548 6541 558 6574 ἵ
580 6547 638 6598 Vel.
656 6561 718 6598 cnm
737 6545 849 6608 Vulgata
868 6551 894 6598 et
912 6545 1003 6608 pararis
1024 6545 1276 6612 sodomamaciem
1295 6549 1343 6598 cir.
1355 6561 1434 6612 supra

478 6649 539 6700 pag.
558 6635 626 6702 376,
647 6641 708 6688 nola
728 6635 770 6688 66.

548 6719 559 6750 ⁸
578 6723 661 6776 Codd.
678 6723 789 6790 CDFG
808 6725 911 6788 legunt:
930 6725 956 6776 el
970 6737 1099 6792 praegnans
1118 6735 1173 6774 aran
1196 6735 1289 6776 sectare
1309 6735 1434 6788 preprium

476 6809 635 6884 aggreditur
654 6809 711 6866 siue
728 6809 865 6866 militibus.

1464 6517 1469 6862 l

1501 4923 1554 4988 sal
1575 4921 1755 4988 evanuerit.
1778 4921 1836 4988 Per
1859 4919 1911 4986 ool
1935 4921 2118 5006 intelligitur
2141 4921 2299 5004 perlectus
2322 4921 2456 5004 quisque

1502 5027 1690 5110 discipulus
1706 5025 1761 5108 qui
1784 5025 1930 5108 exemplo
1946 5031 1975 5090 et
1991 5027 2087 5092 rerho
2102 5027 2195 5092 debet
2217 5023 2344 5092 condire
2362 5027 2454 5092 corda

1502 5131 1657 5210 aliarnm;
1684 5129 1766 5196 unde
1797 5129 1943 5196 blatthaei
1972 5129 2082 5216 quinta
2096 5129 2143 5194 1⁵:
2181 5131 2274 5206 «lsos
2306 5129 2379 5196 estis
2409 5131 2454 5198 sal

1502 5243 1604 5304 terrac
1619 5257 1654 5314 >³3
1680 5235 1764 5318 quod
1790 5235 1923 5312 dicitur,
1949 5237 2022 5320 qnia
2052 5235 2277 5302 discretionem
2301 5253 2456 5302 summam

1569 5569 1674 5626 ⁹Vcrs
1696 5573 1719 5624 l.
1746 5573 1785 5624 66.
1808 5573 1848 5624 ill.
1875 5573 1916 5626 25.
1937 5577 1961 5624 el
1985 5573 2082 5628 deinde
2107 5575 2138 5638 6,
2157 5575 2183 5626 l.
2206 5587 2262 5640 sea.
2279 5599 2316 5612 -
2333 5573 2454 5640 Seqrritnr

1499 5661 1555 5714 lsai.
1576 5661 1602 5722 6,
1625 5661 1665 5712 66.
1686 5675 1740 5726 sea.

1572 5747 1593 5778 ²⁰
1614 5751 1689 5802 Vere.
1709 5751 1732 5800 l.

1572 5833 1592 5866 ¹¹
1610 5837 1713 5890 Scilicet
1723 5837 1865 5892 ordinaria
1879 5839 1917 5906 (ex
1930 5839 2010 5908 liade)
2020 5839 2090 5902 apud
2101 5839 2232 5904 Lyranum
2245 5837 2267 5888 ia
2278 5837 2340 5888 Luc.
2353 5837 2397 5902 ll,
2411 5837 2454 5888 33.

1571 5921 1593 5954 ²²
1612 5929 1686 5978 Vera.
1706 5927 1749 5980 27.
1762 5955 1795 5964 -
1809 5927 1845 5978 De
1864 5927 1989 5980 sententia
2009 5927 2144 5990 Bernardi,
2166 5927 2192 5978 in
2212 5927 2286 5980 cuius
2299 5927 2349 5978 line
2363 5927 2454 5990 allega·

1500 6019 1540 6068 tur
1560 6015 1599 6066 Ρε.
1621 6017 1668 6078 68,
1689 6017 1719 6082 6,
1738 6017 1784 6068 cir.
1801 6029 1884 6094 sopra
1901 6029 1963 6080 pag.
1982 6017 2049 6078 226,
2069 6023 2128 6066 nota
2147 6017 2173 6068 8.

1571 6097 1698 6156 13Μθῖῖῖι.
1717 6103 1748 6164 6,
1768 6105 1797 6170 3;
1817 6107 1862 6154 cir.
1883 6117 1962 6172 snpra
1981 6119 2004 6156 c.
2023 6105 2047 6156 a.
2067 6117 2091 6154 n.
2112 6105 2154 6156 66.
2174 6119 2229 6170 seq.
2243 6131 2277 6146 ι-
2291 6101 2406 6154 Subinde
2419 6101 2454 6152 al·

1499 6191 1600 6254 legatur
1620 6189 1699 6244 Hehr.
1717 6191 1747 6258 6,
1769 6191 1815 6254 62,
1834 6191 1860 6242 in
1880 6209 1932 6260 quo
1952 6207 2000 6256 pro
2018 6205 2086 6260 puae
2104 6191 2160 6246 aiut
2177 6191 2230 6246 Cl)
2250 6203 2318 6260 puae
2335 6191 2408 6242 aurat.

1571 6275 1593 6308 ¹⁴
1610 6281 1728 6346 Hieron,
1748 6281 1782 6332 de
1800 6281 1929 6334 Nominib.
1949 6281 2069 6334 liebraia.
2087 6281 2121 6332 de
2133 6281 2212 6346 Epist.
2233 6277 2306 6332 Pauli
2327 6277 2361 6328 ad
2383 6275 2454 6328 Gala·

1499 6371 1551 6420 last
1571 6365 1753 6434 Arrlieabiora,
1778 6369 1938 6432 paupertatis
1958 6367 2096 6420 silentium.
2115 6395 2151 6408 -
2168 6369 2207 6420 De
2225 6365 2352 6420 Antiocho
2372 6365 2415 6416 cl.
2435 6365 2452 6416 l.

1499 6457 1581 6508 blech.
1601 6457 1629 6522 6,
1649 6455 1691 6508 23.
1710 6469 1785 6522 seqq.
1802 6485 1839 6494 -
1858 6457 1923 6508 Vide
1943 6455 2067 6520 bregon,
2085 6457 2151 6510 XVl.
2171 6457 2295 6508 biarche.
2311 6453 2352 6504 60.
2365 6467 2388 6506 n.
2405 6453 2452 6518 66,

1499 6545 1544 6596 nbi
1564 6545 1707 6608 explicator
1725 6545 1787 6596 illud
1807 6545 1851 6596 lob
1871 6547 1917 6608 22,
1940 6545 1986 6596 la:
2006 6545 2118 6600 Flauius
2141 6543 2271 6600 subuertit
2291 6541 2454 6608 fundamen·

1498 6635 1556 6686 tuna
1574 6647 1677 6686 aarum.

1569 6719 1591 6750 ¹⁵
1610 6723 1686 6774 Vens.
1707 6721 1748 6774 63.
1761 6749 1794 6758 -
1808 6721 1864 6772 Dua
1884 6735 1957 6788 seqq.
1975 6723 2023 6774 laci
2042 6729 2102 6776 sarit
2122 6723 2173 6776 Cal.
2195 6723 2222 6788 6,
2244 6721 2267 6774 6.
2284 6725 2311 6770 ct
2324 6717 2367 6770 tob
2381 6717 2410 6778 6,
2425 6717 2451 6766 6.

1497 6809 1547 6860 Cir.
1568 6809 1690 6872 Cragon,
1711 6809 1761 6860 l'll.
1780 6809 1867 6860 bloral.
1887 6823 1909 6860 c.
1929 6811 2016 6862 Ι166.
2036 6811 2079 6862 itt.
