5908 8266
543 611 612 680 834
751 625 753 628 ’
1412 611 1526 678 INDEX
1551 607 1680 678 RERUM

830 697 889 752 SAP
2187 697 2250 752 SAT

547 789 722 844 conscendere
752 799 813 840 eam
840 787 941 854 quiae
958 785 1113 854 sapientiam
1133 785 1189 838 ruit
1223 811 1260 824 -
1277 785 1474 854 appropinquat
1493 801 1541 840 nas
1560 785 1592 838 ad
1607 787 1689 838 Deum
1702 787 1748 838 Vll
1760 787 1812 840 488
1826 789 1860 840 44
1897 787 2010 842 citarit
2036 803 2062 840 v.
2081 787 2116 838 47
2133 815 2170 824 ·-
2187 785 2419 842 Praesumtuosam
2435 791 2536 842 4444444-

546 877 687 942 pervenire
705 873 790 928 4747
812 903 844 916 -
863 877 939 928 blane
956 887 1068 940 surgere
1083 877 1188 938 oportet
1222 879 1304 926 -et
1321 873 1428 926 scientia
1451 881 1512 926 sunt
1535 873 1642 926 divitiae
1667 873 1756 926 salutis
1773 875 1808 926 Vl
1824 873 1863 926 73
1898 881 1953 926 444
1973 881 2011 926 est
2030 887 2059 928 se
2075 873 2221 938 sapientem
2247 881 2371 938 reputare
2399 879 2432 928 64
2452 891 2479 928 v.
2498 875 2533 932 44

445 1013 447 1018 ,
546 965 582 1018 44
599 965 715 1018 studium
734 963 879 1028 sapientiae
896 963 949 1016 540
968 963 1004 1016 60
1223 963 1284 1016 md
1306 989 1339 1002 ·-
1359 961 1489 1026 Sapientis
1506 965 1545 1014 est
1564 959 1789 1014 riamdaceread
1804 959 1863 1012 bea·
1895 989 1933 1002 -
1950 961 2085 1028 Sapientes
2105 959 2194 1014 mundi
2215 967 2353 1030 reputant,
2371 977 2400 1016 se
2419 977 2478 1014 asse
2494 977 2535 1016 sa-

598 1079 636 1094 —
653 1051 802 1118 Sapientiae
819 1051 1014 1106 adhaerendum
1026 1055 1067 1104 est
1078 1053 1188 1116 propter
1209 1049 1360 1116 titudinem
1379 1049 1394 1102 5
1415 1051 1448 1102 43
1463 1065 1502 1088 ¹-
1518 1049 1634 1102 dedueet
1649 1049 1685 1100 ad
1696 1061 1808 1112 regnum
1820 1061 1863 1100 ae·
1896 1047 1998 1112 pientes
2016 1049 2045 1100 in
2060 1047 2167 1102 divinis,
2180 1053 2204 1100 et
2224 1049 2367 1112 prudentes
2385 1049 2414 1100 in
2432 1055 2534 1112 tempo-

545 1153 623 1192 suam
641 1143 795 1206 potestatem
815 1139 845 1192 Vl
868 1139 900 1192 65
919 1139 974 1190 43
990 1137 1187 1202 -Sapientiae
1223 1143 1326 1192 ternum
1354 1137 1403 1190 449
1431 1153 1456 1190 v.
1484 1139 1515 1190 40
1535 1163 1571 1176 -
1588 1137 1626 1188 Ex
1649 1135 1860 1200 concupiscentia
1896 1133 1996 1188 ratibus
2013 1135 2058 1188 vit
2075 1135 2127 1188 464
2148 1133 2182 1188 37

545 1227 743 1280 adhaerendum
758 1233 796 1280 est
809 1231 1039 1292 propternastram
1052 1225 1186 1280 utilitatem
1222 1223 1583 1292 sapientiaebabeturglaria
1598 1219 1759 1276 caetestist'b.
1779 1237 1806 1274 v.
1826 1223 1861 1276 47
1948 1249 1986 1260 -·
2001 1219 2078 1276 Liber
2099 1223 2244 1288 Sapientiae
2261 1223 2414 1276 inscribitur
2426 1223 2533 1288 Sapien-

545 1313 581 1370 44.
599 1329 627 1368 r.
645 1315 661 1364 3
680 1341 715 1354 --
735 1313 882 1380 Sapientiae
893 1313 1089 1368 adhaerendum
1104 1319 1143 1366 est
1154 1327 1188 1366 ex
1221 1313 1482 1378 -Persapientiam
1496 1311 1607 1366 babetur
1619 1311 1798 1364 immortalitas
1809 1311 1862 1376 glo·
1896 1309 1931 1362 tia
1950 1309 2097 1364 Salomonis
2120 1313 2156 1364 vt
2183 1313 2233 1362 408
2260 1313 2321 1364 nd
2344 1339 2376 1350 ·-
2396 1309 2480 1364 Causa
2497 1315 2532 1364 er·

547 1401 713 1470 quadruplici
726 1403 936 1454 consideratione
947 1403 981 1454 64
996 1407 1020 1454 ν’.
1034 1403 1068 1454 30
1080 1431 1118 1438 -—
1129 1403 1187 1454 red·
1223 1405 1276 1458 niae
1297 1403 1322 1454 in
1340 1401 1413 1454 caelo
1433 1401 1485 1454 464
1502 1415 1529 1454 r.
1553 1401 1581 1452 43
1603 1427 1635 1436 -
1655 1397 1791 1462 Sapientes
1803 1413 1861 1466 per·
1895 1397 1987 1450 ficiens
2002 1397 2061 1450 libri
2081 1399 2232 1464 Sapientiae
2247 1407 2289 1454 est
2305 1401 2374 1454 Deus
2401 1411 2447 1464 per
2473 1411 2531 1452 mo-

446 1487 447 1492 ’
545 1491 583 1544 dit
600 1487 715 1542 nabilem
737 1497 762 1542 et
779 1491 930 1566 gloriosum
949 1497 975 1544 et
1000 1493 1128 1556 quantum
1150 1489 1185 1544 ad
1222 1495 1288 1558 gunt
1307 1489 1339 1542 ad
1358 1489 1439 1542 vitam
1457 1493 1590 1540 aeternnm
1611 1487 1642 1538 34
1657 1501 1683 1538 r.
1696 1487 1723 1538 8.
1736 1487 1767 1540 85
1782 1501 1809 1542 v.
1824 1487 1859 1538 43
1894 1487 1959 1540 444
1979 1487 2142 1554 inspirantis,
2163 1487 2286 1542 Salomon
2303 1499 2352 1556 per
2369 1487 2480 1540 madunt
2492 1487 2532 1540 in·
2610 1513 2611 1516 ¹

508 1605 511 1610 ·
545 1583 682 1642 aspectam
701 1583 726 1636 et
746 1583 875 1646 quantum
892 1579 929 1630 ad
946 1577 1060 1630 verbam
1074 1575 1186 1630 ibid.--
1223 1577 1411 1642 -sapientes
1430 1577 1540 1642 gloriam
1559 1573 1782 1640 444444ου4454
1802 1577 1858 1628 48
1893 1573 2037 1638 uenientis,
2054 1575 2124 1628 Philo
2154 1589 2200 1642 per
2229 1577 2339 1632 modum
2365 1577 2532 1640 compilantis

545 1665 656 1718 bominis
670 1653 766 1720 relucet
777 1667 807 1718 in
818 1667 891 1720 vultu
904 1667 961 1718 eius
974 1665 1008 1720 ib.
1019 1667 1071 1718 mi
1090 1667 1187 1718 -Per
1273 1697 1310 1706 —
1327 1665 1438 1730 Sapiens
1455 1665 1593 1730 diligenter
1619 1665 1729 1718 intendit
1744 1663 1857 1718 verbum
1893 1661 1928 1718 444.
1944 1677 1973 1716 v,
1991 1663 2016 1730 5,
2037 1663 2051 1712 6
2069 1691 2106 1704 -
2124 1663 2217 1718 merito
2235 1665 2311 1718 Liber
2325 1663 2474 1730 Sapientiae
2492 1665 2531 1718 in·

544 1751 699 1818 sapientiam
728 1753 832 1818 sapiens
862 1759 899 1806 est
928 1749 1075 1818 spectabilis
1107 1753 1186 1804 etiarn
1221 1755 1275 1808 Filii
1295 1751 1341 1806 Dei
1367 1753 1398 1806 tl
1425 1753 1458 1806 65
1477 1767 1503 1806 v.
1521 1755 1539 1804 4
1557 1781 1594 1790 -
1613 1753 1722 1818 Sapiens
1739 1753 1858 1820 sequitur
1893 1753 2026 1814 titulatur,
2043 1751 2105 1816 quia
2120 1751 2150 1802 in
2169 1761 2199 1804 4ο
2219 1753 2251 1806 44
2264 1755 2389 1820 sapientia
2405 1759 2529 1820 tanquam

544 1845 673 1908 quantum
698 1837 732 1890 ad
756 1841 870 1892 verbum
894 1841 930 1892 65
953 1855 981 1892 v.
1006 1843 1077 1892 4-
1094 1841 1185 1908 Aquae
1222 1843 1449 1898 Citristumlucem
1464 1841 1497 1894 54
1520 1857 1549 1896 v.
1567 1841 1582 1892 8
1597 1841 1780 1906 *Sapientes
1799 1855 1858 1908 per·
1893 1841 1927 1892 de
1944 1837 2062 1892 sublecta
2092 1839 2132 1892 rel
2162 1839 2193 1890 de
2222 1841 2328 1892 materia
2351 1841 2530 1906 principaliter

545 1927 688 1994 sapientiae
713 1929 834 1982 salutaris
863 1929 1049 1994 multiplicatae
1073 1929 1194 1988 exaltant,
1223 1931 1347 1984 bibebant
1365 1931 1542 1982 4444444444
1560 1927 1662 1982 Christo
1682 1929 1734 1982 445
1751 1931 1786 1982 43
1893 1933 2016 1984 tractatur
2037 1925 2088 1978 409
2106 1927 2166 1978 49

544 2015 689 2080 sapientem
716 2015 763 2066 444
800 2015 822 2066 t·
841 2045 877 2054 -—
903 2015 1014 2068 Habitus
1043 2015 1185 2080 sapientiae
1229 2053 1230 2056 ,
1274 2017 1402 2084 -quasi
1422 2017 1716 2084 improportionabiliter
1733 2019 1857 2072 antecellit
1945 2045 1983 2058 --
2000 2015 2109 2082 Sapiens
2126 2015 2205 2068 allicit
2224 2021 2247 2068 et
2267 2015 2358 2068 invitat
2374 2017 2410 2068 44
2427 2017 2529 2082 sapien-

543 2105 615 2156 nulio
633 2101 712 2156 modo
731 2109 892 2168 potestesse
911 2105 1008 2156 nimius
1026 2105 1057 2156 64
1079 2117 1107 2172 q.
1121 2107 1134 2156 4
1148 2131 1183 2144 -
1221 2107 1354 2162 stultitiam
1375 2107 1407 2160 t'l
1426 2107 1458 2160 44
1481 2125 1505 2162 4.
1535 2109 1566 2162 43
1587 2135 1621 2146 -·
1639 2107 1730 2162 Neritus
1754 2115 1795 2162 est
1818 2123 1857 2162 su·
1893 2109 1943 2162 tiae
1964 2105 2107 2162 studiosam
2131 2103 2346 2172 acquisitionem,
2363 2105 2400 2156 ad
2416 2105 2529 2172 acquisi-

543 2193 642 2244 Lumen
662 2189 805 2254 sapientiae
821 2195 908 2258 prima
928 2199 966 2246 est
984 2193 1182 2246 diffundendum
1221 2197 1296 2264 piens
1320 2195 1371 2248 nisi
1397 2195 1440 2250 aul
1468 2197 1571 2268 sapiunt
1589 2211 1644 2260 res,
1665 2201 1743 2264 prout
1759 2195 1857 2250 debent
1893 2203 1934 2250 tae
1961 2199 2064 2250 ilrmam
2093 2193 2262 2248 retentionem
2291 2197 2315 2246 et
2335 2197 2450 2246 retentae
2468 2193 2529 2246 dile·

545 2279 571 2330 in
589 2281 735 2342 praelatae,
753 2279 849 2334 deinde
868 2281 891 2334 in
919 2295 1009 2334 earum
1037 2283 1183 2348 ministrae,
1221 2287 1254 2338 43
1273 2285 1333 2352 q.3
1354 2297 1411 2348 erg.
1429 2315 1463 2324 -
1483 2287 1514 2340 Ut
1534 2287 1677 2358 4414444444
1695 2287 1857 2352 pluroscun-
1894 2285 2004 2338 adunent
2036 2285 2066 2336 vt
2090 2283 2138 2336 407
2158 2297 2182 2336 r.
2205 2285 2215 2336 4
2237 2309 2274 2324 --
2292 2285 2415 2336 Salomon
2440 2283 2529 2348 prima

545 2367 621 2420 tertio
638 2369 664 2420 in
683 2365 805 2422 subditos
822 2369 908 2420 4009
1220 2373 1350 2426 tredicunt
1367 2373 1529 2438 sapientibus
1547 2375 1590 2428 Vll
1610 2375 1662 2428 445
1680 2375 1710 2426 34
1893 2381 1918 2428 et
1937 2373 2114 2438 principaliter
2142 2371 2251 2426 intendit
2279 2371 2414 2426 infundere
2438 2373 2528 2424 lumen

544 2481 545 2484 ¹
599 2455 755 2520 -Sapieus
767 2465 876 2522 propter
888 2459 1072 2512 discretionem
1085 2459 1114 2512 in
1126 2473 1184 2512 rer·
1271 2489 1308 2502 -
1325 2461 1488 2518 curiositatis
1513 2471 1554 2516 est
1580 2465 1640 2528 plus
1670 2465 1736 2514 44114
1762 2475 1856 2528 sapere
1893 2451 2035 2526 st't'pieutlae
2051 2461 2078 2514 in
2097 2459 2244 2526 superiores
2266 2467 2290 2514 44
2307 2475 2355 2526 per
2373 2475 2418 2514 eos
2438 2459 2466 2512 in
2489 2461 2529 2512 in·

545 2543 583 2596 bis
603 2545 657 2596 suis
677 2545 789 2612 acquirit
812 2547 923 2612 gratiam
943 2549 977 2600 Vl
996 2549 1029 2600 84
1049 2563 1075 2600 r.
1098 2549 1128 2600 44
1146 2575 1183 2588 -
1220 2565 1300 2618 quam
1318 2555 1422 2616 oportet
1439 2553 1473 2604 vt
1492 2549 1856 2614 tet·.t3-t³lurimiplus
1893 2549 1999 2602 seriores
2019 2549 2103 2600 4009
2132 2575 2168 2588 -
2195 2549 2364 2614 principalius
2383 2549 2526 2602 intenditur

545 2633 656 2698 Spiritus
676 2633 817 2698 sapientiae
835 2643 874 2688 est
892 2635 1023 2702 benignas
1052 2638 1102 2689 443
1120 2639 1182 2688 tuti
1219 2639 1507 2704 voiuntsaperequam
1523 2637 1668 2702 praesentia
1686 2641 1856 2688 contemnere
1893 2637 1917 2688 in
1935 2635 2002 2688 libro
2023 2635 2181 2700 Sapientiae,
2211 2639 2364 2690 secundario
2385 2635 2419 2688 ibi
2439 2639 2527 2702 agitur

544 2751 577 2758 -
590 2721 700 2786 Sapiens
714 2723 741 2774 in
752 2723 882 2788 praesenti
893 2725 997 2792 (quaerit
1008 2723 1136 2776 tristitiam
1148 2723 1182 2774 33
1221 2729 1252 2780 40
1271 2741 1298 2792 q.
1317 2723 1333 2774 4
1349 2727 1485 2776 -Plures
1501 2723 1672 2778 inveniuntur
1689 2721 1760 2774 stulti
1775 2735 1853 2788 quam
1892 2723 1925 2774 de
1944 2723 1988 2774 Dei
2012 2721 2142 2786 patentia,
2168 2723 2310 2786 sapientia,
2338 2723 2455 2774 bonitate
2473 2723 2525 2774 toa

545 2825 569 2860 v.
583 2809 601 2860 5
614 2837 647 2848 -
662 2809 770 2872 Sapiens
784 2825 835 2864 uon
849 2809 928 2864 debet
941 2811 987 2864 diu
998 2825 1107 2864 servare
1116 2811 1180 2862 iram
1220 2813 1350 2878 sapientes
1368 2813 1401 2862 48
1421 2825 1446 2862 r.
1469 2809 1499 2860 44
1892 2827 1918 2864 r.
1936 2813 1954 2862 7
1972 2839 2008 2852 -
2027 2811 2052 2864 44
2069 2811 2136 2864 libro
2150 2813 2296 2876 Sapientiae
2308 2825 2361 2864 non
2375 2815 2460 2864 solum
2473 2815 2527 2876 agi·

529 2955 530 2958 ¹
544 2897 576 2948 57
590 2911 617 2948 v.
635 2897 666 2948 40
678 2921 712 2934 -
726 2895 893 2950 Conversalio
914 2897 1056 2962 sapientiae
1072 2911 1125 2948 non
1139 2897 1182 2948 ba·
1270 2929 1306 2938 μ--
1325 2897 1484 2962 8444444444
1502 2897 1605 2948 discere
1622 2903 1649 2950 et
1667 2897 1761 2948 docere
1775 2893 1854 2948 debe-
1892 2899 1932 2950 tu'r
1952 2899 1984 2952 de
2003 2897 2129 2964 sapientia
2149 2899 2276 2962 increata,
2287 2897 2345 2954 eius
2356 2897 2478 2954 laudibus
2490 2901 2526 2952 ini

545 2981 587 3036 bet
600 2985 802 3036 amaritudinem
815 2985 949 3038 exterioris
965 2981 1116 3036 turbationis
1130 2981 1181 3032 464
1220 3001 1279 3040 444
1298 2987 1340 3036 Vll
1361 2985 1518 3036 40566-
1538 2983 1599 3038 Sine
1624 2983 1751 3050 sapientia
1778 2997 1854 3048 rages
1892 2987 2021 3050 sistendo,
2047 2987 2096 3040 sed
2116 2987 2196 3040 etiam
2216 2987 2248 3038 de
2269 2993 2367 3060 creata,
2388 2987 2445 3040 eius
2462 2989 2527 3042 utili·

440 3115 446 3148 .
544 3087 569 3124 r.
589 3073 622 3122 46
641 3099 676 3110 -
699 3069 842 3126 Cortviatus
866 3071 1006 3136 sapientiae
1032 3085 1084 3122 nan
1109 3071 1182 3122 alieri
1218 3087 1329 3140 regnare
1348 3087 1400 3124 nan
1418 3079 1529 3138 possunt
1547 3073 1580 3124 Vl
1601 3071 1652 3124 tte
1670 3087 1697 3124 r.
1717 3071 1743 3124 44
1760 3063 1855 3122 -ne
1892 3081 1956 3128 tates
1974 3075 2136 3128 ostendendo
2157 3073 2208 3128 403
2225 3089 2253 3128 r.
2274 3077 2376 3128 9—-ln
2396 3075 2526 3142 coagitdr

543 3159 658 3212 taedium
683 3159 827 3212 alliictionis
853 3157 916 3212 ibid.
932 3185 969 3198 -
988 3159 1098 3224 Sapiens
1118 3161 1181 3210 tern-
1220 3161 1329 3216 cessaria
1355 3167 1394 3212 est
1414 3159 1544 3212 iudicibus
1562 3161 1614 3212 445
1632 3177 1660 3214 v.
1677 3161 1694 3212 3
1714 3189 1747 3198 -
1768 3161 1854 3212 Eccle·
1891 3163 1923 3216 44
1932 3161 2058 3228 sapientia
2071 3161 2193 3226 increata,
2203 3167 2286 3230 qualis
2295 3165 2337 3228 sit,
2347 3163 2372 3218 et
2385 3163 2417 3218 de
2429 3171 2526 3230 creata,

542 3261 594 3312 pas
612 3251 793 3312 opportunam
809 3247 1001 3300 consideranda
1028 3247 1096 3300 bene
1120 3247 1180 3298 iacit
1218 3251 1271 3304 siae
1289 3249 1567 3314 rectoressapientiam
1582 3251 1698 3302 divinam
1718 3249 1854 3314 acquirere
1889 3251 2114 3320 quemadmodum
2135 3257 2219 3304 creata
2236 3253 2271 3306 sit
2288 3251 2349 3306 t'br'd.
2406 3255 2407 3258 ’

544 3335 575 3386 65
596 3351 621 3386 r.
640 3335 657 3384 6
676 3361 710 3374 -·-
731 3335 839 3400 Sapiens
858 3337 1003 3388 considerat
1029 3335 1180 3402 opportuni·
1219 3337 1467 3392 etamarodebent
1493 3331 1545 3392 447
1564 3353 1594 3392 v.
1613 3339 1700 3390 to-
1720 3337 1852 3402 Sapientes
1941 3369 1977 3378 --
2005 3339 2089 3394 Causa
2115 3341 2201 3392 linaiis
2227 3339 2286 3392 libri
2316 3341 2463 3408 Sapientiae
2485 3347 2526 3394 est

542 3423 1003 3490 tatemtetuporisinsuisoperibus
1024 3425 1056 3478 44.
1075 3425 1180 3476 445-
1217 3433 1278 3480 sunt
1295 3425 1463 3492 praeficiendi
1482 3427 1534 3478 468
1554 3427 1600 3478 404
1889 3429 2030 3482 exhortatio
2059 3443 2105 3482 seu
2138 3431 2289 3494 provocatio
2321 3431 2470 3494 principum
2498 3433 2526 3482 'et

543 3511 626 3564 Homo
638 3509 779 3576 praeterita
793 3513 840 3566 scit
853 3513 908 3578 ipsa
920 3513 1110 3578 sapientiatoa
1122 3513 1178 3566 v.8
1269 3543 1305 3554 -
1323 3515 1436 3580 Operam
1461 3515 1525 3568 dare
1550 3515 1692 3580 possumus
1712 3515 1851 3578 sapientiae
1889 3517 2079 3582 praelatorum,
2097 3521 2123 3568 et
2142 3529 2189 3582 per
2208 3529 2371 3584 consequens
2391 3517 2524 3580 amnium,

596 3625 630 3638 -
647 3599 1179 3668 444444ρὶ4444444444444444444444,
1218 3609 1262 3658 aut
1281 3609 1389 3670 propter
1416 3605 1587 3656 commodum
1606 3605 1749 3668 praesentis
1775 3605 1851 3668 vitea,
1889 3605 1920 3658 44
1940 3605 2055 3658 studium
2076 3611 2100 3658 et
2118 3611 2235 3658 amorem
2256 3605 2398 3670 sapientiae
2416 3605 2520 3658 444409

544 3701 701 3752 cognoscere
726 3693 749 3740 at
768 3689 876 3742 scrutari
896 3691 929 3742 vt
949 3691 979 3740 64
1001 3705 1029 3756 q.
1049 3691 1063 3740 4
1084 3717 1118 3728 -
1138 3689 1181 3740 Sa·
1218 3697 1261 3746 aut
1280 3699 1387 3758 propter
1406 3691 1643 3744 remunerationem
1662 3691 1760 3756 gloriae
1773 3695 1851 3744 aeter·
1889 3695 1914 3746 9.
1933 3693 1983 3746 440
2004 3695 2059 3744 v.l
2117 3689 2118 3692 ’

542 3777 656 3842 pientiae
675 3779 775 3830 tructus
793 3783 831 3830 est
850 3779 1058 3844 speciosissimus
1077 3779 1111 3830 ad
1123 3791 1180 3844 spe·
1218 3793 1266 3832 nae
1285 3781 1316 3832 Vl
1338 3781 1368 3834 46
1390 3797 1416 3848 q.
1434 3783 1452 3832 4
1470 3807 1504 3818 -
1524 3781 1578 3832 Non
1597 3785 1635 3832 est
1654 3779 1812 3832 studendum
1827 3781 1851 3830 44
1941 3809 1975 3820 -
1994 3781 2073 3834 Stilus
2091 3779 2148 3832 libri
2176 3779 2325 3844 Sapientiae
2343 3783 2429 3848 stragis
2448 3779 2525 3834 rado-

542 3865 697 3928 culaudunt,
717 3867 936 3932 fragrantissimus
953 3867 986 3920 ad
998 3867 1179 3930 odorandum,
1217 3869 1342 3932 sapientia
1359 3875 1470 3934 propter
1487 3881 1611 3932 praesens
1636 3867 1806 3940 commodum
1828 3873 1860 3934 et
1889 3869 1920 3920 let
1940 3871 2064 3920 Graecam
2084 3869 2261 3934 eloquentiam
2277 3883 2357 3936 quarn
2378 3869 2523 3922 liebraeam

542 3953 724 4018 sapidissimus
736 3957 771 4008 ad
785 3955 960 4020 gustandum,
977 3953 1179 4020 pretiosissimus
1217 3957 1408 4023 curiositatem,
1434 3957 1481 4010 sed
1505 3961 1612 4022 propter
1631 3961 1763 4008 aeternam
1787 3955 1851 4008 satu·
1889 3957 1920 4010 Vi
1944 3957 1991 4008 409
2014 3955 2084 4008 b—
2100 3955 2178 4008 tiber
2207 3957 2352 4020 Sapientiae
2381 3957 2406 4010 in
2425 3959 2524 4010 Graeco

542 4041 574 4094 ad
594 4041 784 4106 possidendum
802 4049 828 4094 at
847 4043 1021 4108 sempiternus
1038 4043 1073 4094 ad
1086 4043 1179 4106 parda·
1218 4049 1271 4098 tem
1289 4043 1353 4098 ibid.
1369 4073 1406 4084 —
1423 4045 1537 4096 Stultum
1565 4049 1604 4096 est
1621 4049 1730 4106 propter
1755 4045 1851 4094 lamam
1889 4043 2043 4108 compilatus
2063 4043 2143 4094 luisse
2159 4043 2266 4096 ridetur
2286 4045 2336 4098 tta
2355 4059 2383 4098 v.
2401 4047 2435 4096 43

541 4129 653 4180 randum
672 4129 716 4182 Vii
734 4131 782 4184 344
805 4133 840 4182 46
858 4159 894 4170 -
912 4145 1007 4196 spansa
1033 4137 1178 4184 vacatura
1217 4131 1363 4184 nominisin
1373 4131 1499 4196 sapientia
1511 4129 1628 4184 laborare
1638 4129 1671 4184 ib.
1681 4129 1851 4196 q.3--Qui-
1941 4157 1976 4170 -
1995 4129 2073 4182 Liber
2089 4131 2236 4196 Sapientiae
2257 4133 2288 4184 dc
2309 4131 2442 4184 sententiis
2455 4133 2524 4184 Sala·

541 4217 678 4292 Salomone
695 4217 797 4272 ratione
814 4219 1131 4286 amoris,deiectationis‚
1145 4221 1179 4272 in·
1217 4219 1419 4286 dam‘sapientes
1430 4225 1512 4274 totam
1526 4233 1600 4272 sunm
1612 4207 1850 4272 remunerationem
1889 4219 1972 4272 monis
1992 4219 2038 4270 luit
2057 4219 2213 4284 compilatus
2232 4219 2265 4272 Vt
2279 4221 2329 4272 408
2348 4221 2409 4272 tub
2431 4249 2464 4258 -
2483 4221 2524 4272 Li·

540 4305 761 4370 separabilitate,
774 4307 947 4374 generationis
967 4309 999 4360 Vl
1022 4307 1070 4358 400
1091 4323 1115 4360 v.
1136 4309 1152 4358 4
1217 4309 1242 4360 44
1261 4307 1384 4362 laudibus
1402 4307 1539 4362 bominum
1557 4309 1717 4362 constituunt
1736 4307 1769 4358 49
1787 4321 1815 4372 q.
1835 4307 1849 4358 4
1890 4307 1937 4358 ber
1961 4307 2105 4370 Sapientiae
2126 4303 2204 4358 babet
2220 4307 2247 4358 in
2266 4307 2397 4360 sententiis
2418 4309 2525 4374 prolun-

593 4421 626 4434 ·-·
647 4395 720 4460 Opus
736 4397 860 4462 sapientis
878 4403 918 4448 est
935 4397 1069 4450 canitttare
1089 4395 1178 4448 adver·
1270 4425 1303 4434 --
1336 4397 1509 4448 contemnitur
1544 4401 1653 4462 propter
1689 4395 1848 4450 audientiam
1889 4395 1950 4448 darn
1963 4395 2141 4448 difficultatem
2154 4401 2181 4446 et
2194 4395 2302 4460 originis
2315 4397 2523 4458 occultationem,

539 4481 620 4546 sarias
638 4487 664 4536 et
681 4481 849 4538 manifestare
861 4483 1006 4536 doctrinam
1023 4485 1053 4536 Vl
1070 4483 1121 4536 sta
1136 4483 1176 4536 27.
1217 4483 1349 4538 stultitiam
1379 4485 1412 4538 Vi
1429 4485 1464 4536 79
1482 4499 1511 4538 v.
1530 4485 1573 4548 46,
1592 4485 1626 4536 47
1645 4511 1678 4522 --
1697 4483 1806 4548 Sapiens
1826 4481 1849 4534 li·
1889 4483 1911 4534 in
1933 4481 2098 4536 sermonibus
2118 4483 2213 4534 claram
2232 4483 2476 4548 manifestationem,
2497 4485 2523 4534 in

540 4571 583 4622 Vll
603 4571 634 4622 88
657 4569 666 4622 l
688 4597 725 4612 -
743 4571 846 4626 instruit
861 4557 1077 4636 intelligentiam,
1100 4571 1177 4624 carri·
1216 4571 1311 4624 berans
1331 4571 1456 4626 oblivioni
1473 4573 1585 4626 traditur
1601 4571 1637 4624 73
1655 4587 1682 4624 r.
1704 4573 1735 4624 45
1755 4599 1788 4612 -
1809 4571 1849 4622 Sa·
1888 4583 2012 4636 praeessu
2028 4571 2159 4622 rationum
2179 4571 2393 4640 consequentiam
2412 4577 2439 4624 et
2456 4571 2523 4626 ordi·

541 4659 578 4724 git
602 4659 723 4724 culpam,
739 4667 814 4712 sanat
834 4665 954 4712 naturam
973 4661 1007 4712 i‘l
1028 4661 1079 4712 470
1099 4673 1123 4712 v.
1146 4661 1176 4712 46
1216 4661 1290 4726 piens
1308 4661 1465 4726 deprimitur
1482 4663 1513 4714 84
1535 4675 1563 4712 r.
1582 4661 1597 4712 5
1887 4665 1974 4712 natam
1994 4659 2211 4736 continuationem
2231 4655 2265 4712 44.
2282 4673 2311 4712 r.
2328 4659 2344 4710 7

539 4775 573 4784 --
593 4749 680 4812 imago
701 4747 802 4802 animae
821 4747 954 4802 rationalis
974 4753 1176 4814 perpeccatum
1268 4775 1302 4788 -··
1322 4751 1358 4802 De
1377 4749 1492 4814 sapiente
1521 4757 1581 4814 post
1605 4753 1718 4802 martem
1742 4763 1793 4802 non
1812 4753 1849 4802 est
1942 4747 2022 4800 Saron
2040 4745 2175 4798 -estin
2204 4747 2296 4800 allecta
2326 4747 2357 4800 vi
2384 4747 2416 4800 43
2442 4761 2467 4814 q.
2495 4751 2520 4800 3.

539 4835 681 4888 deformata
704 4849 750 4900 per
769 4835 921 4900 sapientiam
947 4843 984 4890 est
1010 4837 1175 4890 reformanda
1216 4837 1299 4904 magis
1320 4837 1446 4890 memoria
1464 4853 1542 4904 quam
1564 4839 1596 4892 de
1614 4839 1694 4892 stulto
1713 4837 1745 4888 tt
1771 4837 1804 4890 45
1824 4851 1849 4888 r.
1889 4835 1939 4888 433
1957 4849 1984 4888 v.
2004 4835 2019 4886 3

539 4921 635 4976 4074.
656 4925 664 4976 4
688 4925 829 4992 -Opera
848 4925 918 4978 baua
944 4925 1007 4978 0444
1031 4925 1128 4978 uirtute
1153 4931 1177 4976 et
1217 4925 1260 4990 44,
1280 4927 1313 4978 46
1332 4955 1365 4964 -
1389 4927 1519 4992 Quantum
1546 4927 1581 4980 44
1607 4927 1692 4978 Deum
1723 4925 1847 4978 memoria
1940 4925 2086 4976 8444444444
2105 4951 2141 4960 --
2158 4923 2279 4988 designat
2292 4925 2460 4990 gentilitatem
2479 4925 2523 4976 Vll

539 5013 654 5076 potentia
677 5011 822 5078 sapientiae
847 5015 899 5066 465
922 5029 950 5066 r.
976 5015 1009 5064 48
1035 5041 1068 5052 ε·-
1092 5015 1176 5066 Homo
1215 5021 1254 5066 est
1273 5013 1335 5066 bani
1352 5015 1490 5078 sapientis,
1517 5015 1562 5068 sed
1589 5027 1643 5066 non
1663 5019 1790 5078 quantum
1817 5013 1847 5066 ad
1888 5011 1938 5064 404
1962 5011 1998 5064 55
2024 5011 2182 5062 -salrata
2201 5015 2253 5072 est,
2270 5011 2394 5064 derelicta
2425 5013 2522 5076 populo

538 5099 671 5166 peccando
683 5099 711 5152 in
725 5115 778 5154 uno
790 5101 878 5166 perdit
890 5101 1041 5166 sapientiam
1054 5099 1090 5154 79
1103 5117 1130 5154 r.
1146 5103 1175 5152 48
1215 5103 1335 5156 bomiues
1352 5103 1387 5152 46
1405 5117 1433 5168 q.
1453 5105 1467 5154 3
1485 5131 1522 5138 -
1541 5101 1650 5168 Sapiens
1667 5117 1718 5154 non
1739 5105 1848 5166 praeier-
1886 5099 2040 5150 iudaeorum
2061 5095 2125 5150 ibid.
2140 5123 2179 5136 -
2195 5099 2363 5162 suscipiendo
2381 5099 2461 5150 Etiam
2480 5113 2524 5162 pe·

536 5189 1176 5254 -Homoamittendosapientiamperditmalta
1215 5195 1257 5242 tur
1274 5189 1351 5240 stulto
1370 5189 1559 5256 quantumsad
1577 5195 1689 5240 ntortetn
1708 5189 1742 5240 45
1761 5203 1786 5240 r.
1808 5185 1848 5238 44.
1886 5183 1998 5236 riculum
2017 5183 2091 5234 tarnis
2111 5183 2196 5236 evasit
2213 5183 2301 5236 4759

537 5275 606 5328 bona
626 5273 688 5330 trid.
1212 5279 1248 5332 ,46
1268 5291 1293 5342 q.
1313 5279 1377 5328 4-
1391 5275 1500 5340 Sapiens
1518 5281 1542 5328 et
1562 5277 1653 5329 stultus
1672 5289 1766 5340 parum
1779 5273 1848 5324 dille·
1941 5273 2008 5324 Sars
2024 5297 2062 5310 -
2079 5271 2128 5322 tria
2146 5269 2322 5334 multipliciter
2347 5273 2523 5340 intelliguntur

480 5351 481 5354 ’
590 5389 625 5402 -
645 5367 682 5414 est
702 5363 863 5430 cooperatrix
877 5363 994 5416 omnium
1010 5363 1042 5414 Vl
1057 5363 1106 5414 468
1122 5363 1176 5414 49
1214 5367 1274 5414 runt
1291 5363 1341 5414 bac
1359 5361 1458 5414 in'vita
1477 5363 1512 5414 34
1529 5363 1590 5414 448
1696 5415 1697 5418 ¹
1887 5359 1930 5410 Vll
1949 5357 2001 5410 348
2019 5357 2063 5424 44,
2081 5357 2116 5410 45

536 5441 667 5512 -44444
691 5449 874 5510 sobrictatem,
900 5447 1083 5514 prudentiam,
1106 5447 1178 5500 iusti·
1268 5475 1302 5486 -
1321 5449 1454 5500 mundana
1472 5455 1512 5502 est
1528 5449 1600 5510 lons,
1630 5449 1700 5502 unde
1721 5447 1848 5512 gentilitas
1941 5447 2054 5500 Stratus
2076 5475 2112 5484 -—
2136 5459 2205 5500 ttnus
2228 5447 2301 5500 alteri
2328 5449 2523 5504 concordatin

536 5537 600 5588 tiam
618 5543 645 5588 et
662 5537 785 5588 virtatem
804 5537 840 5588 53
858 5537 919 5588 mi
940 5537 1176 5588 -ostenditurex
1214 5537 1369 5600 sapientiam
1389 5533 1662 5590 4444749747
1682 5537 1848 5590 -bumana
1887 5535 1986 5588 malum
2013 5535 2058 5588 Vll
2081 5537 2129 5588 494
2163 5535 2196 5588 44
2220 5565 2256 5576 -s
2280 5537 2442 5604 impossibile
2470 5545 2522 5606 est,
2583 5563 2585 5566 ·

537 5621 604 5676 bona
629 5623 829 5676 conversatione
845 5621 891 5674 Vll
909 5623 943 5674 43
964 5621 1016 5674 444
1034 5651 1071 5660 -
1088 5619 1175 5674 Verba
1215 5627 1275 5676 tacit
1301 5623 1435 5676 bominem
1463 5617 1563 5696 44444
1587 5625 1604 5676 5
1630 5625 1660 5676 40
1682 5653 1715 5664 -
1734 5627 1847 5678 bumana
1886 5625 1959 5690 quod
1976 5627 2079 5678 4444444
2096 5621 2155 5690 ipse
2175 5627 2206 5678 de
2219 5627 2400 5690 regnoeiioiat
2420 5641 2446 5680 se
2459 5623 2521 5680 t'bt'd.

523 5711 691 5776 *sapientium
710 5711 786 5774 quasi
803 5711 902 5764 stimuli
919 5715 1067 5774 provocant
1084 5711 1176 5762 adbo·
1213 5727 1266 5764 444
1283 5711 1419 5776 cognoscit
1446 5711 1531 5776 astilia,
1559 5711 1605 5766 sed
1634 5711 1767 5766 mutabilia
1786 5711 1848 5766 ibuit.
1885 5741 1920 5750 -·
1940 5715 2050 5766 Satanae
2067 5727 2181 5780 regnum
2198 5715 2277 5768 estin
2297 5717 2372 5770 maiis
2388 5719 2415 5768 et
2434 5727 2523 5780 pecca·

536 5813 600 5852 num
619 5803 646 5850 et
663 5803 866 5862 praeservante
892 5811 954 5852 casu
971 5795 1006 5850 in'
1023 5801 1122 5852 malum
1142 5799 1175 5852 Vi
1212 5801 1341 5854 -stulta
1361 5813 1429 5868 Ι4444
1448 5805 1502 5866 444,
1520 5801 1581 5868 quia
1600 5815 1710 5854 erronea
1729 5801 1793 5858 t'dt'd.
1814 5831 1848 5840 -
1885 5801 1988 5856 toribus
2005 5801 2067 5856 ibid.

536 5887 584 5938 454
606 5901 635 5936 v.
653 5885 687 5938 43
706 5913 740 5926 -
755 5885 865 5952 Sapiens
878 5887 975 5952 cogitat
986 5885 1056 5940 baua
1070 5879 1102 5940 79
1116 5891 1173 5942 44
1213 5891 1325 5956 Sapiens
1341 5891 1427 5944 malus
1454 5895 1480 5942 et
1508 5903 1590 5942 vanus
1620 5891 1651 5944 46
1671 5905 1698 5958 q.
1716 5891 1733 5944 3
1754 5919 1787 5930 -
1807 5893 1848 5944 Se·
1938 5919 1974 5930 -
1993 5891 2096 5942 intrarit
2114 5891 2140 5942 in
2159 5889 2250 5944 iudam
2268 5905 2322 5944 nan
2340 5891 2520 5958 perillapsum

535 6001 572 6014 -
590 5973 700 6038 Sapiens
717 5975 816 6040 cogitat
833 5981 858 6026 et
881 5975 953 6040 cupit
974 5973 1044 6030 baua
1071 5981 1175 6030 aeterna
1211 5979 1287 6044 piens
1306 5993 1392 6032 renus
1409 5981 1516 6032 oculum
1528 5979 1607 6032 babet
1619 5979 1652 6032 ad
1665 5983 1767 6034 terrena
1785 5977 1848 6032 t'bt'd.
1886 5979 2025 6042 essentiae,
2045 5979 2091 6032 sad
2111 5993 2159 6044 per
2177 5981 2373 6044 suggestionem
2390 5977 2523 6044 nequitiae

536 6065 571 6116 80
590 6077 616 6116 r.
637 6065 652 6114 4
669 6089 706 6102 -
722 6063 831 6128 respicit
850 6071 955 6118 aeterna
972 6071 1000 6116 et
1023 6065 1102 6118 iidem
1125 6065 1175 6118 449
1264 6095 1302 6136 -Ὶ
1322 6069 1402 6122 Vanis
1424 6067 1587 6134 sapientibus
1603 6065 1800 6122 absconduntur
1813 6069 1849 6122 di·
1886 6067 1931 6120 Vll
1948 6065 1995 6120 544
2019 6065 2035 6118 4

535 6165 564 6206 r.
586 6153 612 6204 44
643 6179 677 6192 -
701 6151 785 6214 Opera
810 6153 959 6218 sapientiae
976 6155 1122 6218 respiciunt
1145 6169 1175 6208 ea
1211 6157 1274 6210 vina
1301 6161 1463 6210 sacramenta
1482 6161 1509 6208 et
1525 6155 1643 6220 partualis
1661 6161 1688 6208 et
1704 6155 1848 6208 humilibus
1939 6155 2063 6206 84444444
2079 6181 2114 6192 -
2132 6155 2160 6206 lu
2180 6153 2235 6206 salo
2258 6155 2313 6206 Dea
2342 6167 2403 6206 vera
2423 6157 2462 6206 est
2489 6151 2523 6206 iii

535 6255 603 6308 quae
624 6239 730 6306 spiritus
750 6247 811 6296 sunt
830 6242 858 6294 44
883 6241 1069 6308 a—-Sapiens
1081 6243 1176 6296 dicitur
1211 6245 1362 6296 revelantur
1380 6245 1424 6296 Vll
1441 6243 1492 6296 464
1511 6241 1545 6294 37
1565 6269 1599 6282 -·-
1618 6245 1750 6296 mundana
1767 6243 1795 6296 in
1814 6245 1849 6296 ui-
1886 6241 1921 6294 43
1939 6257 1965 6294 v.
1985 6241 2001 6292 8
2018 6267 2055 6280 -·
2072 6253 2134 6294 vera
2153 6253 2208 6292 nan
2227 6247 2265 6292 est
2289 6241 2315 6292 in
2333 6239 2481 6294 visibilibus
2497 6245 2523 6294 et

494 6325 495 6328 ’
535 6343 584 6396 per
601 6335 768 6384 aeternorum
787 6343 909 6396 saporem
930 6337 956 6384 et
977 6337 1078 6386 rectam
1103 6331 1177 6386 aesti·
1212 6331 1414 6400 tituatempore
1434 6331 1623 6386 evacuatuer
1635 6329 1670 6380 96
1684 6345 1709 6384 v.
1727 6331 1746 6382 7
1758 6359 1793 6368 —
1808 6333 1849 6384 Sa·
1885 6327 2053 6382 sensibilibus
2070 6325 2131 6380 t'bt'd.

519 6419 677 6482 ,mationem
698 6419 730 6470 34
750 6435 776 6474 u.
795 6419 812 6470 8
830 6449 867 6460 -
885 6419 935 6488 Qui
953 6419 1108 6486 sapientiam
1123 6419 1177 6472 dili·
1211 6421 1314 6486 pientes
1330 6433 1383 6472 non
1400 6419 1531 6488 eliguntur
1551 6433 1566 6472 a
1585 6419 1638 6472 Deo
1667 6419 1717 6470 268
1745 6419 1848 6470 tot-
1939 6419 2101 6470 Surtsracna
2119 6441 2154 6454 -
2174 6415 2304 6482 condigna
2329 6423 2369 6470 est
2393 6431 2440 6482 per
2459 6431 2523 6482 poe·

535 6513 627 6572 genter
644 6509 738 6572 eorde,
752 6521 795 6562 ore
810 6515 834 6562 et
846 6521 930 6574 opere
941 6515 1046 6564 servant
1064 6507 1096 6560 ab
1118 6509 1192 6574 ipsa·
1212 6509 1262 6576 Qui
1280 6521 1314 6560 se
1328 6509 1459 6574 sapientes
1484 6511 1606 6572 reputant
1623 6507 1690 6560 iuste
1706 6521 1848 6560 excaecata·
1884 6505 2017 6560 nitentium
2038 6505 2080 6558 Vll
2100 6503 2134 6558 74
2155 6505 2188 6558 47
2205 6533 2242 6544 -
2255 6505 2402 6572 ‚integritas
2425 6505 2523 6560 4444444·

535 6595 678 6648 liberantur
697 6611 711 6650 a
731 6595 867 6656 doloribus
891 6609 1036 6662 poenarum
1062 6601 1177 6650 aeterna·
1211 6603 1255 6650 tur
1272 6599 1320 6648 384
1343 6597 1388 6662 bt,
1406 6597 1496 6650 54-
1513 6595 1636 6662 Sapiens,
1654 6593 1701 6662 qul
1719 6593 1848 6648 subtiliter
1884 6593 1980 6648 ationis
1997 6593 2114 6646 consistit
2139 6593 2166 6644 in
2188 6593 2282 6648 effectu
2300 6593 2459 6660 operationis
2478 6593 2523 6648 ba·

479 6691 482 6702 “
534 6693 594 6734 444
615 6683 665 6736 474
686 6701 711 6736 r.
731 6683 748 6734 9
1211 6683 1296 6750 videt,
1316 6683 1410 6738 erroris
1431 6681 1545 6736 tenebris
1565 6683 1713 6734 involvetur
1733 6683 1765 6734 95
1785 6697 1812 6734 v.
1829 6683 1847 6734 7
1884 6695 1948 6746 nae,
1975 6683 1999 6734 in
2017 6679 2109 6734 babitu
2131 6683 2340 6736 conversationis
2357 6689 2477 6746 mactae,
2494 6683 2523 6734 in

589 6797 624 6812 -·
642 6773 814 6826 studentibus
832 6773 858 6824 in
878 6773 957 6826 4444
970 6773 1116 6836 sapientiae
1127 6773 1178 6824 llo-
1194 6829 1195 6832 ¹
1211 6799 1248 6810 --
1265 6773 1381 6824 bumana
1399 6783 1416 6822 a
1434 6773 1489 6824 Deo
1508 6773 1573 6834 iacta
1592 6775 1631 6824 est
1643 6769 1720 6822 stulta
1736 6769 1849 6822 54οη
1885 6769 2019 6822 tolerantia
2047 6769 2178 6838 passionis
2203 6771 2315 6824 acerbae
2344 6771 2393 6824 443
2423 6771 2456 6824 86
2486 6797 2523 6812 -

534 6859 624 6910 minus
642 6873 691 6912 saa
709 6857 837 6914 beneficia
856 6859 969 6914 ostendit
990 6861 1022 6912 Vl
1043 6859 1093 6912 643
1114 6875 1140 6914 v.
1160 6861 1174 6912 4
1193 6833 1247 6912 Ι84
1262 6859 1412 6926 reputando
1431 6859 1574 6926 sapientem
1593 6859 1675 6910 bomo
1687 6857 1781 6909 stultus
1794 6857 1849 6910 elli-
1885 6857 2038 6910 Satlslacere
2056 6861 2095 6910 est
2114 6857 2234 6912 debitum
2259 6859 2371 6936 reddere
2398 6873 2450 6912 non
2471 6861 2524 6936 Deo
