5908 8266
491 573 555 640 tac

491 743 639 830 quintal:
662 753 678 800 r
693 737 881 804 Merebatur
897 751 990 818 aqua,
1015 737 1048 798 et
1062 729 1235 796 sanabatur
1256 749 1343 796 unus
1359 747 1394 808 »ς
1419 735 1450 796 et

490 845 632 912 Christus
656 859 755 908 unum
788 847 911 906 hatum
934 837 984 908 ibi
1008 835 1158 914 curavit,
1178 841 1232 914 ut,
1251 837 1346 904 'sicut
1375 835 1449 902 dicit

490 949 696 1034 augustiuus,
731 945 925 1022 ostenderet,
956 941 1042 1028 quod
1072 941 1182 1008 nullus
1213 941 1316 1010 sanari
1349 947 1449 1028 potest

489 1055 546 1120 uisi
569 1053 653 1118 intra
676 1049 915 1118 ecclesiasticam
932 1049 1101 1126 unitatem;
1124 1049 1164 1116 de
1178 1067 1250 1134 qua
1266 1049 1386 1114 unitate
1412 1049 1448 1114 ad

490 1157 637 1242 Ephesios
654 1165 768 1242 quarto
781 1157 807 1222 ²:
826 1181 841 1212 r
854 1153 994 1232 Solliciti,
1007 1171 1134 1220 serrare
1151 1153 1302 1222 unitatem
1317 1153 1449 1240 spiritus

489 1265 519 1328 in
536 1264 662 1330 vinculo
685 1265 770 1348 pacis
783 1289 813 1328 ».
835 1289 852 1320 «
866 1263 951 1328 Uatis
975 1259 1145 1338 Dominus,
1160 1279 1224 1326 tina
1238 1261 1330 1336 fides,
1349 1279 1446 1328 uuum

489 1367 672 1452 baptisma»
707 1375 765 1434 eta
794 1367 846 1434 llic
875 1373 981 1432 autern
998 1385 1090 1432 wunus
1113 1367 1230 1432 dicitur
1260 1367 1378 1432 cadere
1413 1367 1447 1432 in

488 1473 625 1558 taciem,
642 1475 717 1558 quia
735 1473 869 1540 Ecclesia
883 1491 944 1538 non
962 1479 1083 1538 tanturn
1103 1461 1197 1538 hahet
1213 1473 1375 1538 unitatem
1392 1491 1447 1558 per

488 1599 644 1658 amorem,
670 1583 783 1648 rerum
799 1579 892 1646 etiam
910 1577 1128 1646 humilitatem
1144 1597 1200 1664 per
1218 1579 1446 1664 w{gratitudinem

488 1693 517 1752 ot
542 1679 684 1752 timorem
696 1687 720 1752 ³.
745 1685 807 1752 lloc
821 1685 977 1778 significat
992 1685 1058 1768 ipse
1073 1703 1176 1750 cacas
1190 1685 1227 1748 in
1241 1681 1380 1770 faeiem·
1398 1703 1447 1752 ca-

488 1811 543 1858 sus
560 1793 642 1858 enim
674 1793 710 1856 in
741 1787 863 1878 (aciem
885 1791 1041 1874 significat
1069 1791 1307 1870 reverenciam,
1335 1805 1446 1858 secana

488 1899 562 1964 dam
584 1897 663 1964 illud
686 1895 883 1982 apocalypsis
907 1897 1084 1980 septimol:
1115 1923 1130 1954 «
1146 1897 1182 1964 Et
1206 1915 1314 1964 ornnes
1341 1897 1445 1982 hageli

488 2007 611 2072 stabant
643 2005 674 2072 in
710 2003 848 2072 circuitu
879 2003 1016 2086 throni»
1047 2011 1124 2082 ete.;
1157 2003 1211 2070 sed
1246 2021 1338 2072 casus
1370 2011 1445 2090 post

488 2123 615 2198 tergum
647 2111 801 2198 significat
830 2111 994 2188 ruina-nr;
1025 2111 1146 2176 loannis
1171 2111 1291 2178 decimo
1313 2119 1443 2180 octavu:

492 2217 671 2284 «silhierunt
700 2219 876 2286 retrorsum
893 2223 939 2284 ‘et
962 2215 1144 2300 ceciderunt
1168 2219 1197 2284 in
1223 2223 1342 2286 terram
1358 2245 1393 2300 »3
1416 2227 1445 2288 et

488 2325 578 2408 primi
605 2327 722 2410 Regum
746 2331 876 2408 quarto:
906 2323 1054 2390 «Cecidit
1076 2327 1139 2392 Heli
1166 2327 1203 2394 de
1228 2327 1303 2394 sella
1325 2337 1444 2404 retror-

488 2451 605 2498 sum».
629 2431 714 2498 Unde
743 2431 891 2498 Glossa⁵t
923 2431 1012 2516 «Qui
1037 2433 1067 2498 in
1100 2433 1207 2502 laciem
1235 2435 1315 2500 cadit
1345 2435 1443 2514 ridet,

488 2549 551 2624 aquo
574 2539 680 2618 cadat;
704 2537 757 2624 qui
785 2549 870 2606 retro
893 2537 977 2606 cadit
999 2557 1062 2606 aaa
1090 2539 1182 2606 ridet.
1208 2541 1281 2606 Eoni
1306 2559 1382 2626 ergo
1415 2541 1443 2606 in

486 2645 608 2732 faeiem
631 2645 764 2724 cadunt,
789 2645 863 2732 quia
878 2645 1047 2712 humiliant
1068 2665 1103 2714 se
1123 2647 1154 2712 in
1179 2645 1228 2714 his
1247 2647 1443 2726 visibilibus,

487 2753 541 2818 uhi
564 2753 688 2830 rident,
712 2753 789 2836 quid
812 2771 866 2818 eos
888 2759 1056 2836 sequatur,
1080 2761 1116 2818 ut
1132 2753 1172 2816 ad
1194 2753 1362 2818 invisibilia
1383 2753 1444 2818 eri-

487 2867 611 2944 gantur.
635 2859 703 2924 hlali
730 2863 818 2924 retro
843 2859 977 2936 cadunt,
1001 2859 1082 2942 quia
1099 2857 1215 2924 cadunt
1238 2857 1269 2923 in
1295 2857 1443 2922 inuisibi-

487 2965 589 3044 libus,
615 2965 668 3030 uhi
686 2963 885 3040 nonrident,
903 2963 980 3048 qaid
996 2981 1050 3028 eos
1064 2969 1217 3046 sequatur
1230 2989 1269 3026 »,Δ
1285 2963 1372 3026 Cadit
1387 2981 1443 3028 aa·

487 3079 548 3136 terh
572 3071 642 3154 quis
668 3067 847 3154 infaciem
870 3069 901 3133 in
919 3087 1143 3152 sarperaorurn
1170 3065 1376 3132 mirabilium
1393 3085 1443 3132 re-

486 3175 658 3250 aelutione,
688 3175 768 3238 sicut
799 3173 916 3238 dicitur
938 3171 1074 3238 Danielis
1106 3173 1269 3238 decimor:
1300 3171 1440 3238 «Audiri

488 3299 593 3348 rocem
618 3299 799 3346 sermonum
822 3279 909 3358 ains,
933 3287 963 3344 et
987 3279 1118 3346 audiens
1141 3279 1278 3346 iacebam
1304 3285 1441 3346 conster-

486 3395 584 3454 natus
602 3405 696 3470 saper
710 3385 834 3452 iaciem'
857 3403 975 3464 ineam,
999 3393 1031 3452 et
1054 3389 1163 3452 rullus
1187 3405 1276 3454 meus
1294 3385 1442 3452 haerebat

411 3487 413 3490 ’
486 3503 589 3560 terrae
606 3515 635 3556 s.
663 3492 702 3558 ln
717 3491 922 3560 diuinorum
935 3489 1179 3558 charismatum
1198 3491 1442 3576 postulatione,-

488 3599 586 3666 iudith
621 3607 711 3666 sexto
728 3599 758 3662 l:
789 3597 930 3666 «Omnis
952 3599 1089 3682 poecilos
1120 3599 1231 3666 cecidit
1260 3599 1294 3662 in
1316 3597 1441 3674 laniem,

485 3705 649 3778 adorantes
673 3707 793 3788 Darrrn,
816 3711 848 3770 et
870 3705 1029 3770 cunimuni
1055 3705 1273 3774 lamentatione
1303 3711 1334 3772 et
1365 3705 1442 3770 fletu

486 3809 782 3896 unanimespreces
812 3827 885 3878 suas
918 3809 1050 3878 Domino
1081 3811 1293 3878 alluderent»
1321 3817 1379 3878 etc.
1412 3809 1442 3874 ln

486 3915 713 4000 beheimorum
737 3917 962 4000 susceptione;
986 3917 1112 3984 Genesis
1138 3917 1258 3984 decimo
1291 3917 1440 4000 septimo:

491 4023 637 4106 «Cecidit
653 4023 826 4088 ,lbraham'
839 4023 871 4088 ia
887 4022 1003 4090 ,faciem
1029 4043 1117 4090 suam
1141 4031 1173 4090 et
1196 4023 1296 4088 risit»
1318 4031 1377 4090 etc.

533 4127 624 4194 03⁶2.
649 4129 750 4210 (Vens.
779 4129 853 4208 lh).
878 4127 1019 4196 Secunda
1049 4135 1203 4214 quantum
1231 4127 1269 4196 ad
1301 4129 1441 4214 ingrati-

319 4235 611 4302 1rsrrti⁰fflri⁵tudiais
641 4235 851 4322 argutionum
881 4235 1002 4302 subdit:
1019 4235 1243 4322 ,Respondeas
1266 4243 1377 4302 autem
1395 4237 1441 4302 Ie-

352 4295 443 4346 argutio.

483 4363 543 4408 sas
565 4341 669 4406 alisii:
692 4341 807 4408 Nonne
830 4343 936 4408 decern
954 4343 1119 4410 mandati
1130 4349 1237 4422 sunt,
1268 4351 1297 4410 et
1327 4361 1442 4408 rnorem

485 4449 543 4514 ubi
571 4447 677 4514 sunt?
708 4449 774 4514 Nan
806 4447 931 4532 quaerit
964 4449 1004 4514 de
1033 4465 1145 4514 uorem
1181 4447 1262 4514 sicut
1296 4451 1443 4532 ignorans

485 4553 651 4622 cuiuslibet
675 4571 786 4622 aarum
808 4571 989 4636 personam,
1009 4553 1062 4622 sed
1079 4553 1253 4638 reprobans
1277 4555 1442 4638 ingratitu-

484 4661 564 4728 dinis
579 4659 835 4736 inreverentiam,
860 4659 941 4726 sicut
956 4659 1128 4744 quaerebat
1148 4661 1300 4726 Dominus
1315 4659 1442 4726 Genesis

485 4767 621 4834 tertio⁸:
638 4767 793 4844 'oldam
815 4767 870 4832 uhi
892 4773 926 4832 es
940 4773 983 4832 »i
1005 4765 1091 4832 Unde
1115 4765 1240 4832 Glossa:
1268 4793 1285 4826 (ε
1302 4767 1441 4850 Ingratos

485 4873 573 4958 quasi
597 4873 738 4958 igneam,
761 4871 817 4938 uhi
839 4871 919 4950 sint,
943 4871 1077 4956 requirit
1094 4895 1130 4950 »;
1155 4871 1197 4938 ita
1223 4877 1257 4938 ut
1273 4873 1303 4938 ia
1327 4873 1374 4940 eis
1388 4889 1447 4964 νε-Υ

375 5051 376 5054 ,
458 4975 461 4980 ’
485 4979 626 5046 rilicetur
648 4979 727 5044 illud
751 4979 872 5062 primae
894 4979 933 5044 ad
961 4979 1139 5044 Corinthios
1163 4979 1285 5044 decimo
1308 4983 1440 5060 quarto:
1481 5077 1482 5080 Ἴ

489 5086 669 5170 «ignoraus
691 5083 887 5168 ignorabitur
905 5111 935 5148 a.

1182 5307 1225 5314 .—

555 5465 564 5498 1
585 5467 658 5518 Vers.
680 5465 702 5516 4.
722 5493 757 5504 -
770 5465 900 5516 Sententia
917 5465 1025 5528 August.
1040 5465 1176 5516 oritibetur
1190 5465 1273 5516 Sarra.
1289 5465 1347 5516 425.
1369 5465 1440 5532 [alias

486 5555 525 5607 45.
548 5569 577 5606 ex
596 5553 795 5618 Siunundiauis)
815 5553 890 5614 u.1b;
911 5553 938 5604 in
964 5555 1032 5604 loaa.
1052 5555 1151 5618 Erang.
1172 5561 1201 5606 tr.
1232 5553 1272 5606 li.
1292 5569 1316 5606 n.
1337 5555 1369 5616 35
1394 5557 1440 5606 ch.

483 5651 547 5696 tom.
566 5645 609 5696 El.
627 5657 689 5708 pag.
709 5643 774 5704 343,
794 5647 853 5692 nota
875 5641 916 5692 l3.
1201 5639 1211 5670 2
1233 5641 1306 5694 Vers.
1327 5641 1353 5694 3.
1372 5647 1396 5694 et
1416 5645 1440 5694 5.

554 5729 564 5760 ³
584 5731 640 5784 Vat.
661 5731 754 5784 omittit
771 5729 867 5780 inhac
884 5729 1064 5794 propositione
1082 5729 1202 5786 Ecclesia
1221 5735 1323 5794 etpost
1346 5745 1440 5784 aarum

484 5819 564 5888 etiarn
585 5819 658 5872 addit
676 5833 737 5888 per.
756 5817 807 5872 Clr.
826 5819 905 5882 paulo
928 5819 1050 5882 superias
1067 5819 1157 5872 Glossa
1180 5819 1290 5882 allegata
1308 5833 1337 5870 ex
1358 5819 1439 5884 Beda,

483 5911 528 5978 qui
549 5909 642 5964 deinde
662 5909 747 5962 addit:
766 5909 815 5974 Qui
834 5907 902 5960 heae
922 5909 1018 5960 cadens
1038 5915 1097 5960 ante
1121 5909 1202 5974 pedes
1221 5909 1323 5962 Domini
1344 5909 1440 5972 gratias

482 5999 545 6066 egit.
563 5999 606 6050 llle
623 5999 693 6050 euim
712 6011 774 6050 vere
797 5997 849 6048 Deo
869 5997 965 6062 gratias
991 5997 1058 6062 agit,
1075 5999 1136 6064 qui,
1162 5997 1289 6060 repressis
1307 5991 1440 6060 praesum·

483 6089 559 6140 tionis
577 6101 639 6140 suae
659 6083 874 6152 cogitationibus,
892 6099 973 6152 quarn
993 6085 1019 6136 in
1038 6081 1180 6150 semetipso
1192 6085 1312 6138 infirmus
1331 6083 1375 6150 sit,
1394 6087 1440 6136 hu·

483 6177 576 6230 militer
596 6177 682 6242 ridet,
700 6177 747 6242 qui
765 6175 826 6224 nihil
846 6173 895 6226 sibi
915 6175 1017 6226 virtutis
1037 6173 1126 6226 tribuit
1144 6181 1193 6226 cta.

553 6263 564 6294 a
583 6267 656 6318 Vers.
678 6265 719 6316 ll.
733 6293 767 6304 -
782 6265 837 6314 Duo
858 6275 931 6330 seqq.
951 6263 999 6314 loci
1018 6269 1079 6314 sunt
1099 6263 1167 6316 loeti.
1188 6263 1235 6326 tu,
1253 6263 1280 6314 6.
1292 6267 1317 6314 et
1336 6261 1354 6312 l.
1374 6259 1438 6326 Reg.

483 6353 510 6418 4,
532 6355 573 6405 ts.
980 6361 983 6366 ·

552 6439 563 6470 ⁵
581 6443 684 6496 Scilicet
701 6439 843 6494 ardicuria
861 6441 901 6504 (ex
921 6439 1010 6506 Beda).

552 6527 563 6560 ⁶
581 6533 654 6584 Vers,
676 6533 705 6596 G,
725 6529 771 6584 ahi
785 6529 894 6582 CDFG
914 6539 972 6594 post
985 6527 1098 6582 audieus
1112 6535 1307 6596 presumuntur
1323 6529 1438 6580 conster-

479 6623 562 6674 natas
579 6635 655 6674 erum
675 6621 702 6674 in
720 6617 816 6690 faciem
834 6633 924 6674 merem
942 6625 991 6670 etc.

552 6707 654 6762 'Vera
678 6709 716 6778 44.
738 6737 771 6746 -
791 6707 908 6760 Subinde
927 6709 1052 6772 allegatur
1070 6709 1134 6758 Gen.
1156 6709 1202 6774 li,
1225 6709 1265 6762 li.

551 6791 654 6848 ⁸Vers.
675 6799 699 6848 9.
714 6823 750 6836 -
763 6797 855 6848 Glossa
874 6811 928 6862 seq.
947 6803 987 6848 est
1005 6793 1188 6850 interlinearis
1208 6797 1249 6866 (ex
1265 6791 1357 6860 Beda),
1377 6799 1437 6856 post

480 6881 597 6946 quaml.
617 6881 675 6934 Cor.
697 6885 744 6948 14,
763 6883 807 6932 38.

1068 551 1261 620 curtatur.
1289 551 1324 620 IN
1349 551 1587 620 credulorum
1610 551 1728 620 thole
1751 551 1785 618 C.
1808 551 1897 618 XVll.

1603 729 1656 796 332
1681 731 1783 814 (Vens.
1810 731 1884 814 ta).
1913 729 1947 794 Et
1963 729 2045 810 idea,
2061 731 2286 814 ,utostendah
2310 737 2396 824 quod
2412 737 2472 804 hoc
2486 755 2616 822 ‚relatarum

1513 835 1712 920 reprobando
1739 837 1824 904 'dinit
1841 839 1867 916 ⁹,
1894 835 2017 904 subdit:
2048 835 2122 936 1er
2155 845 2204 904 est
2219 837 2383 930 'inuentus
2413 811 2624 932 qaimgf't'm‘h'

1512 941 1636 1010 rediret
1660 953 1686 1008 et
1711 945 1806 1010 daret
1826 943 1974 1030 plurium
1997 945 2073 1022 Deo,
2097 943 2166 1010 adsi
2188 941 2252 1010 bic.
2274 947 2470 1038 alienigena.

1512 1049 1546 1114 ln
1568 1067 1632 1134 quo
1658 1049 1818 1116 manifeste
1847 1049 2023 1118 ostenditur
2049 1047 2235 1116 ludaeorum
2262 1049 2472 1138 ingratitud0,

1512 1153 1605 1240 quia,
1628 1169 1702 1220 cum
1728 1163 1831 1222 essent
1854 1171 1984 1236 norem,
2008 1156 2115 1226 nullus
2139 1173 2180 1224 en
2201 1155 2249 1226 ..ets
2282 1161 2391 1240 rediit,
2414 1161 2470 1228 sed

1511 1261 1599 1328 sulus
1621 1261 1680 1328 iste
1704 1261 1935 1342 Samaritanus,
1962 1263 2014 1350 qui
2039 1263 2154 1330 unicus
2174 1269 2243 1328 erat
2267 1271 2298 1330 et
2321 1269 2416 1334 solus.
2438 1269 2472 1336 ln

1511 1385 1575 1452 quo
1592 1367 1780 1452 intelligitur
1801 1367 1912 1434 electio
1926 1369 2067 1454 gentium
2093 1377 2122 1436 et
2140 1369 2320 1454 reprobatio
2343 1373 2492 1440 ladaeo-'
2576 1365 2577 1368 ’

1511 1493 1596 1554 rum,
1619 1475 1793 1540 secundum
1808 1473 1887 1538 illud
1904 1475 1940 1538 ad
1962 1475 2109 1560 Ephesios
2133 1475 2271 1544 seeundo
2284 1477 2330 1544 a,
2358 1503 2373 1536 c
2393 1481 2472 1558 llus,

1510 1579 1565 1664 qui
1590 1579 1685 1654 eratis
1709 1577 1875 1664 aliquando
1899 1587 2006 1664 gentes
2039 1581 2069 1646 in
2095 1599 2207 1662 carne,
2231 1583 2287 1668 qui
2310 1583 2407 1652 eratis
2438 1583 2472 1652 in

1510 1685 1571 1752 illo.
1597 1693 1736 1770 tempora
1758 1685 1825 1752 siae
1856 1685 1997 1764 Christe,
2030 1686 2154 1754 alienati
2183 1707 2204 1754 a
2234 1691 2472 1760 conversatione

1510 1793 1606 1858 lsrael
1628 1799 1667 1862 et,
1683 1791 1821 1876 hospites
1851 1797 2126 1870 testamentorum,
2148 1797 2366 1876 'promissionis
2383 1817 2470 1884 spem

1509 1917 1572 1964 non
1599 1897 1746 1966 hahentes
1760 1903 1801 1966 'et
1825 1897 1892 1964 sine
1915 1897 1978 1964 Deo
2000 1897 2033 1964 iu
2057 1899 2115 1964 hoc
2144 1901 2272 1966 mundo.
2295 1903 2385 1972 Nunc
2414 1923 2472 1970 au-

1511 2011 1572 2072 tera
1598 2007 1627 2072 in
1654 2005 1778 2072 Christo
1802 2005 1869 2072 lesu
1891 2023 1963 2084 vus,
1986 2005 2041 2090 qui
2057 2005 2154 2072 eratis
2175 2007 2344 2092 aliquando
2360 2009 2469 2092 longe,

1508 2111 1581 2180 iacti
1607 2115 1680 2180 estis
1695 2123 1802 2200 ,prope
1817 2119 1921 2184 »etc
1950 2111 2145 2200 Alienigena
2174 2111 2291 2180 dicitur
2314 2115 2368 2200 qai
2395 2115 2467 2182 alibi
2487 2133 2544 2188 uota
2560 2135 2638 2180 arran-

1508 2221 1628 2288 hahitat
1653 2229 1683 2288 et
1706 2223 1780 2290 alibi
1804 2229 1898 2290 natus
1920 2229 1984 2300 est;
2009 2223 2053 2290 sic
2078 2229 2123 2290 est
2148 2221 2184 2288 de
2218 2221 2381 2300 omnihus,
2414 2221 2469 2306 qui
2529 2199 2591 2242 μω·

1508 2329 1677 2396 carnaliter
1692 2329 1755 2397 nati
1781 2329 1817 2396 ad
1836 2329 1982 2414 spiritum
2006 2335 2183 2408 transeunt,
2198 2329 2370 2398 secundum
2388 2327 2468 2396 illud

1508 2437 1548 2504 ad
1564 2437 1718 2504 Romanos
1733 2455 1814 2504 nono
1829 2439 1869 2502 1¹:
1893 2437 1983 2504 «Nan
1997 2435 2050 2522 qni
2069 2437 2123 2504 filii
2141 2437 2259 2516 caruis,
2276 2435 2305 2502 hi
2325 2435 2378 2502 uhi
2396 2435 2467 2516 Dei,

1508 2544 1562 2610 sed
1585 2543 1637 2630 qui
1665 2543 1718 2610 ulit
1736 2549 1820 2610 'sunt
1848 2543 2061 2628 promissionis
2087 2545 2292 2610 aestimantur
2320 2543 2351 2610 ia
2375 2543 2469 2610 semi-

1507 2667 1548 2714 ue
1561 2675 1596 2726 »3
1613 2651 1701 2732 quia,
1719 2649 1800 2714 sicut
1821 2649 1937 2714 dicitur
1958 2647 2079 2714 loannis
2100 2651 2206 2726 tertio,
2228 2649 2342 2732 equod
2356 2655 2468 2714 nalum

1508 2761 1555 2820 est
1577 2773 1618 2822 ex
1643 2773 1737 2820 carae
1761 2771 1836 2820 caro
1852 2759 1929 2818 est»
1951 2761 2008 2818 etc.
2030 2753 2062 2818 Et
2079 2753 2148 2818 ideo
2168 2753 2198 2816 in
2218 2755 2337 2820 Psalmo
2348 2755 2376 2794 1²
2393 2753 2469 2820 dici-

1508 2865 1561 2922 tur
1578 2859 1746 2924 Ecclesiae:
1769 2883 1786 2914 <r
1800 2855 1992 2922 Obliviscere
2012 2855 2163 2940 populum
2181 2861 2273 2922 tuom
2292 2855 2468 2922 etdomum

1507 2961 1606 3044 patris
1626 2961 1672 3026 tui
1687 2987 1704 3018 »
1727 2965 1803 3038 etc.;
1820 2969 1853 3026 et
1867 2959 1904 3024 in
1919 2957 2035 3044 sipara
2050 2959 2166 3026 elicitur
2182 2961 2324 3026 Abrahae
2342 2957 2469 3034 Genesis

1506 3065 1705 3130 duodecimo:
1727 3063 1914 3148 «Egredere
1936 3063 2077 3130 detersa
2102 3071 2157 3132 tua
2177 3065 2264 3132 etde
2285 3065 2467 3150 cognatione

1506 3177 1561 3236 tua
1584 3179 1615 3236 et
1637 3171 1677 3236 de
1699 3171 1792 3236 domo
1814 3169 1914 3254 patris
1943 3169 1990 3236 tui
2013 3155 2044 3236 et
2066 3169 2136 3236 ved
2162 3173 2192 3236 in
2226 3179 2343 3238 terram
2360 3195 2376 3228 i>
2406 3175 2466 3236 etc.

1508 3279 1546 3344 Et
1568 3277 1636 3344 ideo
1661 3279 1782 3362 primae
1812 3275 1895 3344 Petri
1925 3275 2081 3344 secundo:
2111 3275 2280 3344 «Obsecro
2310 3293 2365 3344 vos
2398 3281 2467 3340 tan-

1506 3385 1754 3470 quam‘adrenas
1777 3389 1806 3452 et
1826 3383 2023 3470 peregrina,
2046 3383 2205 3452 abstinere
2222 3403 2277 3452 ros
2298 3383 2468 3452 acarnali-

1507 3491 1753 3560 dissuasimus
1769 3519 1785 3552 »
1813 3499 1872 3558 etc.
2318 3535 2319 3538 ,

1597 3599 1648 3666 34.
1673 3601 1774 3682 (Vers.
1802 3599 1876 3678 ta).
1903 3599 2006 3664 Tertio
2035 3605 2186 3682 quantum
2219 3597 2256 3664 ad
2284 3595 2622 3684 qualitadi-aramma

1505 3707 1560 3772 nis
1583 3705 1856 3792 approbationem
1878 3703 2056 3788 subiungit:
2085 3707 2122 3770 Et
2139 3705 2188 3778 uit
2204 3703 2253 3772 ilii
2265 3707 2313 3770 13:
2340 3701 2466 3788 Surge,
2485 3673 2620 3728 ³⁰p'⁰b²²¹⁰‘

1505 3811 1607 3890 uude,
1630 3811 1713 3898 quia
1735 3809 1815 3896 tides
1849 3819 1909 3878 tua
1931 3819 1961 3876 te
1988 3809 2120 3876 salvant
2144 3809 2230 3898 seuit.
2257 3813 2382 3896 Surge,
2408 3825 2466 3894 per

1505 3917 1746 4004 poenitentiam
1772 3917 1809 3984 ad
1835 3917 1983 4000 Ephesios
1998 3917 2124 4002 quinto:
2156 3945 2170 3978 «
2187 3919 2301 4002 Surge,
2320 3915 2372 4002 qui
2393 3915 2466 3982 dor-

1505 4025 1583 4102 mis,
1606 4031 1635 4090 et
1654 4043 1792 4110 exsurge
1814 4025 1983 4090 amortuis
1997 4049 2035 4102 »;
2058 4023 2238 4090 ethctnum
2263 4019 2464 4090 duodecimo:
2493 4079 2494 4082 ,

1507 4129 1697 4196 «Excitavit
1721 4147 1808 4206 eunt,
1833 4125 1953 4196 dicensi
1982 4153 1998 4186 «
2015 4129 2114 4212 Surge
2138 4129 2286 4196 velociter
2310 4155 2341 4190 ».
2364 4125 2464 4204 Vade,

1505 4253 1562 4320 per
1579 4235 1748 4314 iustitiam3
1774 4235 1917 4304 llatthaei
1934 4235 2103 4300 octavo14:
2125 4259 2141 4292 c
2159 4235 2232 4302 [lico
2247 4233 2341 4302 huic:
2365 4229 2464 4312 Vade,

1505 4349 1538 4408 et
1561 4343 1644 4408 radit
1659 4369 1687 4422 l,
1713 4343 1829 4410 scilieet
1853 4361 1911 4426 per
1925 4343 2147 4424 obedientiam,
2169 4361 2250 4430 quae
2275 4349 2321 4410 est
2338 4337 2466 4406 nobilis-

1505 4449 1584 4514 sima
1608 4467 1681 4534 paris
1704 4449 1858 4528 iustitiae,
1880 4467 1963 4534 qaae
1992 4449 2154 4532 potissime
2175 4451 2235 4516 luit
2257 4449 2289 4514 in
2321 4445 2465 4526 Christe,

1505 4553 1681 4622 secundam
1712 4555 1791 4620 illud
1823 4553 1972 4644 llatthaei
2000 4553 2152 4638 vigesimo
2181 4561 2295 4622 sento:
2331 4577 2346 4610 «
2368 4551 2466 4620 Filius

1505 4661 1632 4746 quidem
1658 4661 1794 4728 hominis
1817 4645 1920 4738 radit,
1943 4661 2026 4728 sicut
2049 4661 2202 4744 scriptum
2226 4667 2275 4728 est
2296 4661 2335 4728 de
2358 4657 2412 4724 illa
2431 4685 2465 4740 »,

1505 4769 1565 4834 hoc
1589 4769 1725 4848 est‚==ire
1748 4787 1767 4832 a
1791 4769 1856 4834 Deo
1877 4769 1917 4834 ad
1939 4769 2040 4836 Deum
2063 4775 2096 4834 et
2112 4769 2291 4838 'secundum
2315 4769 2415 4834 Deum
2432 4774 2465 4833 et

1505 4881 1634 4958 propter
1647 4875 1765 4952 Deum3
1783 4875 1905 4940 loannis
1920 4873 2040 4940 decimo
2055 4873 2149 4946 tertio
2162 4877 2204 4940 1⁵:
2222 4901 2237 4932 «
2250 4873 2370 4948 Sciens,
2389 4871 2465 4954 quia

1504 4995 1523 5042 a
1547 4977 1611 5042 Dea
1632 4977 1733 5042 exirit
1755 4983 1788 5042 et
1808 4979 1847 5042 ad
1872 4977 1971 5042 Deum
1994 4975 2079 5042 radit
2096 4999 2130 5054 »3
2157 4985 2186 5044 et
2211 4975 2462 5042 decimosexto:

1509 5107 1526 5138 r
1543 5081 1626 5150 Vade
1658 5081 1695 5148 ad
1729 5099 1800 5148 curn
1825 5081 1878 5166 qui
1903 5081 1986 5148 misit
2011 5099 2060 5148 nte
2076 5109 2093 5140 r
2120 5091 2178 5150 etc.
2213 5081 2309 5150 Fides
2342 5087 2402 5146 tua
2432 5091 2463 5148 te

1577 5463 1588 5492 ⁹
1608 5465 1689 5528 Beda,
1713 5467 1744 5518 V.
1764 5465 1791 5518 in
1811 5467 1872 5520 Lae.
1895 5465 1935 5532 tt,
1960 5465 2000 5532 lt,
2020 5465 2124 5518 Glossae
2141 5465 2308 5522 interlineari
2327 5465 2406 5530 paulo
2420 5481 2464 5518 su·

1504 5555 1595 5618 perias
1622 5545 1746 5622 allegatae
1765 5557 1851 5610 addit:
1869 5555 1939 5606 Scire
1958 5555 2028 5608 enim
2048 5555 2094 5608 Dei
2111 5557 2223 5626 eligere,
2247 5555 2350 5610 nescire
2372 5567 2463 5622 repro·

1504 5641 1568 5696 hare
1588 5649 1634 5696 est.

1576 5731 1599 5762 ²⁰
1618 5735 1693 5786 'Vers
1713 5735 1803 5786 41-13.
1816 5733 1869 5786 Cir.
1884 5735 2008 5798 Argissa,
2030 5735 2055 5784 ll.
2076 5735 2124 5802 Qq.
2144 5717 2307 5800 Erraugelior.
2326 5747 2352 5800 q.
2372 5729 2415 5786 40.
2432 5747 2461 5786 n.

1504 5821 1536 5888 4,
1553 5837 1632 5888 quem
1652 5825 1770 5888 sequitur
1790 5825 1872 5886 Beda,
1892 5823 1925 5876 V.
1943 5823 1971 5872 in
1988 5825 2052 5874 Luc.
2072 5823 2118 5888 lt,
2144 5825 2184 5878 tr.
2205 5839 2260 5890 seq.
2280 5849 2314 5860 -·
2334 5823 2463 5882 Superius

1503 5921 1562 5974 post
1580 5909 1627 5966 sed
1643 5911 1666 5962 A
1684 5911 1779 5962 omittit
1797 5911 1880 5966 solas.

1573 5999 1596 6028 1¹
1616 5999 1691 6050 vers.
1705 6001 1730 6050 8.
1743 5999 1802 6066 (pro
1814 5999 1992 6054 aestimantur
2010 5999 2151 6054 achra
2170 5997 2385 6062 eadtiruaatard,
2401 6005 2462 6062 post

1503 6101 1583 6152 quem
1604 6091 1671 6140 loon.
1691 6089 1722 6152 3,
1741 6089 1765 6140 6.

1532 6245 1534 6250 Α
1574 6175 1708 6228 12Psalm.
1732 6173 1779 6240 tt,
1800 6177 1842 6229 tt.
1860 6203 1895 6216 -
1915 6179 1973 6230 Duo
1990 6191 2064 6244 seqq.
2089 6177 2136 6230 loci
2157 6185 2219 6230 sunt
2238 6177 2302 6228 Gen.
2325 6175 2370 6234 ta,
2393 6173 2417 6226 i.
2435 6181 2463 6228 et

1503 6267 1519 6316 l.
1541 6267 1608 6318 Patr.
1626 6267 1658 6326 2,
1679 6265 1721 6316 ll.
2348 6285 2349 6288 ¹

1573 6351 1597 6380 ²³
1617 6353 1704 6404 Plures
1724 6353 1814 6418 codd,
1835 6359 1863 6404 at
1886 6351 1936 6404 AG
1951 6353 1983 6418 F,
2002 6351 2124 6404 omittunt
2143 6353 2176 6406 Et
2194 6353 2235 6406 ait
2257 6347 2313 6416 tuq·
2341 6351 2361 6402 D
2384 6347 2460 6416 legit:

1502 6439 1539 6494 Et
1555 6439 1593 6494 ait
1612 6439 1666 6506 aar,
1685 6455 1734 6504 per
1750 6441 1972 6494 exhortationem:
1995 6455 2094 6508 surge,
2114 6455 2162 6506 per
2183 6437 2302 6494 beneficii
2328 6437 2461 6500 cogitatio

1502 6545 1578 6592 nem;
1599 6527 1677 6594 crude,
1696 6543 1745 6594 per
1769 6531 1914 6594 gratiaram
1937 6531 2065 6584 actionem
2093 6531 2220 6596 (secanda
2243 6543 2337 6580 manus
2360 6527 2463 6582 addidit

1502 6617 1545 6672 oei
1561 6617 1629 6682 sict:
1649 6617 1752 6686 Surpe,
1773 6617 1839 6672 rude
1857 6625 1906 6672 ete.
1924 6645 1959 6656 -
1979 6617 2096 6672 Subinde
2114 6619 2258 6682 allegantur
2279 6617 2343 6680 Eph.
2362 6617 2394 6680 5,
2417 6617 2460 6670 44.

1502 6713 1529 6758 et
1547 6707 1604 6758 Act.
1622 6707 1671 6770 42,
1688 6707 1715 6758 7.

1574 6791 1598 6824 ¹4
1617 6797 1691 6848 Vers.
1711 6797 1736 6846 9.
1754 6803 1781 6848 et
1799 6793 1893 6848 deinde
1913 6797 1960 6862 hb,
1981 6795 2023 6848 24.

1574 6881 1597 6912 ¹⁵
1617 6887 1691 6938 Vers.
1711 6885 1737 6936 3.
1754 6891 1781 6936 et
1800 6883 1849 6948 lb,
1868 6885 1893 6936 5.
