<?xml version="1.0" encoding="UTF-8"?>
<!DOCTYPE html PUBLIC "-//W3C//DTD XHTML 1.0 Transitional//EN"
    "http://www.w3.org/TR/xhtml1/DTD/xhtml1-transitional.dtd">
<html xmlns="http://www.w3.org/1999/xhtml" xml:lang="en" lang="en">
 <head>
  <title>
</title>
<meta http-equiv="Content-Type" content="text/html;charset=utf-8" />
  <meta name='ocr-system' content='tesseract 3.04.00' />
  <meta name='ocr-capabilities' content='ocr_page ocr_carea ocr_par ocr_line ocrx_word'/>
</head>
<body>
  <div class='ocr_page' id='page_1' title='image "./doctorisseraphi01italgoog/doctorisseraphi01italgoog_0825.png"; bbox 0 0 5908 8266; ppageno 0'>
   <div class='ocr_carea' id='block_1_1' title="bbox 554 587 2256 756">
    <p class='ocr_par' dir='ltr' id='par_1_1' title="bbox 554 587 2256 756">
     <span class='ocr_line' id='line_1_1' title="bbox 554 587 1757 688; baseline 0 -8"><span class='ocrx_word' id='word_1_1' title='bbox 554 617 620 682; x_wconf 84' lang='grc'><strong>222</strong></span> <span class='ocrx_word' id='word_1_2' title='bbox 759 635 761 640; x_wconf 31' lang='lat' dir='ltr'>v</span> <span class='ocrx_word' id='word_1_3' title='bbox 796 685 798 688; x_wconf 73' lang='grc'><strong>,</strong></span> <span class='ocrx_word' id='word_1_4' title='bbox 1418 615 1532 680; x_wconf 85' lang='grc'>22222</span> <span class='ocrx_word' id='word_1_5' title='bbox 1555 615 1685 682; x_wconf 85' lang='lat' dir='ltr'><strong>annun</strong></span> <span class='ocrx_word' id='word_1_6' title='bbox 1756 587 1757 590; x_wconf 62' lang='lat'>‘</span> 
     </span>
     <span class='ocr_line' id='line_1_2' title="bbox 836 699 2256 756; baseline -0.001 -2"><span class='ocrx_word' id='word_1_7' title='bbox 836 701 904 756; x_wconf 85' lang='lat' dir='ltr'><strong>ono</strong></span> <span class='ocrx_word' id='word_1_8' title='bbox 2193 699 2256 752; x_wconf 79' lang='grc'><strong>022</strong></span> 
     </span>
    </p>
   </div>
   <div class='ocr_carea' id='block_1_2' title="bbox 552 783 2543 942">
    <p class='ocr_par' dir='ltr' id='par_1_2' title="bbox 552 783 2543 942">
     <span class='ocr_line' id='line_1_3' title="bbox 605 783 2543 856; baseline 0.001 -16"><span class='ocrx_word' id='word_1_9' title='bbox 605 819 641 828; x_wconf 88' lang='lat'>-</span> <span class='ocrx_word' id='word_1_10' title='bbox 659 791 707 842; x_wconf 83' lang='lat' dir='ltr'><strong>Per</strong></span> <span class='ocrx_word' id='word_1_11' title='bbox 725 791 870 842; x_wconf 90' lang='lat' dir='ltr'><strong>orationem</strong></span> <span class='ocrx_word' id='word_1_12' title='bbox 887 793 1041 854; x_wconf 88' lang='lat' dir='ltr'><strong>impetratur</strong></span> <span class='ocrx_word' id='word_1_13' title='bbox 1055 789 1139 854; x_wconf 88' lang='lat' dir='ltr'><strong>gratia</strong></span> <span class='ocrx_word' id='word_1_14' title='bbox 1154 803 1193 842; x_wconf 87' lang='lat' dir='ltr'><strong>co·</strong></span> <span class='ocrx_word' id='word_1_15' title='bbox 1283 791 1407 844; x_wconf 84' lang='grc'>02222222</span> <span class='ocrx_word' id='word_1_16' title='bbox 1424 791 1621 856; x_wconf 83' lang='lat' dir='ltr'><strong>—aliquando</strong></span> <span class='ocrx_word' id='word_1_17' title='bbox 1638 783 1867 854; x_wconf 87' lang='lat' dir='ltr'><strong>significatquod·</strong></span> <span class='ocrx_word' id='word_1_18' title='bbox 1904 785 2003 850; x_wconf 89' lang='lat' dir='ltr'><strong>signari</strong></span> <span class='ocrx_word' id='word_1_19' title='bbox 2028 785 2106 840; x_wconf 87' lang='lat' dir='ltr'><strong>debet</strong></span> <span class='ocrx_word' id='word_1_20' title='bbox 2134 785 2209 850; x_wconf 90' lang='lat' dir='ltr'><strong>signo</strong></span> <span class='ocrx_word' id='word_1_21' title='bbox 2226 785 2385 854; x_wconf 64' lang='lat' dir='ltr'><strong>{dominicae</strong></span> <span class='ocrx_word' id='word_1_22' title='bbox 2412 789 2543 854; x_wconf 81' lang='lat' dir='ltr'>passionis</span> 
     </span>
     <span class='ocr_line' id='line_1_4' title="bbox 552 871 2543 942; baseline -0.001 -10"><span class='ocrx_word' id='word_1_23' title='bbox 552 877 696 942; x_wconf 89' lang='lat' dir='ltr'><strong>gnoscendi</strong></span> <span class='ocrx_word' id='word_1_24' title='bbox 720 883 746 930; x_wconf 88' lang='lat' dir='ltr'><strong>et</strong></span> <span class='ocrx_word' id='word_1_25' title='bbox 768 885 837 932; x_wconf 92' lang='lat' dir='ltr'><strong>recte</strong></span> <span class='ocrx_word' id='word_1_26' title='bbox 861 879 968 932; x_wconf 84' lang='lat' dir='ltr'><strong>vivendi</strong></span> <span class='ocrx_word' id='word_1_27' title='bbox 987 881 1032 932; x_wconf 90' lang='lat' dir='ltr'><strong>Vll</strong></span> <span class='ocrx_word' id='word_1_28' title='bbox 1051 877 1103 930; x_wconf 98' lang='grc'><strong>277</strong></span> <span class='ocrx_word' id='word_1_29' title='bbox 1125 879 1134 926; x_wconf 92' lang='grc'><strong>2</strong></span> <span class='ocrx_word' id='word_1_30' title='bbox 1158 905 1194 914; x_wconf 99' lang='grc'>-</span> <span class='ocrx_word' id='word_1_31' title='bbox 1229 877 1292 932; x_wconf 93' lang='lat' dir='ltr'><strong>libet</strong></span> <span class='ocrx_word' id='word_1_32' title='bbox 1320 879 1521 932; x_wconf 76' lang='lat' dir='ltr'><strong>instrumentum</strong></span> <span class='ocrx_word' id='word_1_33' title='bbox 1548 877 1697 938; x_wconf 88' lang='lat' dir='ltr'><strong>musicum,</strong></span> <span class='ocrx_word' id='word_1_34' title='bbox 1726 871 1868 938; x_wconf 87' lang='lat' dir='ltr'><strong>aliquando</strong></span> <span class='ocrx_word' id='word_1_35' title='bbox 1904 871 1965 928; x_wconf 83' lang='lat' dir='ltr'><strong>ibid.</strong></span> <span class='ocrx_word' id='word_1_36' title='bbox 1984 875 2111 928; x_wconf 87' lang='lat' dir='ltr'><strong>-debet</strong></span> <span class='ocrx_word' id='word_1_37' title='bbox 2125 875 2464 942; x_wconf 87' lang='lat' dir='ltr'><strong>essehumilis,utpastori</strong></span> <span class='ocrx_word' id='word_1_38' title='bbox 2478 877 2543 932; x_wconf 91' lang='lat' dir='ltr'><strong>obe·</strong></span> 
     </span>
    </p>
   </div>
   <div class='ocr_carea' id='block_1_3' title="bbox 455 961 2543 1030">
    <p class='ocr_par' dir='ltr' id='par_1_3' title="bbox 455 961 2543 1030">
     <span class='ocr_line' id='line_1_5' title="bbox 455 961 2543 1030; baseline 0 -14"><span class='ocrx_word' id='word_1_39' title='bbox 455 1019 457 1024; x_wconf 70' lang='grc'>,</span> <span class='ocrx_word' id='word_1_40' title='bbox 552 967 637 1018; x_wconf 89' lang='lat' dir='ltr'><strong>llomo</strong></span> <span class='ocrx_word' id='word_1_41' title='bbox 660 965 807 1030; x_wconf 77' lang='lat' dir='ltr'>negotiatur</span> <span class='ocrx_word' id='word_1_42' title='bbox 834 965 933 1030; x_wconf 91' lang='lat' dir='ltr'><strong>orando</strong></span> <span class='ocrx_word' id='word_1_43' title='bbox 954 969 984 1018; x_wconf 88' lang='lat' dir='ltr'><strong>Vl</strong></span> <span class='ocrx_word' id='word_1_44' title='bbox 1007 965 1057 1016; x_wconf 92' lang='grc'><strong>625</strong></span> <span class='ocrx_word' id='word_1_45' title='bbox 1078 981 1102 1018; x_wconf 88' lang='lat' dir='ltr'><strong>v.</strong></span> <span class='ocrx_word' id='word_1_46' title='bbox 1124 967 1140 1016; x_wconf 90' lang='lat'>3</span> <span class='ocrx_word' id='word_1_47' title='bbox 1159 995 1193 1004; x_wconf 89' lang='lat'>-</span> <span class='ocrx_word' id='word_1_48' title='bbox 1229 965 1479 1019; x_wconf 87' lang='lat' dir='ltr'><strong>determinatuth</strong></span> <span class='ocrx_word' id='word_1_49' title='bbox 1501 965 1551 1018; x_wconf 91' lang='grc'><strong>232</strong></span> <span class='ocrx_word' id='word_1_50' title='bbox 1572 979 1597 1016; x_wconf 89' lang='lat' dir='ltr'><strong>v.</strong></span> <span class='ocrx_word' id='word_1_51' title='bbox 1619 965 1651 1016; x_wconf 96' lang='grc'><strong>27</strong></span> <span class='ocrx_word' id='word_1_52' title='bbox 1669 961 1750 1012; x_wconf 89' lang='lat' dir='ltr'><strong>-ln</strong></span> <span class='ocrx_word' id='word_1_53' title='bbox 1769 973 1869 1026; x_wconf 80' lang='lat' dir='ltr'><strong>organo</strong></span> <span class='ocrx_word' id='word_1_54' title='bbox 1904 961 1972 1026; x_wconf 72' lang='lat' dir='ltr'><strong>diat,</strong></span> <span class='ocrx_word' id='word_1_55' title='bbox 1993 961 2151 1028; x_wconf 76' lang='lat' dir='ltr'><strong>assentiris,</strong></span> <span class='ocrx_word' id='word_1_56' title='bbox 2172 965 2543 1030; x_wconf 70' lang='lat' dir='ltr'><strong>negregemotfendaqtoe-</strong></span> 
     </span>
    </p>
   </div>
   <div class='ocr_carea' id='block_1_4' title="bbox 551 1049 2542 1384">
    <p class='ocr_par' dir='ltr' id='par_1_4' title="bbox 551 1049 2542 1296">
     <span class='ocr_line' id='line_1_6' title="bbox 551 1049 2541 1122; baseline 0 -16"><span class='ocrx_word' id='word_1_57' title='bbox 551 1055 679 1106; x_wconf 89' lang='lat' dir='ltr'><strong>Dominos</strong></span> <span class='ocrx_word' id='word_1_58' title='bbox 700 1055 794 1118; x_wconf 89' lang='lat' dir='ltr'><strong>petenti</strong></span> <span class='ocrx_word' id='word_1_59' title='bbox 813 1055 858 1108; x_wconf 89' lang='lat' dir='ltr'><strong>dat</strong></span> <span class='ocrx_word' id='word_1_60' title='bbox 887 1057 938 1106; x_wconf 90' lang='grc'><strong>292</strong></span> <span class='ocrx_word' id='word_1_61' title='bbox 959 1055 990 1106; x_wconf 90' lang='grc'><strong>28</strong></span> <span class='ocrx_word' id='word_1_62' title='bbox 1010 1079 1045 1094; x_wconf 88' lang='lat'>-</span> <span class='ocrx_word' id='word_1_63' title='bbox 1065 1053 1194 1106; x_wconf 83' lang='lat' dir='ltr'><strong>Dominus</strong></span> <span class='ocrx_word' id='word_1_64' title='bbox 1230 1059 1345 1106; x_wconf 91' lang='lat' dir='ltr'><strong>mutatur</strong></span> <span class='ocrx_word' id='word_1_65' title='bbox 1370 1055 1480 1122; x_wconf 76' lang='lat' dir='ltr'><strong>qualitas</strong></span> <span class='ocrx_word' id='word_1_66' title='bbox 1507 1055 1563 1106; x_wconf 89' lang='lat' dir='ltr'><strong>soni</strong></span> <span class='ocrx_word' id='word_1_67' title='bbox 1582 1059 1640 1106; x_wconf 87' lang='lat' dir='ltr'><strong>actu</strong></span> <span class='ocrx_word' id='word_1_68' title='bbox 1659 1049 1805 1104; x_wconf 90' lang='lat' dir='ltr'><strong>secundum</strong></span> <span class='ocrx_word' id='word_1_69' title='bbox 1825 1061 1869 1102; x_wconf 91' lang='lat' dir='ltr'><strong>vo·</strong></span> <span class='ocrx_word' id='word_1_70' title='bbox 1904 1053 1975 1114; x_wconf 88' lang='lat' dir='ltr'><strong>tosa,</strong></span> <span class='ocrx_word' id='word_1_71' title='bbox 2005 1055 2033 1104; x_wconf 91' lang='lat' dir='ltr'><strong>ut</strong></span> <span class='ocrx_word' id='word_1_72' title='bbox 2060 1051 2238 1118; x_wconf 77' lang='lat' dir='ltr'><strong>patrifamilias</strong></span> <span class='ocrx_word' id='word_1_73' title='bbox 2267 1055 2379 1106; x_wconf 91' lang='lat' dir='ltr'><strong>fructum</strong></span> <span class='ocrx_word' id='word_1_74' title='bbox 2397 1055 2489 1106; x_wconf 86' lang='grc'>2222222</span> <span class='ocrx_word' id='word_1_75' title='bbox 2506 1051 2541 1106; x_wconf 83' lang='lat' dir='ltr'><strong>rh.</strong></span> 
     </span>
     <span class='ocr_line' id='line_1_7' title="bbox 552 1137 2542 1212; baseline -0.001 -18"><span class='ocrx_word' id='word_1_76' title='bbox 552 1145 692 1196; x_wconf 88' lang='lat' dir='ltr'><strong>exhortans</strong></span> <span class='ocrx_word' id='word_1_77' title='bbox 719 1141 753 1192; x_wconf 90' lang='lat' dir='ltr'><strong>ad</strong></span> <span class='ocrx_word' id='word_1_78' title='bbox 779 1143 920 1212; x_wconf 90' lang='lat' dir='ltr'><strong>petendum</strong></span> <span class='ocrx_word' id='word_1_79' title='bbox 942 1141 1071 1208; x_wconf 91' lang='lat' dir='ltr'><strong>promittit</strong></span> <span class='ocrx_word' id='word_1_80' title='bbox 1088 1141 1194 1194; x_wconf 85' lang='lat' dir='ltr'><strong>exaudi·</strong></span> <span class='ocrx_word' id='word_1_81' title='bbox 1229 1145 1354 1196; x_wconf 88' lang='lat' dir='ltr'><strong>luntatem</strong></span> <span class='ocrx_word' id='word_1_82' title='bbox 1376 1141 1505 1196; x_wconf 86' lang='lat' dir='ltr'><strong>moventis</strong></span> <span class='ocrx_word' id='word_1_83' title='bbox 1523 1139 1585 1196; x_wconf 83' lang='lat' dir='ltr'><strong>ibid.</strong></span> <span class='ocrx_word' id='word_1_84' title='bbox 1598 1139 1742 1192; x_wconf 88' lang='lat' dir='ltr'><strong>-Ocnlus</strong></span> <span class='ocrx_word' id='word_1_85' title='bbox 1760 1137 1869 1190; x_wconf 88' lang='lat' dir='ltr'><strong>etanris</strong></span> <span class='ocrx_word' id='word_1_86' title='bbox 1906 1139 1940 1192; x_wconf 88' lang='grc'><strong>22</strong></span> <span class='ocrx_word' id='word_1_87' title='bbox 1965 1169 2003 1178; x_wconf 91' lang='grc'><strong>-</strong></span> <span class='ocrx_word' id='word_1_88' title='bbox 2028 1139 2108 1192; x_wconf 88' lang='lat' dir='ltr'><strong>debet</strong></span> <span class='ocrx_word' id='word_1_89' title='bbox 2136 1153 2193 1194; x_wconf 87' lang='lat' dir='ltr'><strong>esse</strong></span> <span class='ocrx_word' id='word_1_90' title='bbox 2217 1141 2318 1194; x_wconf 87' lang='lat' dir='ltr'><strong>foetosa</strong></span> <span class='ocrx_word' id='word_1_91' title='bbox 2342 1155 2391 1204; x_wconf 92' lang='lat' dir='ltr'><strong>per</strong></span> <span class='ocrx_word' id='word_1_92' title='bbox 2410 1139 2542 1194; x_wconf 90' lang='lat' dir='ltr'><strong>bonorum</strong></span> 
     </span>
     <span class='ocr_line' id='line_1_8' title="bbox 552 1225 2290 1296; baseline 0 -14"><span class='ocrx_word' id='word_1_93' title='bbox 552 1229 651 1282; x_wconf 92' lang='lat' dir='ltr'><strong>tionem</strong></span> <span class='ocrx_word' id='word_1_94' title='bbox 669 1229 720 1280; x_wconf 85' lang='lat'><strong>508</strong></span> <span class='ocrx_word' id='word_1_95' title='bbox 740 1231 750 1282; x_wconf 94' lang='grc'><strong>2</strong></span> <span class='ocrx_word' id='word_1_96' title='bbox 775 1259 811 1286; x_wconf 77' lang='grc'><strong>-.-</strong></span> <span class='ocrx_word' id='word_1_97' title='bbox 831 1231 953 1284; x_wconf 79' lang='lat' dir='ltr'><strong>Oratione</strong></span> <span class='ocrx_word' id='word_1_98' title='bbox 968 1235 1093 1284; x_wconf 86' lang='lat' dir='ltr'><strong>sanentur</strong></span> <span class='ocrx_word' id='word_1_99' title='bbox 1106 1235 1194 1294; x_wconf 88' lang='lat' dir='ltr'><strong>pestes</strong></span> <span class='ocrx_word' id='word_1_100' title='bbox 1229 1235 1290 1284; x_wconf 91' lang='lat' dir='ltr'><strong>sunt</strong></span> <span class='ocrx_word' id='word_1_101' title='bbox 1315 1243 1413 1296; x_wconf 89' lang='lat' dir='ltr'><strong>organa</strong></span> <span class='ocrx_word' id='word_1_102' title='bbox 1434 1231 1521 1284; x_wconf 90' lang='lat' dir='ltr'><strong>cordis</strong></span> <span class='ocrx_word' id='word_1_103' title='bbox 1538 1235 1566 1282; x_wconf 90' lang='lat' dir='ltr'><strong>et</strong></span> <span class='ocrx_word' id='word_1_104' title='bbox 1583 1227 1723 1280; x_wconf 82' lang='lat' dir='ltr'><strong>voluntatis</strong></span> <span class='ocrx_word' id='word_1_105' title='bbox 1743 1227 1799 1280; x_wconf 89' lang='lat' dir='ltr'><strong>sire</strong></span> <span class='ocrx_word' id='word_1_106' title='bbox 1825 1241 1869 1292; x_wconf 87' lang='lat' dir='ltr'><strong>ap·</strong></span> <span class='ocrx_word' id='word_1_107' title='bbox 1903 1241 2016 1294; x_wconf 89' lang='lat' dir='ltr'><strong>opernm</strong></span> <span class='ocrx_word' id='word_1_108' title='bbox 2030 1229 2215 1284; x_wconf 91' lang='lat' dir='ltr'><strong>abundantiam</strong></span> <span class='ocrx_word' id='word_1_109' title='bbox 2230 1225 2290 1282; x_wconf 80' lang='lat' dir='ltr'><strong>itia.</strong></span> 
     </span>
    </p>

    <p class='ocr_par' dir='ltr' id='par_1_5' title="bbox 553 1305 2542 1384">
     <span class='ocr_line' id='line_1_9' title="bbox 553 1305 2542 1384; baseline 0 -14"><span class='ocrx_word' id='word_1_110' title='bbox 553 1319 657 1370; x_wconf 87' lang='lat' dir='ltr'><strong>animae</strong></span> <span class='ocrx_word' id='word_1_111' title='bbox 680 1317 723 1368; x_wconf 90' lang='lat' dir='ltr'><strong>Vll</strong></span> <span class='ocrx_word' id='word_1_112' title='bbox 750 1319 783 1370; x_wconf 86' lang='lat'><strong>53</strong></span> <span class='ocrx_word' id='word_1_113' title='bbox 808 1321 851 1370; x_wconf 86' lang='lat'><strong>85.</strong></span> <span class='ocrx_word' id='word_1_114' title='bbox 878 1319 927 1370; x_wconf 91' lang='grc'><strong>229</strong></span> <span class='ocrx_word' id='word_1_115' title='bbox 953 1321 967 1372; x_wconf 88' lang='grc'>3</span> <span class='ocrx_word' id='word_1_116' title='bbox 991 1347 1027 1358; x_wconf 85' lang='lat'><em>-</em></span> <span class='ocrx_word' id='word_1_117' title='bbox 1045 1319 1193 1370; x_wconf 88' lang='lat' dir='ltr'><strong>dominium</strong></span> <span class='ocrx_word' id='word_1_118' title='bbox 1229 1319 1326 1382; x_wconf 88' lang='lat' dir='ltr'><strong>petitus</strong></span> <span class='ocrx_word' id='word_1_119' title='bbox 1345 1305 1380 1370; x_wconf 89' lang='grc'><strong>27</strong></span> <span class='ocrx_word' id='word_1_120' title='bbox 1397 1331 1423 1382; x_wconf 89' lang='lat' dir='ltr'><strong>q.</strong></span> <span class='ocrx_word' id='word_1_121' title='bbox 1445 1319 1459 1370; x_wconf 95' lang='grc'>2</span> <span class='ocrx_word' id='word_1_122' title='bbox 1957 1345 1994 1358; x_wconf 87' lang='lat'><strong>·-</strong></span> <span class='ocrx_word' id='word_1_123' title='bbox 2011 1317 2129 1370; x_wconf 88' lang='lat' dir='ltr'><strong>Christus</strong></span> <span class='ocrx_word' id='word_1_124' title='bbox 2145 1319 2280 1384; x_wconf 77' lang='lat' dir='ltr'><strong>cognoscit</strong></span> <span class='ocrx_word' id='word_1_125' title='bbox 2300 1317 2420 1382; x_wconf 84' lang='lat' dir='ltr'><strong>proprias</strong></span> <span class='ocrx_word' id='word_1_126' title='bbox 2432 1331 2496 1370; x_wconf 88' lang='grc'>2222</span> <span class='ocrx_word' id='word_1_127' title='bbox 2507 1319 2542 1370; x_wconf 88' lang='lat' dir='ltr'><strong>Vl</strong></span> 
     </span>
    </p>
   </div>
   <div class='ocr_carea' id='block_1_5' title="bbox 461 1403 2544 1472">
    <p class='ocr_par' dir='ltr' id='par_1_6' title="bbox 461 1403 2544 1472">
     <span class='ocr_line' id='line_1_10' title="bbox 461 1403 2544 1472; baseline -0.002 -12"><span class='ocrx_word' id='word_1_128' title='bbox 461 1417 466 1424; x_wconf 85' lang='lat'><em>·</em></span> <span class='ocrx_word' id='word_1_129' title='bbox 553 1405 633 1460; x_wconf 88' lang='lat' dir='ltr'><strong>habet</strong></span> <span class='ocrx_word' id='word_1_130' title='bbox 650 1411 771 1472; x_wconf 90' lang='lat' dir='ltr'><strong>respectu</strong></span> <span class='ocrx_word' id='word_1_131' title='bbox 788 1409 972 1460; x_wconf 89' lang='lat' dir='ltr'><strong>universorum</strong></span> <span class='ocrx_word' id='word_1_132' title='bbox 994 1407 1080 1460; x_wconf 88' lang='grc'>2293</span> <span class='ocrx_word' id='word_1_133' title='bbox 1283 1407 1378 1458; x_wconf 85' lang='grc'>022222</span> <span class='ocrx_word' id='word_1_134' title='bbox 1395 1433 1431 1446; x_wconf 88' lang='lat'><strong>·-</strong></span> <span class='ocrx_word' id='word_1_135' title='bbox 1449 1405 1665 1470; x_wconf 87' lang='lat' dir='ltr'><strong>estmeliorpars</strong></span> <span class='ocrx_word' id='word_1_136' title='bbox 1679 1403 1868 1470; x_wconf 91' lang='lat' dir='ltr'><strong>caeli,etideo</strong></span> <span class='ocrx_word' id='word_1_137' title='bbox 1904 1405 1956 1458; x_wconf 85' lang='lat' dir='ltr'><strong>38i</strong></span> <span class='ocrx_word' id='word_1_138' title='bbox 1977 1407 1993 1460; x_wconf 93' lang='grc'><strong>2</strong></span> <span class='ocrx_word' id='word_1_139' title='bbox 2012 1433 2047 1446; x_wconf 91' lang='lat'><em>-</em></span> <span class='ocrx_word' id='word_1_140' title='bbox 2066 1407 2135 1460; x_wconf 91' lang='lat' dir='ltr'><strong>bono</strong></span> <span class='ocrx_word' id='word_1_141' title='bbox 2163 1407 2261 1472; x_wconf 88' lang='lat' dir='ltr'><strong>pastori</strong></span> <span class='ocrx_word' id='word_1_142' title='bbox 2284 1405 2394 1458; x_wconf 89' lang='lat' dir='ltr'><strong>libenter</strong></span> <span class='ocrx_word' id='word_1_143' title='bbox 2414 1403 2544 1460; x_wconf 89' lang='lat' dir='ltr'><strong>obediunt</strong></span> 
     </span>
    </p>
   </div>
   <div class='ocr_carea' id='block_1_6' title="bbox 518 1493 2614 3062">
    <p class='ocr_par' dir='ltr' id='par_1_7' title="bbox 518 1493 2614 2972">
     <span class='ocr_line' id='line_1_11' title="bbox 603 1493 2541 1562; baseline 0.002 -18"><span class='ocrx_word' id='word_1_144' title='bbox 603 1523 642 1534; x_wconf 85' lang='grc'>-</span> <span class='ocrx_word' id='word_1_145' title='bbox 658 1497 685 1546; x_wconf 89' lang='grc'><strong>22</strong></span> <span class='ocrx_word' id='word_1_146' title='bbox 705 1499 822 1550; x_wconf 89' lang='lat' dir='ltr'><strong>oratione</strong></span> <span class='ocrx_word' id='word_1_147' title='bbox 840 1503 864 1550; x_wconf 97' lang='grc'><strong>22</strong></span> <span class='ocrx_word' id='word_1_148' title='bbox 881 1497 1100 1562; x_wconf 88' lang='lat' dir='ltr'><strong>contemplatione</strong></span> <span class='ocrx_word' id='word_1_149' title='bbox 1113 1493 1193 1548; x_wconf 88' lang='lat' dir='ltr'><strong>facies</strong></span> <span class='ocrx_word' id='word_1_150' title='bbox 1229 1493 1265 1546; x_wconf 89' lang='lat' dir='ltr'><strong>ad</strong></span> <span class='ocrx_word' id='word_1_151' title='bbox 1282 1495 1407 1546; x_wconf 91' lang='lat' dir='ltr'><strong>orientem</strong></span> <span class='ocrx_word' id='word_1_152' title='bbox 1428 1499 1467 1546; x_wconf 91' lang='lat' dir='ltr'><strong>est</strong></span> <span class='ocrx_word' id='word_1_153' title='bbox 1484 1493 1650 1546; x_wconf 88' lang='lat' dir='ltr'><strong>adorandum</strong></span> <span class='ocrx_word' id='word_1_154' title='bbox 1669 1493 1703 1546; x_wconf 87' lang='lat' dir='ltr'><strong>Vl</strong></span> <span class='ocrx_word' id='word_1_155' title='bbox 1721 1493 1772 1544; x_wconf 88' lang='grc'><strong>226</strong></span> <span class='ocrx_word' id='word_1_156' title='bbox 1793 1507 1821 1546; x_wconf 85' lang='lat' dir='ltr'><strong>r.</strong></span> <span class='ocrx_word' id='word_1_157' title='bbox 1832 1495 1866 1546; x_wconf 89' lang='grc'><strong>28</strong></span> <span class='ocrx_word' id='word_1_158' title='bbox 1903 1495 1954 1546; x_wconf 90' lang='grc'><strong>383</strong></span> <span class='ocrx_word' id='word_1_159' title='bbox 1988 1495 2004 1546; x_wconf 88' lang='grc'><strong>2</strong></span> <span class='ocrx_word' id='word_1_160' title='bbox 2033 1523 2070 1534; x_wconf 85' lang='grc'>-</span> <span class='ocrx_word' id='word_1_161' title='bbox 2095 1495 2189 1550; x_wconf 83' lang='lat' dir='ltr'><strong>Christi</strong></span> <span class='ocrx_word' id='word_1_162' title='bbox 2218 1495 2328 1550; x_wconf 90' lang='lat' dir='ltr'><strong>audiunt</strong></span> <span class='ocrx_word' id='word_1_163' title='bbox 2360 1493 2415 1548; x_wconf 89' lang='lat' dir='ltr'><strong>eius</strong></span> <span class='ocrx_word' id='word_1_164' title='bbox 2445 1505 2541 1546; x_wconf 86' lang='lat' dir='ltr'><strong>vocem</strong></span> 
     </span>
     <span class='ocr_line' id='line_1_12' title="bbox 518 1581 2614 1652; baseline 0.001 -18"><span class='ocrx_word' id='word_1_165' title='bbox 518 1583 666 1636; x_wconf 57' lang='grc' dir='ltr'><strong>Ι22222222</strong></span> <span class='ocrx_word' id='word_1_166' title='bbox 685 1583 835 1652; x_wconf 88' lang='lat' dir='ltr'><strong>illustratur,</strong></span> <span class='ocrx_word' id='word_1_167' title='bbox 854 1585 1019 1638; x_wconf 78' lang='lat' dir='ltr'><strong>conuersatio</strong></span> <span class='ocrx_word' id='word_1_168' title='bbox 1037 1583 1193 1636; x_wconf 87' lang='lat' dir='ltr'><strong>efficiturir·</strong></span> <span class='ocrx_word' id='word_1_169' title='bbox 1282 1583 1409 1634; x_wconf 83' lang='grc'>02222222</span> <span class='ocrx_word' id='word_1_170' title='bbox 1427 1609 1462 1638; x_wconf 50' lang='grc' dir='ltr'><strong>ψ-</strong></span> <span class='ocrx_word' id='word_1_171' title='bbox 1481 1583 1544 1634; x_wconf 90' lang='lat' dir='ltr'><strong>falso</strong></span> <span class='ocrx_word' id='word_1_172' title='bbox 1564 1583 1640 1646; x_wconf 86' lang='lat' dir='ltr'><strong>dixit,</strong></span> <span class='ocrx_word' id='word_1_173' title='bbox 1667 1581 1799 1636; x_wconf 87' lang='lat' dir='ltr'><strong>Christum</strong></span> <span class='ocrx_word' id='word_1_174' title='bbox 1819 1597 1867 1648; x_wconf 89' lang='lat' dir='ltr'><strong>pro</strong></span> <span class='ocrx_word' id='word_1_175' title='bbox 1903 1583 2035 1634; x_wconf 87' lang='grc'>22222222</span> <span class='ocrx_word' id='word_1_176' title='bbox 2057 1583 2101 1634; x_wconf 90' lang='grc'><strong>392</strong></span> <span class='ocrx_word' id='word_1_177' title='bbox 2126 1585 2160 1634; x_wconf 89' lang='grc'><strong>38</strong></span> <span class='ocrx_word' id='word_1_178' title='bbox 2180 1613 2214 1624; x_wconf 89' lang='lat'>-</span> <span class='ocrx_word' id='word_1_179' title='bbox 2234 1599 2325 1640; x_wconf 85' lang='grc'>222222</span> <span class='ocrx_word' id='word_1_180' title='bbox 2352 1589 2484 1650; x_wconf 88' lang='lat' dir='ltr'><strong>pastorem</strong></span> <span class='ocrx_word' id='word_1_181' title='bbox 2503 1595 2541 1634; x_wconf 87' lang='lat' dir='ltr'><strong>se·</strong></span> <span class='ocrx_word' id='word_1_182' title='bbox 2613 1631 2614 1634; x_wconf 72' lang='grc'>,</span> 
     </span>
     <span class='ocr_line' id='line_1_13' title="bbox 551 1669 2574 1740; baseline 0 -16"><span class='ocrx_word' id='word_1_183' title='bbox 551 1669 763 1736; x_wconf 88' lang='lat' dir='ltr'><strong>reprehensibilis</strong></span> <span class='ocrx_word' id='word_1_184' title='bbox 780 1679 806 1726; x_wconf 93' lang='lat' dir='ltr'><strong>et</strong></span> <span class='ocrx_word' id='word_1_185' title='bbox 822 1675 999 1726; x_wconf 89' lang='lat' dir='ltr'><strong>conformetur</strong></span> <span class='ocrx_word' id='word_1_186' title='bbox 1011 1671 1122 1724; x_wconf 88' lang='lat' dir='ltr'><strong>Domino</strong></span> <span class='ocrx_word' id='word_1_187' title='bbox 1135 1673 1192 1724; x_wconf 89' lang='lat' dir='ltr'><strong>lesu</strong></span> <span class='ocrx_word' id='word_1_188' title='bbox 1228 1669 1402 1724; x_wconf 90' lang='lat' dir='ltr'><strong>daemonibus</strong></span> <span class='ocrx_word' id='word_1_189' title='bbox 1421 1669 1866 1736; x_wconf 79' lang='lat' dir='ltr'><strong>irraiireintineessepassuram,</strong></span> <span class='ocrx_word' id='word_1_190' title='bbox 1903 1677 2020 1738; x_wconf 88' lang='lat' dir='ltr'><strong>quantur</strong></span> <span class='ocrx_word' id='word_1_191' title='bbox 2051 1669 2099 1722; x_wconf 90' lang='grc'><strong>382</strong></span> <span class='ocrx_word' id='word_1_192' title='bbox 2129 1671 2154 1724; x_wconf 89' lang='lat'><strong>5.</strong></span> <span class='ocrx_word' id='word_1_193' title='bbox 2186 1673 2232 1724; x_wconf 92' lang='grc'><strong>392</strong></span> <span class='ocrx_word' id='word_1_194' title='bbox 2265 1673 2299 1724; x_wconf 89' lang='grc'><strong>22</strong></span> <span class='ocrx_word' id='word_1_195' title='bbox 2327 1701 2363 1712; x_wconf 94' lang='grc'><strong>-</strong></span> <span class='ocrx_word' id='word_1_196' title='bbox 2381 1677 2541 1740; x_wconf 89' lang='lat' dir='ltr'><strong>sequnntur,</strong></span> <span class='ocrx_word' id='word_1_197' title='bbox 2572 1675 2574 1680; x_wconf 83' lang='grc'>’</span> 
     </span>
     <span class='ocr_line' id='line_1_14' title="bbox 552 1757 2542 1826; baseline -0.001 -12"><span class='ocrx_word' id='word_1_198' title='bbox 552 1757 654 1814; x_wconf 89' lang='lat' dir='ltr'><strong>Christo</strong></span> <span class='ocrx_word' id='word_1_199' title='bbox 673 1761 716 1814; x_wconf 88' lang='lat' dir='ltr'><strong>Vll</strong></span> <span class='ocrx_word' id='word_1_200' title='bbox 735 1759 787 1814; x_wconf 89' lang='grc'><strong>232</strong></span> <span class='ocrx_word' id='word_1_201' title='bbox 814 1763 847 1814; x_wconf 86' lang='grc'><strong>55</strong></span> <span class='ocrx_word' id='word_1_202' title='bbox 866 1787 901 1800; x_wconf 92' lang='grc'>-</span> <span class='ocrx_word' id='word_1_203' title='bbox 921 1761 949 1812; x_wconf 93' lang='lat' dir='ltr'><strong>ln</strong></span> <span class='ocrx_word' id='word_1_204' title='bbox 973 1759 1090 1812; x_wconf 89' lang='lat' dir='ltr'><strong>oratione</strong></span> <span class='ocrx_word' id='word_1_205' title='bbox 1115 1759 1193 1812; x_wconf 91' lang='lat' dir='ltr'><strong>datur</strong></span> <span class='ocrx_word' id='word_1_206' title='bbox 1228 1763 1256 1810; x_wconf 90' lang='lat' dir='ltr'><strong>et</strong></span> <span class='ocrx_word' id='word_1_207' title='bbox 1273 1757 1311 1812; x_wconf 88' lang='lat' dir='ltr'><strong>sic</strong></span> <span class='ocrx_word' id='word_1_208' title='bbox 1328 1773 1375 1812; x_wconf 89' lang='lat' dir='ltr'><strong>eos</strong></span> <span class='ocrx_word' id='word_1_209' title='bbox 1392 1759 1449 1812; x_wconf 91' lang='lat' dir='ltr'><strong>fore</strong></span> <span class='ocrx_word' id='word_1_210' title='bbox 1465 1759 1606 1812; x_wconf 84' lang='lat' dir='ltr'><strong>salvandos</strong></span> <span class='ocrx_word' id='word_1_211' title='bbox 1627 1761 1658 1812; x_wconf 84' lang='lat' dir='ltr'><strong>Vl</strong></span> <span class='ocrx_word' id='word_1_212' title='bbox 1680 1761 1728 1812; x_wconf 92' lang='grc'><strong>298</strong></span> <span class='ocrx_word' id='word_1_213' title='bbox 1749 1775 1773 1812; x_wconf 87' lang='lat' dir='ltr'><strong>u.</strong></span> <span class='ocrx_word' id='word_1_214' title='bbox 1796 1763 1823 1814; x_wconf 92' lang='grc'><strong>22</strong></span> <span class='ocrx_word' id='word_1_215' title='bbox 1847 1783 1848 1786; x_wconf 36' lang='lat'>¹</span> <span class='ocrx_word' id='word_1_216' title='bbox 1901 1759 1965 1826; x_wconf 90' lang='lat' dir='ltr'><strong>quia</strong></span> <span class='ocrx_word' id='word_1_217' title='bbox 1985 1757 2069 1810; x_wconf 85' lang='lat' dir='ltr'><strong>sciunt</strong></span> <span class='ocrx_word' id='word_1_218' title='bbox 2087 1771 2183 1810; x_wconf 66' lang='lat' dir='ltr'><strong>trucem</strong></span> <span class='ocrx_word' id='word_1_219' title='bbox 2200 1763 2383 1814; x_wconf 80' lang='lat' dir='ltr'><strong>consolationis</strong></span> <span class='ocrx_word' id='word_1_220' title='bbox 2405 1761 2456 1814; x_wconf 88' lang='grc'><strong>382</strong></span> <span class='ocrx_word' id='word_1_221' title='bbox 2477 1763 2542 1814; x_wconf 86' lang='lat'><strong>5-</strong></span> 
     </span>
     <span class='ocr_line' id='line_1_15' title="bbox 552 1833 2600 1916; baseline 0.001 -16"><span class='ocrx_word' id='word_1_222' title='bbox 552 1849 651 1900; x_wconf 90' lang='lat' dir='ltr'><strong>bomini</strong></span> <span class='ocrx_word' id='word_1_223' title='bbox 670 1847 835 1914; x_wconf 80' lang='lat' dir='ltr'><strong>intelligentia</strong></span> <span class='ocrx_word' id='word_1_224' title='bbox 852 1847 1046 1914; x_wconf 82' lang='lat' dir='ltr'><strong>scripturarum</strong></span> <span class='ocrx_word' id='word_1_225' title='bbox 1061 1853 1193 1912; x_wconf 88' lang='lat' dir='ltr'><strong>elmyste·</strong></span> <span class='ocrx_word' id='word_1_226' title='bbox 1283 1847 1419 1900; x_wconf 84' lang='grc'>0222222222</span> <span class='ocrx_word' id='word_1_227' title='bbox 1440 1877 1473 1884; x_wconf 89' lang='grc'>-</span> <span class='ocrx_word' id='word_1_228' title='bbox 1493 1847 1607 1914; x_wconf 83' lang='lat' dir='ltr'><strong>Quilibet</strong></span> <span class='ocrx_word' id='word_1_229' title='bbox 1632 1847 1709 1902; x_wconf 90' lang='lat' dir='ltr'><strong>habet</strong></span> <span class='ocrx_word' id='word_1_230' title='bbox 1728 1855 1865 1916; x_wconf 89' lang='lat' dir='ltr'><strong>peccatum</strong></span> <span class='ocrx_word' id='word_1_231' title='bbox 1904 1849 2109 1904; x_wconf 88' lang='lat' dir='ltr'><strong>monitaeasuo</strong></span> <span class='ocrx_word' id='word_1_232' title='bbox 2123 1853 2227 1912; x_wconf 83' lang='lat' dir='ltr'><strong>pastore</strong></span> <span class='ocrx_word' id='word_1_233' title='bbox 2240 1863 2292 1902; x_wconf 91' lang='lat' dir='ltr'><strong>non</strong></span> <span class='ocrx_word' id='word_1_234' title='bbox 2308 1859 2452 1916; x_wconf 86' lang='lat' dir='ltr'><strong>sequuntur</strong></span> <span class='ocrx_word' id='word_1_235' title='bbox 2465 1865 2541 1916; x_wconf 90' lang='lat' dir='ltr'><strong>pseu·</strong></span> <span class='ocrx_word' id='word_1_236' title='bbox 2595 1833 2600 1838; x_wconf 33' lang='lat'><strong>&#39;⁵</strong></span> 
     </span>
     <span class='ocr_line' id='line_1_16' title="bbox 551 1929 2544 2002; baseline 0.001 -14"><span class='ocrx_word' id='word_1_237' title='bbox 551 1937 652 1988; x_wconf 89' lang='lat' dir='ltr'><strong>riorum</strong></span> <span class='ocrx_word' id='word_1_238' title='bbox 677 1937 874 2000; x_wconf 88' lang='lat' dir='ltr'><strong>propositorum</strong></span> <span class='ocrx_word' id='word_1_239' title='bbox 894 1935 956 1990; x_wconf 85' lang='lat' dir='ltr'><strong>ibid.</strong></span> <span class='ocrx_word' id='word_1_240' title='bbox 974 1965 1011 1976; x_wconf 84' lang='lat'>-</span> <span class='ocrx_word' id='word_1_241' title='bbox 1029 1936 1057 1988; x_wconf 93' lang='lat' dir='ltr'><strong>ln</strong></span> <span class='ocrx_word' id='word_1_242' title='bbox 1076 1937 1193 1988; x_wconf 92' lang='lat' dir='ltr'><strong>internae</strong></span> <span class='ocrx_word' id='word_1_243' title='bbox 1228 1937 1357 2000; x_wconf 81' lang='lat' dir='ltr'><strong>originale</strong></span> <span class='ocrx_word' id='word_1_244' title='bbox 1376 1937 1407 1988; x_wconf 81' lang='lat' dir='ltr'><strong>Vl</strong></span> <span class='ocrx_word' id='word_1_245' title='bbox 1428 1935 1478 1988; x_wconf 91' lang='grc'><strong>375</strong></span> <span class='ocrx_word' id='word_1_246' title='bbox 1499 1929 1530 1988; x_wconf 89' lang='grc'><strong>22</strong></span> <span class='ocrx_word' id='word_1_247' title='bbox 1560 1949 1562 1952; x_wconf 94' lang='grc'><strong><em>·</em></strong></span> <span class='ocrx_word' id='word_1_248' title='bbox 1904 1937 2052 1992; x_wconf 83' lang='grc'>2222222222</span> <span class='ocrx_word' id='word_1_249' title='bbox 2073 1939 2099 1986; x_wconf 88' lang='grc'><strong>22</strong></span> <span class='ocrx_word' id='word_1_250' title='bbox 2118 1935 2366 2000; x_wconf 87' lang='lat' dir='ltr'><strong>pseudoprophetas</strong></span> <span class='ocrx_word' id='word_1_251' title='bbox 2382 1945 2409 1990; x_wconf 93' lang='lat' dir='ltr'><strong>et</strong></span> <span class='ocrx_word' id='word_1_252' title='bbox 2428 1939 2544 2002; x_wconf 86' lang='lat' dir='ltr'><strong>pseudo-</strong></span> 
     </span>
     <span class='ocr_line' id='line_1_17' title="bbox 552 2019 2543 2092; baseline -0.001 -14"><span class='ocrx_word' id='word_1_253' title='bbox 552 2025 675 2078; x_wconf 89' lang='lat' dir='ltr'><strong>orationis</strong></span> <span class='ocrx_word' id='word_1_254' title='bbox 696 2027 792 2090; x_wconf 91' lang='lat' dir='ltr'><strong>templo</strong></span> <span class='ocrx_word' id='word_1_255' title='bbox 812 2019 944 2078; x_wconf 86' lang='lat' dir='ltr'><strong>inuenitur</strong></span> <span class='ocrx_word' id='word_1_256' title='bbox 962 2027 1032 2078; x_wconf 84' lang='lat' dir='ltr'><strong>Deus</strong></span> <span class='ocrx_word' id='word_1_257' title='bbox 1045 2025 1080 2078; x_wconf 88' lang='lat' dir='ltr'><strong>Vt</strong></span> <span class='ocrx_word' id='word_1_258' title='bbox 1092 2025 1144 2078; x_wconf 87' lang='grc'><strong>327</strong></span> <span class='ocrx_word' id='word_1_259' title='bbox 1157 2025 1192 2076; x_wconf 90' lang='grc'><strong>26</strong></span> <span class='ocrx_word' id='word_1_260' title='bbox 1282 2023 1400 2078; x_wconf 84' lang='grc'>0222222</span> <span class='ocrx_word' id='word_1_261' title='bbox 1418 2053 1454 2064; x_wconf 88' lang='lat'><strong>·-</strong></span> <span class='ocrx_word' id='word_1_262' title='bbox 1471 2025 1582 2078; x_wconf 85' lang='lat' dir='ltr'><strong>exterior</strong></span> <span class='ocrx_word' id='word_1_263' title='bbox 1601 2031 1641 2078; x_wconf 89' lang='lat' dir='ltr'><strong>est</strong></span> <span class='ocrx_word' id='word_1_264' title='bbox 1658 2027 1762 2080; x_wconf 85' lang='lat' dir='ltr'><strong>vanitas</strong></span> <span class='ocrx_word' id='word_1_265' title='bbox 1779 2027 1866 2080; x_wconf 87' lang='lat' dir='ltr'><strong>oriens</strong></span> <span class='ocrx_word' id='word_1_266' title='bbox 1902 2027 2033 2092; x_wconf 87' lang='lat' dir='ltr'><strong>apostolos</strong></span> <span class='ocrx_word' id='word_1_267' title='bbox 2052 2021 2083 2078; x_wconf 87' lang='lat' dir='ltr'><strong>id.</strong></span> <span class='ocrx_word' id='word_1_268' title='bbox 2105 2025 2120 2076; x_wconf 88' lang='grc'>6</span> <span class='ocrx_word' id='word_1_269' title='bbox 2141 2053 2178 2060; x_wconf 89' lang='lat'><strong>—-</strong></span> <span class='ocrx_word' id='word_1_270' title='bbox 2196 2037 2250 2076; x_wconf 91' lang='lat' dir='ltr'><strong>non</strong></span> <span class='ocrx_word' id='word_1_271' title='bbox 2269 2025 2411 2078; x_wconf 89' lang='lat' dir='ltr'><strong>andierunt</strong></span> <span class='ocrx_word' id='word_1_272' title='bbox 2428 2027 2498 2078; x_wconf 89' lang='lat' dir='ltr'><strong>fures</strong></span> <span class='ocrx_word' id='word_1_273' title='bbox 2515 2033 2543 2078; x_wconf 91' lang='lat' dir='ltr'><strong>et</strong></span> 
     </span>
     <span class='ocr_line' id='line_1_18' title="bbox 551 2111 2541 2180; baseline -0.001 -14"><span class='ocrx_word' id='word_1_274' title='bbox 551 2141 588 2154; x_wconf 90' lang='lat'><em>-</em></span> <span class='ocrx_word' id='word_1_275' title='bbox 605 2117 728 2180; x_wconf 89' lang='lat' dir='ltr'><strong>frequens</strong></span> <span class='ocrx_word' id='word_1_276' title='bbox 754 2113 878 2166; x_wconf 87' lang='lat' dir='ltr'><strong>vitiorum</strong></span> <span class='ocrx_word' id='word_1_277' title='bbox 902 2113 1130 2178; x_wconf 87' lang='lat' dir='ltr'><strong>impugnationem</strong></span> <span class='ocrx_word' id='word_1_278' title='bbox 1151 2127 1191 2166; x_wconf 88' lang='lat' dir='ltr'><strong>ex·</strong></span> <span class='ocrx_word' id='word_1_279' title='bbox 1229 2129 1245 2168; x_wconf 90' lang='lat' dir='ltr'><strong>a</strong></span> <span class='ocrx_word' id='word_1_280' title='bbox 1265 2115 1365 2168; x_wconf 88' lang='lat' dir='ltr'><strong>luxuria</strong></span> <span class='ocrx_word' id='word_1_281' title='bbox 1385 2117 1417 2168; x_wconf 84' lang='lat' dir='ltr'><strong>Vl</strong></span> <span class='ocrx_word' id='word_1_282' title='bbox 1437 2115 1452 2168; x_wconf 88' lang='lat'>5</span> <span class='ocrx_word' id='word_1_283' title='bbox 1471 2117 1500 2168; x_wconf 92' lang='lat' dir='ltr'><strong>lt</strong></span> <span class='ocrx_word' id='word_1_284' title='bbox 1901 2117 2013 2170; x_wconf 89' lang='lat' dir='ltr'><strong>latrones</strong></span> <span class='ocrx_word' id='word_1_285' title='bbox 2033 2113 2082 2168; x_wconf 85' lang='lat'><strong>385</strong></span> <span class='ocrx_word' id='word_1_286' title='bbox 2098 2113 2130 2164; x_wconf 89' lang='grc'><strong>29</strong></span> <span class='ocrx_word' id='word_1_287' title='bbox 2143 2111 2260 2166; x_wconf 87' lang='lat' dir='ltr'><strong>-bona</strong></span> <span class='ocrx_word' id='word_1_288' title='bbox 2276 2113 2394 2180; x_wconf 89' lang='lat' dir='ltr'><strong>sequitur</strong></span> <span class='ocrx_word' id='word_1_289' title='bbox 2408 2117 2541 2180; x_wconf 85' lang='lat' dir='ltr'><strong>pastorem</strong></span> 
     </span>
     <span class='ocr_line' id='line_1_19' title="bbox 553 2201 2541 2270; baseline -0.001 -14"><span class='ocrx_word' id='word_1_290' title='bbox 553 2201 660 2266; x_wconf 88' lang='lat' dir='ltr'><strong>stingnit</strong></span> <span class='ocrx_word' id='word_1_291' title='bbox 669 2201 712 2254; x_wconf 86' lang='lat' dir='ltr'><strong>Vll</strong></span> <span class='ocrx_word' id='word_1_292' title='bbox 725 2201 961 2256; x_wconf 87' lang='grc'>2292-222222</span> <span class='ocrx_word' id='word_1_293' title='bbox 974 2207 1079 2256; x_wconf 90' lang='lat' dir='ltr'><strong>scutum</strong></span> <span class='ocrx_word' id='word_1_294' title='bbox 1090 2203 1192 2258; x_wconf 88' lang='lat' dir='ltr'><strong>ratione</strong></span> <span class='ocrx_word' id='word_1_295' title='bbox 1283 2201 1369 2258; x_wconf 85' lang='grc'>02222</span> <span class='ocrx_word' id='word_1_296' title='bbox 1388 2233 1422 2242; x_wconf 89' lang='lat'>-</span> <span class='ocrx_word' id='word_1_297' title='bbox 1442 2207 1573 2270; x_wconf 85' lang='lat' dir='ltr'><strong>Quantum</strong></span> <span class='ocrx_word' id='word_1_298' title='bbox 1592 2207 1731 2258; x_wconf 89' lang='lat' dir='ltr'><strong>adortum</strong></span> <span class='ocrx_word' id='word_1_299' title='bbox 1752 2211 1776 2258; x_wconf 92' lang='lat' dir='ltr'><strong>et</strong></span> <span class='ocrx_word' id='word_1_300' title='bbox 1796 2219 1867 2258; x_wconf 89' lang='lat' dir='ltr'><strong>occa·</strong></span> <span class='ocrx_word' id='word_1_301' title='bbox 1902 2207 2034 2262; x_wconf 85' lang='lat' dir='ltr'><strong>Christum</strong></span> <span class='ocrx_word' id='word_1_302' title='bbox 2059 2217 2106 2270; x_wconf 91' lang='lat' dir='ltr'><strong>per</strong></span> <span class='ocrx_word' id='word_1_303' title='bbox 2123 2201 2254 2270; x_wconf 90' lang='lat' dir='ltr'><strong>planitiem</strong></span> <span class='ocrx_word' id='word_1_304' title='bbox 2275 2205 2475 2268; x_wconf 88' lang='lat' dir='ltr'><strong>mandatorum,</strong></span> <span class='ocrx_word' id='word_1_305' title='bbox 2492 2217 2541 2268; x_wconf 94' lang='lat' dir='ltr'><strong>per</strong></span> 
     </span>
     <span class='ocr_line' id='line_1_20' title="bbox 552 2291 2542 2360; baseline 0.001 -18"><span class='ocrx_word' id='word_1_306' title='bbox 552 2291 720 2356; x_wconf 89' lang='lat' dir='ltr'><strong>protectionis</strong></span> <span class='ocrx_word' id='word_1_307' title='bbox 740 2291 772 2342; x_wconf 87' lang='lat' dir='ltr'><strong>Vl</strong></span> <span class='ocrx_word' id='word_1_308' title='bbox 789 2293 840 2342; x_wconf 89' lang='grc'><strong>226</strong></span> <span class='ocrx_word' id='word_1_309' title='bbox 854 2305 882 2342; x_wconf 88' lang='grc'><strong>2.</strong></span> <span class='ocrx_word' id='word_1_310' title='bbox 896 2293 924 2344; x_wconf 81' lang='lat' dir='ltr'><strong>at</strong></span> <span class='ocrx_word' id='word_1_311' title='bbox 943 2321 977 2330; x_wconf 93' lang='lat'>-</span> <span class='ocrx_word' id='word_1_312' title='bbox 990 2293 1116 2360; x_wconf 89' lang='lat' dir='ltr'><strong>amanda,</strong></span> <span class='ocrx_word' id='word_1_313' title='bbox 1130 2293 1192 2360; x_wconf 87' lang='lat' dir='ltr'><strong>quia</strong></span> <span class='ocrx_word' id='word_1_314' title='bbox 1230 2305 1288 2346; x_wconf 90' lang='lat' dir='ltr'><strong>som</strong></span> <span class='ocrx_word' id='word_1_315' title='bbox 1310 2293 1422 2348; x_wconf 85' lang='lat' dir='ltr'><strong>varietas</strong></span> <span class='ocrx_word' id='word_1_316' title='bbox 1442 2299 1480 2348; x_wconf 92' lang='lat' dir='ltr'><strong>est</strong></span> <span class='ocrx_word' id='word_1_317' title='bbox 1500 2295 1524 2346; x_wconf 89' lang='lat' dir='ltr'><strong>in</strong></span> <span class='ocrx_word' id='word_1_318' title='bbox 1544 2293 1625 2358; x_wconf 85' lang='lat' dir='ltr'><strong>rebus</strong></span> <span class='ocrx_word' id='word_1_319' title='bbox 1641 2295 1677 2348; x_wconf 83' lang='lat' dir='ltr'><strong>Vl</strong></span> <span class='ocrx_word' id='word_1_320' title='bbox 1695 2295 1728 2346; x_wconf 91' lang='grc'><strong>29</strong></span> <span class='ocrx_word' id='word_1_321' title='bbox 1749 2309 1773 2348; x_wconf 87' lang='lat' dir='ltr'><strong>r.</strong></span> <span class='ocrx_word' id='word_1_322' title='bbox 1795 2297 1810 2348; x_wconf 87' lang='grc'><strong>2</strong></span> <span class='ocrx_word' id='word_1_323' title='bbox 1903 2303 2024 2348; x_wconf 89' lang='lat' dir='ltr'><strong>montana</strong></span> <span class='ocrx_word' id='word_1_324' title='bbox 2046 2293 2229 2356; x_wconf 89' lang='lat' dir='ltr'><strong>consiliorum,</strong></span> <span class='ocrx_word' id='word_1_325' title='bbox 2248 2307 2296 2358; x_wconf 88' lang='lat' dir='ltr'><strong>per</strong></span> <span class='ocrx_word' id='word_1_326' title='bbox 2313 2293 2414 2346; x_wconf 86' lang='lat' dir='ltr'><strong>excelsa</strong></span> <span class='ocrx_word' id='word_1_327' title='bbox 2432 2305 2542 2356; x_wconf 89' lang='lat' dir='ltr'><strong>supere-</strong></span> 
     </span>
     <span class='ocr_line' id='line_1_21' title="bbox 552 2379 2543 2450; baseline 0.001 -18"><span class='ocrx_word' id='word_1_328' title='bbox 552 2393 599 2446; x_wconf 89' lang='lat' dir='ltr'><strong>per</strong></span> <span class='ocrx_word' id='word_1_329' title='bbox 620 2381 703 2444; x_wconf 89' lang='lat' dir='ltr'><strong>ipsam</strong></span> <span class='ocrx_word' id='word_1_330' title='bbox 721 2379 877 2446; x_wconf 89' lang='lat' dir='ltr'><strong>impetratur</strong></span> <span class='ocrx_word' id='word_1_331' title='bbox 895 2381 1011 2436; x_wconf 91' lang='lat' dir='ltr'><strong>obtentio</strong></span> <span class='ocrx_word' id='word_1_332' title='bbox 1030 2381 1117 2436; x_wconf 76' lang='lat' dir='ltr'><strong>oannis</strong></span> <span class='ocrx_word' id='word_1_333' title='bbox 1131 2381 1192 2434; x_wconf 92' lang='lat' dir='ltr'><strong>boni</strong></span> <span class='ocrx_word' id='word_1_334' title='bbox 1283 2381 1472 2438; x_wconf 79' lang='lat' dir='ltr'><strong>Oxrroonerns</strong></span> <span class='ocrx_word' id='word_1_335' title='bbox 1487 2411 1520 2424; x_wconf 85' lang='lat'><strong>-</strong></span> <span class='ocrx_word' id='word_1_336' title='bbox 1533 2383 1629 2438; x_wconf 87' lang='lat' dir='ltr'><strong>dicitur</strong></span> <span class='ocrx_word' id='word_1_337' title='bbox 1638 2381 1672 2436; x_wconf 89' lang='lat' dir='ltr'><strong>ab</strong></span> <span class='ocrx_word' id='word_1_338' title='bbox 1682 2387 1779 2446; x_wconf 91' lang='lat' dir='ltr'><strong>orthos,</strong></span> <span class='ocrx_word' id='word_1_339' title='bbox 1793 2383 1866 2450; x_wconf 91' lang='lat' dir='ltr'><strong>quod</strong></span> <span class='ocrx_word' id='word_1_340' title='bbox 1904 2385 2072 2450; x_wconf 88' lang='lat' dir='ltr'><strong>rogationum</strong></span> <span class='ocrx_word' id='word_1_341' title='bbox 2091 2381 2141 2434; x_wconf 89' lang='grc'><strong>583</strong></span> <span class='ocrx_word' id='word_1_342' title='bbox 2164 2385 2173 2434; x_wconf 94' lang='grc'><strong>2</strong></span> <span class='ocrx_word' id='word_1_343' title='bbox 2195 2411 2233 2422; x_wconf 84' lang='lat'><em>-</em></span> <span class='ocrx_word' id='word_1_344' title='bbox 2250 2389 2383 2450; x_wconf 88' lang='lat' dir='ltr'><strong>pastorem</strong></span> <span class='ocrx_word' id='word_1_345' title='bbox 2406 2381 2543 2446; x_wconf 84' lang='lat' dir='ltr'><strong>cognoscit</strong></span> 
     </span>
     <span class='ocr_line' id='line_1_22' title="bbox 553 2451 2541 2540; baseline 0.002 -18"><span class='ocrx_word' id='word_1_346' title='bbox 553 2475 579 2522; x_wconf 90' lang='lat' dir='ltr'><strong>et</strong></span> <span class='ocrx_word' id='word_1_347' title='bbox 601 2469 699 2522; x_wconf 91' lang='lat' dir='ltr'><strong>amotio</strong></span> <span class='ocrx_word' id='word_1_348' title='bbox 722 2471 810 2522; x_wconf 89' lang='lat' dir='ltr'><strong>omnis</strong></span> <span class='ocrx_word' id='word_1_349' title='bbox 828 2471 888 2522; x_wconf 89' lang='lat' dir='ltr'><strong>mali</strong></span> <span class='ocrx_word' id='word_1_350' title='bbox 909 2471 951 2522; x_wconf 86' lang='lat' dir='ltr'><strong>Vll</strong></span> <span class='ocrx_word' id='word_1_351' title='bbox 970 2471 1021 2524; x_wconf 88' lang='grc'><strong>278</strong></span> <span class='ocrx_word' id='word_1_352' title='bbox 1041 2473 1058 2522; x_wconf 91' lang='grc'>3</span> <span class='ocrx_word' id='word_1_353' title='bbox 1077 2501 1113 2512; x_wconf 89' lang='grc'>-</span> <span class='ocrx_word' id='word_1_354' title='bbox 1132 2471 1192 2524; x_wconf 88' lang='lat' dir='ltr'><strong>Ora·</strong></span> <span class='ocrx_word' id='word_1_355' title='bbox 1230 2477 1269 2526; x_wconf 90' lang='lat' dir='ltr'><strong>est</strong></span> <span class='ocrx_word' id='word_1_356' title='bbox 1287 2477 1403 2540; x_wconf 80' lang='lat' dir='ltr'><strong>neutram,</strong></span> <span class='ocrx_word' id='word_1_357' title='bbox 1424 2479 1449 2526; x_wconf 93' lang='lat' dir='ltr'><strong>et</strong></span> <span class='ocrx_word' id='word_1_358' title='bbox 1466 2471 1652 2538; x_wconf 88' lang='lat' dir='ltr'><strong>gogos,quod</strong></span> <span class='ocrx_word' id='word_1_359' title='bbox 1668 2477 1706 2526; x_wconf 90' lang='lat' dir='ltr'><strong>est</strong></span> <span class='ocrx_word' id='word_1_360' title='bbox 1724 2471 1867 2536; x_wconf 90' lang='lat' dir='ltr'><strong>ductio,et</strong></span> <span class='ocrx_word' id='word_1_361' title='bbox 1903 2451 1951 2540; x_wconf 66' lang='lat' dir='ltr'><strong>per</strong></span> <span class='ocrx_word' id='word_1_362' title='bbox 1971 2471 2065 2534; x_wconf 87' lang='lat' dir='ltr'><strong>fidem,</strong></span> <span class='ocrx_word' id='word_1_363' title='bbox 2091 2485 2138 2538; x_wconf 87' lang='lat' dir='ltr'><strong>per</strong></span> <span class='ocrx_word' id='word_1_364' title='bbox 2168 2473 2309 2540; x_wconf 83' lang='lat' dir='ltr'><strong>gratiarnm</strong></span> <span class='ocrx_word' id='word_1_365' title='bbox 2338 2471 2482 2536; x_wconf 75' lang='lat' dir='ltr'><strong>actionem3</strong></span> <span class='ocrx_word' id='word_1_366' title='bbox 2505 2471 2541 2526; x_wconf 88' lang='lat' dir='ltr'><strong>ad</strong></span> 
     </span>
     <span class='ocr_line' id='line_1_23' title="bbox 552 2557 2541 2628; baseline 0.001 -18"><span class='ocrx_word' id='word_1_367' title='bbox 552 2557 630 2610; x_wconf 92' lang='lat' dir='ltr'><strong>tionis</strong></span> <span class='ocrx_word' id='word_1_368' title='bbox 646 2557 767 2612; x_wconf 89' lang='lat' dir='ltr'><strong>utilitates</strong></span> <span class='ocrx_word' id='word_1_369' title='bbox 785 2565 846 2612; x_wconf 90' lang='lat' dir='ltr'><strong>sunt</strong></span> <span class='ocrx_word' id='word_1_370' title='bbox 871 2559 962 2612; x_wconf 88' lang='lat' dir='ltr'><strong>decern</strong></span> <span class='ocrx_word' id='word_1_371' title='bbox 992 2561 1041 2612; x_wconf 90' lang='grc'><strong>229</strong></span> <span class='ocrx_word' id='word_1_372' title='bbox 1064 2561 1134 2612; x_wconf 85' lang='grc'><strong>3-</strong></span> <span class='ocrx_word' id='word_1_373' title='bbox 1151 2565 1191 2612; x_wconf 87' lang='grc'><strong>222</strong></span> <span class='ocrx_word' id='word_1_374' title='bbox 1230 2567 1341 2624; x_wconf 90' lang='lat' dir='ltr'><strong>metros,</strong></span> <span class='ocrx_word' id='word_1_375' title='bbox 1361 2561 1435 2628; x_wconf 91' lang='lat' dir='ltr'><strong>qnod</strong></span> <span class='ocrx_word' id='word_1_376' title='bbox 1454 2567 1494 2612; x_wconf 79' lang='lat' dir='ltr'><strong>est</strong></span> <span class='ocrx_word' id='word_1_377' title='bbox 1511 2573 1647 2622; x_wconf 89' lang='lat' dir='ltr'><strong>mensura,</strong></span> <span class='ocrx_word' id='word_1_378' title='bbox 1667 2561 1741 2626; x_wconf 87' lang='lat' dir='ltr'><strong>qnasi</strong></span> <span class='ocrx_word' id='word_1_379' title='bbox 1757 2573 1815 2612; x_wconf 88' lang='grc'>2222</span> <span class='ocrx_word' id='word_1_380' title='bbox 1828 2573 1867 2610; x_wconf 91' lang='lat' dir='ltr'><strong>re·</strong></span> <span class='ocrx_word' id='word_1_381' title='bbox 1904 2567 2037 2624; x_wconf 89' lang='lat' dir='ltr'><strong>pastorem</strong></span> <span class='ocrx_word' id='word_1_382' title='bbox 2056 2561 2156 2612; x_wconf 89' lang='lat' dir='ltr'><strong>accedit</strong></span> <span class='ocrx_word' id='word_1_383' title='bbox 2175 2573 2222 2624; x_wconf 92' lang='lat' dir='ltr'><strong>per</strong></span> <span class='ocrx_word' id='word_1_384' title='bbox 2241 2563 2387 2628; x_wconf 85' lang='lat' dir='ltr'><strong>ceritatem;</strong></span> <span class='ocrx_word' id='word_1_385' title='bbox 2408 2567 2541 2626; x_wconf 90' lang='lat' dir='ltr'><strong>pastorem</strong></span> 
     </span>
     <span class='ocr_line' id='line_1_24' title="bbox 551 2645 2541 2716; baseline 0.002 -18"><span class='ocrx_word' id='word_1_386' title='bbox 551 2659 621 2710; x_wconf 90' lang='lat' dir='ltr'><strong>opus</strong></span> <span class='ocrx_word' id='word_1_387' title='bbox 638 2645 812 2710; x_wconf 86' lang='lat' dir='ltr'><strong>poenitentiae</strong></span> <span class='ocrx_word' id='word_1_388' title='bbox 830 2649 865 2700; x_wconf 82' lang='lat' dir='ltr'><strong>Vl</strong></span> <span class='ocrx_word' id='word_1_389' title='bbox 884 2647 937 2700; x_wconf 90' lang='grc'><strong>592</strong></span> <span class='ocrx_word' id='word_1_390' title='bbox 956 2651 970 2700; x_wconf 89' lang='grc'>3</span> <span class='ocrx_word' id='word_1_391' title='bbox 1229 2655 1270 2700; x_wconf 87' lang='grc'><strong>222</strong></span> <span class='ocrx_word' id='word_1_392' title='bbox 1288 2651 1401 2702; x_wconf 90' lang='lat' dir='ltr'><strong>adducta</strong></span> <span class='ocrx_word' id='word_1_393' title='bbox 1421 2649 1538 2702; x_wconf 89' lang='lat' dir='ltr'><strong>israelitis</strong></span> <span class='ocrx_word' id='word_1_394' title='bbox 1559 2651 1591 2698; x_wconf 89' lang='lat' dir='ltr'><strong>in</strong></span> <span class='ocrx_word' id='word_1_395' title='bbox 1622 2661 1743 2700; x_wconf 89' lang='lat' dir='ltr'><strong>mensura</strong></span> <span class='ocrx_word' id='word_1_396' title='bbox 1761 2647 1794 2698; x_wconf 73' lang='lat' dir='ltr'><strong>Vl</strong></span> <span class='ocrx_word' id='word_1_397' title='bbox 1814 2647 1866 2698; x_wconf 89' lang='grc'><strong>230</strong></span> <span class='ocrx_word' id='word_1_398' title='bbox 1903 2649 1977 2702; x_wconf 87' lang='lat' dir='ltr'><strong>audit</strong></span> <span class='ocrx_word' id='word_1_399' title='bbox 1995 2661 2044 2712; x_wconf 92' lang='lat' dir='ltr'><strong>per</strong></span> <span class='ocrx_word' id='word_1_400' title='bbox 2062 2645 2252 2712; x_wconf 65' lang='lat' dir='ltr'><strong>obedientiam</strong></span> <span class='ocrx_word' id='word_1_401' title='bbox 2272 2657 2406 2714; x_wconf 87' lang='lat' dir='ltr'><strong>pastorem</strong></span> <span class='ocrx_word' id='word_1_402' title='bbox 2422 2651 2541 2716; x_wconf 88' lang='lat' dir='ltr'><strong>sequitur</strong></span> 
     </span>
     <span class='ocr_line' id='line_1_25' title="bbox 547 2731 2604 2802; baseline 0.001 -16"><span class='ocrx_word' id='word_1_403' title='bbox 547 2761 548 2764; x_wconf 33' lang='lat'>¹</span> <span class='ocrx_word' id='word_1_404' title='bbox 602 2759 639 2772; x_wconf 93' lang='grc'>-</span> <span class='ocrx_word' id='word_1_405' title='bbox 656 2735 758 2800; x_wconf 79' lang='lat' dir='ltr'><strong>Aliquis</strong></span> <span class='ocrx_word' id='word_1_406' title='bbox 781 2735 845 2800; x_wconf 91' lang='lat' dir='ltr'><strong>petit</strong></span> <span class='ocrx_word' id='word_1_407' title='bbox 870 2735 966 2802; x_wconf 88' lang='lat' dir='ltr'><strong>aliquid</strong></span> <span class='ocrx_word' id='word_1_408' title='bbox 987 2735 1037 2788; x_wconf 89' lang='lat' dir='ltr'><strong>sibi</strong></span> <span class='ocrx_word' id='word_1_409' title='bbox 1059 2737 1082 2788; x_wconf 93' lang='lat' dir='ltr'><strong>in</strong></span> <span class='ocrx_word' id='word_1_410' title='bbox 1101 2751 1144 2798; x_wconf 90' lang='lat' dir='ltr'><strong>se,</strong></span> <span class='ocrx_word' id='word_1_411' title='bbox 1163 2743 1193 2788; x_wconf 91' lang='lat' dir='ltr'><strong>ut</strong></span> <span class='ocrx_word' id='word_1_412' title='bbox 1229 2751 1257 2788; x_wconf 90' lang='lat' dir='ltr'><strong>v.</strong></span> <span class='ocrx_word' id='word_1_413' title='bbox 1275 2736 1309 2788; x_wconf 90' lang='grc'><strong>22</strong></span> <span class='ocrx_word' id='word_1_414' title='bbox 1327 2765 1364 2776; x_wconf 88' lang='lat'><strong>-··</strong></span> <span class='ocrx_word' id='word_1_415' title='bbox 1382 2735 1475 2788; x_wconf 90' lang='lat' dir='ltr'><strong>dicitnr</strong></span> <span class='ocrx_word' id='word_1_416' title='bbox 1496 2735 1527 2786; x_wconf 91' lang='lat' dir='ltr'><strong>ab</strong></span> <span class='ocrx_word' id='word_1_417' title='bbox 1541 2735 1647 2798; x_wconf 87' lang='lat' dir='ltr'><strong>Ortygia</strong></span> <span class='ocrx_word' id='word_1_418' title='bbox 1662 2733 1801 2798; x_wconf 88' lang='lat' dir='ltr'><strong>insula,in</strong></span> <span class='ocrx_word' id='word_1_419' title='bbox 1814 2747 1866 2798; x_wconf 90' lang='lat' dir='ltr'><strong>qua</strong></span> <span class='ocrx_word' id='word_1_420' title='bbox 1903 2749 1950 2798; x_wconf 90' lang='lat' dir='ltr'><strong>per</strong></span> <span class='ocrx_word' id='word_1_421' title='bbox 1979 2733 2147 2788; x_wconf 89' lang='lat' dir='ltr'><strong>imitationem</strong></span> <span class='ocrx_word' id='word_1_422' title='bbox 2177 2733 2209 2786; x_wconf 89' lang='lat' dir='ltr'><strong>ib.</strong></span> <span class='ocrx_word' id='word_1_423' title='bbox 2240 2735 2271 2786; x_wconf 90' lang='grc'><strong>20</strong></span> <span class='ocrx_word' id='word_1_424' title='bbox 2291 2765 2325 2774; x_wconf 88' lang='grc'>-</span> <span class='ocrx_word' id='word_1_425' title='bbox 2351 2735 2453 2788; x_wconf 92' lang='lat' dir='ltr'><strong>aberrat</strong></span> <span class='ocrx_word' id='word_1_426' title='bbox 2482 2753 2541 2802; x_wconf 89' lang='lat' dir='ltr'><strong>pec·</strong></span> <span class='ocrx_word' id='word_1_427' title='bbox 2602 2731 2604 2736; x_wconf 80' lang='grc'><strong>’</strong></span> 
     </span>
     <span class='ocr_line' id='line_1_26' title="bbox 551 2817 2540 2888; baseline 0.002 -16"><span class='ocrx_word' id='word_1_428' title='bbox 551 2821 607 2872; x_wconf 89' lang='lat' dir='ltr'><strong>eius</strong></span> <span class='ocrx_word' id='word_1_429' title='bbox 626 2821 768 2886; x_wconf 88' lang='lat' dir='ltr'><strong>indigentia</strong></span> <span class='ocrx_word' id='word_1_430' title='bbox 787 2825 949 2888; x_wconf 88' lang='lat' dir='ltr'><strong>suppleatur,</strong></span> <span class='ocrx_word' id='word_1_431' title='bbox 967 2823 1017 2876; x_wconf 88' lang='lat' dir='ltr'><strong>sibi</strong></span> <span class='ocrx_word' id='word_1_432' title='bbox 1036 2823 1063 2874; x_wconf 95' lang='lat' dir='ltr'><strong>in</strong></span> <span class='ocrx_word' id='word_1_433' title='bbox 1079 2825 1148 2888; x_wconf 88' lang='lat' dir='ltr'><strong>aliis,</strong></span> <span class='ocrx_word' id='word_1_434' title='bbox 1162 2827 1192 2876; x_wconf 92' lang='lat' dir='ltr'><strong>ut</strong></span> <span class='ocrx_word' id='word_1_435' title='bbox 1230 2823 1344 2888; x_wconf 92' lang='lat' dir='ltr'><strong>primum</strong></span> <span class='ocrx_word' id='word_1_436' title='bbox 1367 2821 1445 2874; x_wconf 90' lang='lat' dir='ltr'><strong>fuisse</strong></span> <span class='ocrx_word' id='word_1_437' title='bbox 1461 2827 1585 2884; x_wconf 89' lang='lat' dir='ltr'><strong>putantur</strong></span> <span class='ocrx_word' id='word_1_438' title='bbox 1606 2819 1669 2872; x_wconf 90' lang='lat' dir='ltr'><strong>tales</strong></span> <span class='ocrx_word' id='word_1_439' title='bbox 1687 2833 1749 2872; x_wconf 86' lang='lat' dir='ltr'><strong>ares</strong></span> <span class='ocrx_word' id='word_1_440' title='bbox 1769 2817 1829 2872; x_wconf 83' lang='lat' dir='ltr'><strong>ibid.</strong></span> <span class='ocrx_word' id='word_1_441' title='bbox 1904 2823 2002 2886; x_wconf 85' lang='lat' dir='ltr'><strong>cando,</strong></span> <span class='ocrx_word' id='word_1_442' title='bbox 2022 2823 2068 2874; x_wconf 88' lang='lat' dir='ltr'><strong>sed</strong></span> <span class='ocrx_word' id='word_1_443' title='bbox 2088 2819 2260 2888; x_wconf 87' lang='lat' dir='ltr'><strong>convertitur,</strong></span> <span class='ocrx_word' id='word_1_444' title='bbox 2280 2823 2387 2888; x_wconf 89' lang='lat' dir='ltr'><strong>qnando</strong></span> <span class='ocrx_word' id='word_1_445' title='bbox 2407 2829 2540 2886; x_wconf 88' lang='lat' dir='ltr'><strong>pastorem</strong></span> 
     </span>
     <span class='ocr_line' id='line_1_27' title="bbox 542 2905 2317 2972; baseline 0.001 -13"><span class='ocrx_word' id='word_1_446' title='bbox 542 2909 608 2960; x_wconf 62' lang='lat' dir='ltr'><strong>,eius</strong></span> <span class='ocrx_word' id='word_1_447' title='bbox 629 2909 709 2972; x_wconf 88' lang='lat' dir='ltr'><strong>gloria</strong></span> <span class='ocrx_word' id='word_1_448' title='bbox 729 2911 907 2962; x_wconf 80' lang='lat' dir='ltr'><strong>manifestetur</strong></span> <span class='ocrx_word' id='word_1_449' title='bbox 928 2911 960 2960; x_wconf 86' lang='lat' dir='ltr'><strong>Vl</strong></span> <span class='ocrx_word' id='word_1_450' title='bbox 981 2909 1031 2960; x_wconf 88' lang='grc'><strong>269</strong></span> <span class='ocrx_word' id='word_1_451' title='bbox 1052 2911 1068 2960; x_wconf 94' lang='grc'>9</span> <span class='ocrx_word' id='word_1_452' title='bbox 1088 2939 1116 2946; x_wconf 59' lang='lat'><strong>-=</strong></span> <span class='ocrx_word' id='word_1_453' title='bbox 1134 2911 1193 2962; x_wconf 90' lang='lat' dir='ltr'><strong>Non</strong></span> <span class='ocrx_word' id='word_1_454' title='bbox 1283 2911 1318 2962; x_wconf 89' lang='lat' dir='ltr'><strong>Os</strong></span> <span class='ocrx_word' id='word_1_455' title='bbox 1335 2937 1370 2946; x_wconf 83' lang='lat'><strong>--</strong></span> <span class='ocrx_word' id='word_1_456' title='bbox 1389 2907 1485 2960; x_wconf 89' lang='lat' dir='ltr'><strong>dicitur</strong></span> <span class='ocrx_word' id='word_1_457' title='bbox 1512 2909 1620 2960; x_wconf 88' lang='lat' dir='ltr'><strong>inhiatio</strong></span> <span class='ocrx_word' id='word_1_458' title='bbox 1637 2907 1758 2960; x_wconf 88' lang='lat' dir='ltr'><strong>desiderii</strong></span> <span class='ocrx_word' id='word_1_459' title='bbox 1778 2907 1812 2958; x_wconf 85' lang='lat' dir='ltr'><strong>Vl</strong></span> <span class='ocrx_word' id='word_1_460' title='bbox 1831 2905 1861 2956; x_wconf 89' lang='grc'><strong>52</strong></span> <span class='ocrx_word' id='word_1_461' title='bbox 1903 2909 1977 2960; x_wconf 88' lang='grc'>22222</span> <span class='ocrx_word' id='word_1_462' title='bbox 1994 2921 2042 2972; x_wconf 90' lang='lat' dir='ltr'><strong>per</strong></span> <span class='ocrx_word' id='word_1_463' title='bbox 2060 2907 2238 2960; x_wconf 91' lang='lat' dir='ltr'><strong>obedientiam</strong></span> <span class='ocrx_word' id='word_1_464' title='bbox 2255 2907 2317 2962; x_wconf 84' lang='lat' dir='ltr'><strong>ibid.</strong></span> 
     </span>
    </p>

    <p class='ocr_par' dir='ltr' id='par_1_8' title="bbox 551 2995 2542 3062">
     <span class='ocr_line' id='line_1_28' title="bbox 551 2995 2542 3062; baseline 0.001 -14"><span class='ocrx_word' id='word_1_465' title='bbox 551 2997 705 3050; x_wconf 87' lang='lat' dir='ltr'><strong>exaudimur</strong></span> <span class='ocrx_word' id='word_1_466' title='bbox 722 2997 771 3050; x_wconf 89' lang='lat' dir='ltr'><strong>nisi</strong></span> <span class='ocrx_word' id='word_1_467' title='bbox 796 3011 843 3062; x_wconf 90' lang='lat' dir='ltr'><strong>pro</strong></span> <span class='ocrx_word' id='word_1_468' title='bbox 870 2997 1068 3062; x_wconf 87' lang='lat' dir='ltr'><strong>praedestinatis</strong></span> <span class='ocrx_word' id='word_1_469' title='bbox 1091 3001 1119 3048; x_wconf 89' lang='lat' dir='ltr'><strong>et</strong></span> <span class='ocrx_word' id='word_1_470' title='bbox 1141 3009 1191 3058; x_wconf 92' lang='lat' dir='ltr'><strong>pro</strong></span> <span class='ocrx_word' id='word_1_471' title='bbox 1230 2999 1290 3048; x_wconf 89' lang='lat' dir='ltr'><strong>v.5</strong></span> <span class='ocrx_word' id='word_1_472' title='bbox 1313 3023 1344 3034; x_wconf 87' lang='lat'><em>-</em></span> <span class='ocrx_word' id='word_1_473' title='bbox 1364 2995 1488 3048; x_wconf 88' lang='lat' dir='ltr'><strong>Distantia</strong></span> <span class='ocrx_word' id='word_1_474' title='bbox 1515 2995 1595 3046; x_wconf 90' lang='lat' dir='ltr'><strong>debet</strong></span> <span class='ocrx_word' id='word_1_475' title='bbox 1619 3009 1676 3046; x_wconf 88' lang='lat' dir='ltr'><strong>esse</strong></span> <span class='ocrx_word' id='word_1_476' title='bbox 1702 2995 1767 3046; x_wconf 88' lang='lat' dir='ltr'><strong>inter</strong></span> <span class='ocrx_word' id='word_1_477' title='bbox 1787 3009 1817 3046; x_wconf 88' lang='lat' dir='ltr'><strong>os</strong></span> <span class='ocrx_word' id='word_1_478' title='bbox 1841 2999 1867 3046; x_wconf 91' lang='lat' dir='ltr'><strong>et</strong></span> <span class='ocrx_word' id='word_1_479' title='bbox 1955 2995 2103 3048; x_wconf 82' lang='lat' dir='ltr'><strong>-Christi</strong></span> <span class='ocrx_word' id='word_1_480' title='bbox 2121 2997 2259 3062; x_wconf 90' lang='lat' dir='ltr'><strong>rapiuntur</strong></span> <span class='ocrx_word' id='word_1_481' title='bbox 2278 3011 2330 3050; x_wconf 92' lang='lat' dir='ltr'><strong>non</strong></span> <span class='ocrx_word' id='word_1_482' title='bbox 2357 3011 2385 3050; x_wconf 93' lang='lat' dir='ltr'><strong>ex</strong></span> <span class='ocrx_word' id='word_1_483' title='bbox 2411 2997 2542 3050; x_wconf 86' lang='lat' dir='ltr'><strong>imbecilli·</strong></span> 
     </span>
    </p>
   </div>
   <div class='ocr_carea' id='block_1_7' title="bbox 453 3083 2541 3152">
    <p class='ocr_par' dir='ltr' id='par_1_9' title="bbox 453 3083 2541 3152">
     <span class='ocr_line' id='line_1_29' title="bbox 453 3083 2541 3152; baseline 0.002 -16"><span class='ocrx_word' id='word_1_484' title='bbox 453 3145 455 3152; x_wconf 39' lang='grc'>,</span> <span class='ocrx_word' id='word_1_485' title='bbox 551 3085 662 3136; x_wconf 89' lang='lat' dir='ltr'><strong>illisnon</strong></span> <span class='ocrx_word' id='word_1_486' title='bbox 678 3087 770 3136; x_wconf 87' lang='lat' dir='ltr'><strong>frustra</strong></span> <span class='ocrx_word' id='word_1_487' title='bbox 790 3085 956 3138; x_wconf 82' lang='grc'>2222222272</span> <span class='ocrx_word' id='word_1_488' title='bbox 977 3083 1192 3136; x_wconf 69' lang='grc'>222-02222</span> <span class='ocrx_word' id='word_1_489' title='bbox 1230 3099 1275 3138; x_wconf 89' lang='grc'><strong>222</strong></span> <span class='ocrx_word' id='word_1_490' title='bbox 1297 3085 1327 3136; x_wconf 90' lang='grc'><strong>23</strong></span> <span class='ocrx_word' id='word_1_491' title='bbox 1341 3083 1392 3136; x_wconf 89' lang='lat' dir='ltr'><strong>v.t</strong></span> <span class='ocrx_word' id='word_1_492' title='bbox 1412 3083 1602 3148; x_wconf 85' lang='lat' dir='ltr'><strong>-malignum</strong></span> <span class='ocrx_word' id='word_1_493' title='bbox 1622 3097 1673 3136; x_wconf 91' lang='lat' dir='ltr'><strong>non</strong></span> <span class='ocrx_word' id='word_1_494' title='bbox 1685 3083 1764 3136; x_wconf 90' lang='grc'>22222</span> <span class='ocrx_word' id='word_1_495' title='bbox 1775 3089 1866 3148; x_wconf 88' lang='lat' dir='ltr'><strong>aperte</strong></span> <span class='ocrx_word' id='word_1_496' title='bbox 1904 3093 1955 3140; x_wconf 90' lang='lat' dir='ltr'><strong>tate</strong></span> <span class='ocrx_word' id='word_1_497' title='bbox 1975 3085 2156 3150; x_wconf 87' lang='lat' dir='ltr'><strong>custodientis,</strong></span> <span class='ocrx_word' id='word_1_498' title='bbox 2176 3087 2223 3138; x_wconf 89' lang='lat' dir='ltr'><strong>sed</strong></span> <span class='ocrx_word' id='word_1_499' title='bbox 2240 3099 2271 3140; x_wconf 89' lang='lat' dir='ltr'><strong>ex</strong></span> <span class='ocrx_word' id='word_1_500' title='bbox 2291 3087 2439 3140; x_wconf 88' lang='lat' dir='ltr'><strong>infirmitate</strong></span> <span class='ocrx_word' id='word_1_501' title='bbox 2456 3093 2541 3140; x_wconf 90' lang='lat' dir='ltr'><strong>custo·</strong></span> 
     </span>
    </p>
   </div>
   <div class='ocr_carea' id='block_1_8' title="bbox 518 3161 2543 6336">
    <p class='ocr_par' dir='ltr' id='par_1_10' title="bbox 518 3161 2543 6336">
     <span class='ocr_line' id='line_1_30' title="bbox 552 3161 2542 3242; baseline 0.003 -18"><span class='ocrx_word' id='word_1_502' title='bbox 552 3171 648 3224; x_wconf 90' lang='lat' dir='ltr'><strong>debent</strong></span> <span class='ocrx_word' id='word_1_503' title='bbox 672 3173 811 3226; x_wconf 86' lang='lat' dir='ltr'><strong>Christiani</strong></span> <span class='ocrx_word' id='word_1_504' title='bbox 833 3185 884 3236; x_wconf 89' lang='lat' dir='ltr'><strong>pro</strong></span> <span class='ocrx_word' id='word_1_505' title='bbox 908 3169 1128 3236; x_wconf 84' lang='lat' dir='ltr'><strong>persequentibus</strong></span> <span class='ocrx_word' id='word_1_506' title='bbox 1148 3171 1190 3222; x_wconf 76' lang='lat' dir='ltr'><strong>fh</strong></span> <span class='ocrx_word' id='word_1_507' title='bbox 1230 3185 1341 3236; x_wconf 88' lang='lat' dir='ltr'><strong>arguere</strong></span> <span class='ocrx_word' id='word_1_508' title='bbox 1361 3185 1410 3224; x_wconf 89' lang='lat' dir='ltr'><strong>nec</strong></span> <span class='ocrx_word' id='word_1_509' title='bbox 1429 3177 1512 3238; x_wconf 90' lang='lat' dir='ltr'><strong>potest</strong></span> <span class='ocrx_word' id='word_1_510' title='bbox 1531 3173 1619 3224; x_wconf 91' lang='lat' dir='ltr'><strong>cordis</strong></span> <span class='ocrx_word' id='word_1_511' title='bbox 1636 3173 1761 3224; x_wconf 90' lang='lat' dir='ltr'><strong>malitiam</strong></span> <span class='ocrx_word' id='word_1_512' title='bbox 1784 3173 1867 3224; x_wconf 89' lang='lat' dir='ltr'><strong>occul·</strong></span> <span class='ocrx_word' id='word_1_513' title='bbox 1903 3177 1950 3230; x_wconf 89' lang='lat' dir='ltr'><strong>diti</strong></span> <span class='ocrx_word' id='word_1_514' title='bbox 1969 3177 2002 3228; x_wconf 72' lang='lat' dir='ltr'><strong>&#39;fl</strong></span> <span class='ocrx_word' id='word_1_515' title='bbox 2021 3177 2070 3228; x_wconf 87' lang='grc'><strong>393</strong></span> <span class='ocrx_word' id='word_1_516' title='bbox 2086 3175 2221 3228; x_wconf 82' lang='grc'>52-22</span> <span class='ocrx_word' id='word_1_517' title='bbox 2234 3161 2385 3234; x_wconf 87' lang='lat' dir='ltr'><strong>mercenarii</strong></span> <span class='ocrx_word' id='word_1_518' title='bbox 2399 3179 2489 3242; x_wconf 88' lang='lat' dir='ltr'><strong>fugem</strong></span> <span class='ocrx_word' id='word_1_519' title='bbox 2502 3191 2542 3230; x_wconf 91' lang='lat' dir='ltr'><strong>se·</strong></span> 
     </span>
     <span class='ocr_line' id='line_1_31' title="bbox 518 3259 2541 3332; baseline 0.003 -22"><span class='ocrx_word' id='word_1_520' title='bbox 518 3275 519 3280; x_wconf 47' lang='lat'>¹</span> <span class='ocrx_word' id='word_1_521' title='bbox 554 3259 605 3310; x_wconf 87' lang='grc'><strong>577</strong></span> <span class='ocrx_word' id='word_1_522' title='bbox 627 3259 653 3310; x_wconf 87' lang='lat' dir='ltr'><strong>tl</strong></span> <span class='ocrx_word' id='word_1_523' title='bbox 1168 3281 1170 3286; x_wconf 55' lang='lat'><strong><em>¹</em></strong></span> <span class='ocrx_word' id='word_1_524' title='bbox 1230 3261 1346 3314; x_wconf 76' lang='grc'>2222722</span> <span class='ocrx_word' id='word_1_525' title='bbox 1367 3261 1452 3312; x_wconf 88' lang='grc'>3822</span> <span class='ocrx_word' id='word_1_526' title='bbox 1904 3265 1992 3332; x_wconf 88' lang='lat' dir='ltr'><strong>quitur</strong></span> <span class='ocrx_word' id='word_1_527' title='bbox 2007 3263 2097 3314; x_wconf 83' lang='lat' dir='ltr'><strong>orium</strong></span> <span class='ocrx_word' id='word_1_528' title='bbox 2117 3263 2245 3328; x_wconf 89' lang='lat' dir='ltr'><strong>dispersio</strong></span> <span class='ocrx_word' id='word_1_529' title='bbox 2274 3263 2325 3316; x_wconf 85' lang='grc'><strong>387</strong></span> <span class='ocrx_word' id='word_1_530' title='bbox 2348 3265 2377 3316; x_wconf 88' lang='grc'><strong>27</strong></span> <span class='ocrx_word' id='word_1_531' title='bbox 2400 3267 2541 3318; x_wconf 86' lang='lat' dir='ltr'><strong>-Pastor</strong></span> 
     </span>
     <span class='ocr_line' id='line_1_32' title="bbox 603 3347 2542 3418; baseline 0.004 -20"><span class='ocrx_word' id='word_1_532' title='bbox 603 3377 638 3386; x_wconf 96' lang='lat'>—</span> <span class='ocrx_word' id='word_1_533' title='bbox 656 3347 806 3400; x_wconf 88' lang='lat' dir='ltr'><strong>Dillerentia</strong></span> <span class='ocrx_word' id='word_1_534' title='bbox 830 3347 897 3400; x_wconf 89' lang='lat' dir='ltr'><strong>inter</strong></span> <span class='ocrx_word' id='word_1_535' title='bbox 917 3349 1074 3400; x_wconf 86' lang='lat' dir='ltr'><strong>Matthaenm</strong></span> <span class='ocrx_word' id='word_1_536' title='bbox 1097 3353 1123 3400; x_wconf 92' lang='lat' dir='ltr'><strong>et</strong></span> <span class='ocrx_word' id='word_1_537' title='bbox 1139 3349 1192 3400; x_wconf 92' lang='lat' dir='ltr'><strong>Lu·</strong></span> <span class='ocrx_word' id='word_1_538' title='bbox 1284 3347 1399 3402; x_wconf 87' lang='grc'>0222222</span> <span class='ocrx_word' id='word_1_539' title='bbox 1421 3377 1452 3386; x_wconf 91' lang='lat'>-</span> <span class='ocrx_word' id='word_1_540' title='bbox 1472 3355 1511 3402; x_wconf 90' lang='lat' dir='ltr'><strong>est</strong></span> <span class='ocrx_word' id='word_1_541' title='bbox 1529 3349 1635 3414; x_wconf 88' lang='lat' dir='ltr'><strong>signnm</strong></span> <span class='ocrx_word' id='word_1_542' title='bbox 1660 3349 1805 3402; x_wconf 90' lang='lat' dir='ltr'><strong>dilectionis</strong></span> <span class='ocrx_word' id='word_1_543' title='bbox 1823 3351 1867 3402; x_wconf 82' lang='lat' dir='ltr'><strong>Vll</strong></span> <span class='ocrx_word' id='word_1_544' title='bbox 1905 3367 1969 3406; x_wconf 84' lang='lat' dir='ltr'><strong>ores</strong></span> <span class='ocrx_word' id='word_1_545' title='bbox 1983 3353 2005 3404; x_wconf 93' lang='lat' dir='ltr'><strong>in</strong></span> <span class='ocrx_word' id='word_1_546' title='bbox 2027 3365 2110 3405; x_wconf 86' lang='grc'>222222</span> <span class='ocrx_word' id='word_1_547' title='bbox 2123 3353 2235 3416; x_wconf 89' lang='lat' dir='ltr'><strong>colligit,</strong></span> <span class='ocrx_word' id='word_1_548' title='bbox 2252 3367 2286 3404; x_wconf 94' lang='lat' dir='ltr'><strong>ne</strong></span> <span class='ocrx_word' id='word_1_549' title='bbox 2304 3353 2434 3418; x_wconf 88' lang='lat' dir='ltr'><strong>patiantur</strong></span> <span class='ocrx_word' id='word_1_550' title='bbox 2454 3353 2542 3406; x_wconf 89' lang='lat' dir='ltr'><strong>incur·</strong></span> 
     </span>
     <span class='ocr_line' id='line_1_33' title="bbox 552 3433 2541 3506; baseline 0.003 -18"><span class='ocrx_word' id='word_1_551' title='bbox 552 3449 610 3488; x_wconf 90' lang='lat' dir='ltr'><strong>cam</strong></span> <span class='ocrx_word' id='word_1_552' title='bbox 629 3437 655 3488; x_wconf 93' lang='lat' dir='ltr'><strong>in</strong></span> <span class='ocrx_word' id='word_1_553' title='bbox 670 3435 838 3500; x_wconf 88' lang='lat' dir='ltr'><strong>petitionibus</strong></span> <span class='ocrx_word' id='word_1_554' title='bbox 851 3437 975 3488; x_wconf 90' lang='lat' dir='ltr'><strong>orationis</strong></span> <span class='ocrx_word' id='word_1_555' title='bbox 994 3433 1134 3488; x_wconf 83' lang='lat' dir='ltr'><strong>dominicae</strong></span> <span class='ocrx_word' id='word_1_556' title='bbox 1148 3437 1189 3488; x_wconf 84' lang='lat' dir='ltr'><strong>tlh</strong></span> <span class='ocrx_word' id='word_1_557' title='bbox 1232 3437 1281 3488; x_wconf 90' lang='grc'><strong>286</strong></span> <span class='ocrx_word' id='word_1_558' title='bbox 1301 3437 1333 3488; x_wconf 88' lang='grc'>76</span> <span class='ocrx_word' id='word_1_559' title='bbox 1356 3467 1390 3476; x_wconf 93' lang='grc'>-</span> <span class='ocrx_word' id='word_1_560' title='bbox 1411 3439 1515 3504; x_wconf 89' lang='lat' dir='ltr'><strong>signum</strong></span> <span class='ocrx_word' id='word_1_561' title='bbox 1535 3443 1574 3492; x_wconf 86' lang='lat' dir='ltr'><strong>est</strong></span> <span class='ocrx_word' id='word_1_562' title='bbox 1592 3439 1689 3490; x_wconf 90' lang='lat' dir='ltr'><strong>amoris</strong></span> <span class='ocrx_word' id='word_1_563' title='bbox 1708 3437 1758 3490; x_wconf 85' lang='grc'><strong>559</strong></span> <span class='ocrx_word' id='word_1_564' title='bbox 1781 3437 1813 3488; x_wconf 91' lang='grc'><strong>60</strong></span> <span class='ocrx_word' id='word_1_565' title='bbox 1833 3467 1867 3476; x_wconf 91' lang='lat'><em>-</em></span> <span class='ocrx_word' id='word_1_566' title='bbox 1906 3457 1964 3494; x_wconf 87' lang='lat' dir='ltr'><strong>sum</strong></span> <span class='ocrx_word' id='word_1_567' title='bbox 1982 3439 2016 3494; x_wconf 86' lang='lat' dir='ltr'><strong>ib.</strong></span> <span class='ocrx_word' id='word_1_568' title='bbox 2039 3443 2064 3494; x_wconf 87' lang='grc'><strong>22</strong></span> <span class='ocrx_word' id='word_1_569' title='bbox 2090 3447 2203 3494; x_wconf 87' lang='lat' dir='ltr'><strong>-sunt</strong></span> <span class='ocrx_word' id='word_1_570' title='bbox 2229 3443 2388 3506; x_wconf 88' lang='lat' dir='ltr'><strong>pascendae,</strong></span> <span class='ocrx_word' id='word_1_571' title='bbox 2409 3455 2463 3494; x_wconf 91' lang='lat' dir='ltr'><strong>non</strong></span> <span class='ocrx_word' id='word_1_572' title='bbox 2486 3447 2541 3494; x_wconf 93' lang='lat' dir='ltr'><strong>ton·</strong></span> 
     </span>
     <span class='ocr_line' id='line_1_34' title="bbox 553 3523 2447 3596; baseline 0.004 -20"><span class='ocrx_word' id='word_1_573' title='bbox 553 3523 602 3576; x_wconf 92' lang='grc'><strong>278</strong></span> <span class='ocrx_word' id='word_1_574' title='bbox 630 3527 653 3576; x_wconf 87' lang='grc'>5.</span> <span class='ocrx_word' id='word_1_575' title='bbox 682 3525 732 3576; x_wconf 84' lang='grc'><strong>282</strong></span> <span class='ocrx_word' id='word_1_576' title='bbox 759 3525 792 3578; x_wconf 92' lang='grc'><strong>27</strong></span> <span class='ocrx_word' id='word_1_577' title='bbox 811 3553 845 3564; x_wconf 86' lang='grc'><strong>-</strong></span> <span class='ocrx_word' id='word_1_578' title='bbox 865 3525 1044 3590; x_wconf 86' lang='lat' dir='ltr'><strong>dominicalis,</strong></span> <span class='ocrx_word' id='word_1_579' title='bbox 1070 3525 1193 3592; x_wconf 86' lang='lat' dir='ltr'><strong>quamvis</strong></span> <span class='ocrx_word' id='word_1_580' title='bbox 1231 3527 1337 3590; x_wconf 88' lang='lat' dir='ltr'><strong>signum</strong></span> <span class='ocrx_word' id='word_1_581' title='bbox 1358 3531 1395 3578; x_wconf 89' lang='lat' dir='ltr'><strong>est</strong></span> <span class='ocrx_word' id='word_1_582' title='bbox 1415 3527 1511 3580; x_wconf 87' lang='lat' dir='ltr'><strong>amoris</strong></span> <span class='ocrx_word' id='word_1_583' title='bbox 1539 3533 1564 3578; x_wconf 92' lang='lat' dir='ltr'><strong>et</strong></span> <span class='ocrx_word' id='word_1_584' title='bbox 1592 3527 1665 3592; x_wconf 89' lang='lat' dir='ltr'><strong>pacis</strong></span> <span class='ocrx_word' id='word_1_585' title='bbox 1693 3527 1744 3578; x_wconf 85' lang='grc'><strong>395</strong></span> <span class='ocrx_word' id='word_1_586' title='bbox 1772 3527 1806 3578; x_wconf 90' lang='grc'><strong>32</strong></span> <span class='ocrx_word' id='word_1_587' title='bbox 1833 3555 1868 3564; x_wconf 82' lang='grc'><strong>-</strong></span> <span class='ocrx_word' id='word_1_588' title='bbox 1906 3531 2006 3584; x_wconf 85' lang='grc'>222222</span> <span class='ocrx_word' id='word_1_589' title='bbox 2025 3543 2072 3582; x_wconf 90' lang='lat' dir='ltr'><strong>nec</strong></span> <span class='ocrx_word' id='word_1_590' title='bbox 2092 3531 2271 3584; x_wconf 89' lang='lat' dir='ltr'><strong>comedendae</strong></span> <span class='ocrx_word' id='word_1_591' title='bbox 2289 3533 2341 3584; x_wconf 84' lang='grc'><strong>525</strong></span> <span class='ocrx_word' id='word_1_592' title='bbox 2360 3533 2394 3584; x_wconf 87' lang='grc'><strong>35</strong></span> <span class='ocrx_word' id='word_1_593' title='bbox 2445 3593 2447 3596; x_wconf 44' lang='grc'>,</span> 
     </span>
     <span class='ocr_line' id='line_1_35' title="bbox 553 3611 2540 3692; baseline 0.004 -28"><span class='ocrx_word' id='word_1_594' title='bbox 553 3613 583 3664; x_wconf 87' lang='lat' dir='ltr'><strong>sit</strong></span> <span class='ocrx_word' id='word_1_595' title='bbox 602 3611 771 3676; x_wconf 89' lang='lat' dir='ltr'><strong>brevissima,</strong></span> <span class='ocrx_word' id='word_1_596' title='bbox 791 3613 906 3668; x_wconf 89' lang='lat' dir='ltr'><strong>continet</strong></span> <span class='ocrx_word' id='word_1_597' title='bbox 926 3615 950 3666; x_wconf 94' lang='lat' dir='ltr'><strong>in</strong></span> <span class='ocrx_word' id='word_1_598' title='bbox 968 3627 998 3666; x_wconf 90' lang='lat' dir='ltr'><strong>se</strong></span> <span class='ocrx_word' id='word_1_599' title='bbox 1015 3627 1192 3666; x_wconf 87' lang='lat' dir='ltr'><strong>omnemora·</strong></span> <span class='ocrx_word' id='word_1_600' title='bbox 1233 3617 1304 3668; x_wconf 89' lang='lat' dir='ltr'><strong>Dens</strong></span> <span class='ocrx_word' id='word_1_601' title='bbox 1322 3631 1371 3668; x_wconf 89' lang='lat' dir='ltr'><strong>nos</strong></span> <span class='ocrx_word' id='word_1_602' title='bbox 1388 3617 1518 3668; x_wconf 87' lang='lat' dir='ltr'><strong>osculatur</strong></span> <span class='ocrx_word' id='word_1_603' title='bbox 1538 3617 1563 3668; x_wconf 93' lang='lat' dir='ltr'><strong>in</strong></span> <span class='ocrx_word' id='word_1_604' title='bbox 1581 3615 1742 3670; x_wconf 88' lang='lat' dir='ltr'><strong>connexione</strong></span> <span class='ocrx_word' id='word_1_605' title='bbox 1756 3615 1869 3680; x_wconf 87' lang='lat' dir='ltr'><strong>duplicis</strong></span> <span class='ocrx_word' id='word_1_606' title='bbox 1957 3647 1992 3660; x_wconf 89' lang='lat'><em>-</em></span> <span class='ocrx_word' id='word_1_607' title='bbox 2009 3619 2081 3672; x_wconf 88' lang='lat' dir='ltr'><strong>Nulla</strong></span> <span class='ocrx_word' id='word_1_608' title='bbox 2100 3611 2157 3692; x_wconf 81' lang='lat' dir='ltr'><strong>oris</strong></span> <span class='ocrx_word' id='word_1_609' title='bbox 2177 3625 2217 3672; x_wconf 89' lang='lat' dir='ltr'><strong>est</strong></span> <span class='ocrx_word' id='word_1_610' title='bbox 2234 3621 2292 3674; x_wconf 87' lang='lat' dir='ltr'><strong>oris</strong></span> <span class='ocrx_word' id='word_1_611' title='bbox 2309 3625 2379 3674; x_wconf 87' lang='lat' dir='ltr'><strong>extra</strong></span> <span class='ocrx_word' id='word_1_612' title='bbox 2399 3617 2540 3674; x_wconf 87' lang='lat' dir='ltr'><strong>Ecclesiam</strong></span> 
     </span>
     <span class='ocr_line' id='line_1_36' title="bbox 552 3701 2541 3776; baseline 0.002 -22"><span class='ocrx_word' id='word_1_613' title='bbox 552 3701 648 3754; x_wconf 91' lang='lat' dir='ltr'><strong>tionem</strong></span> <span class='ocrx_word' id='word_1_614' title='bbox 667 3705 693 3752; x_wconf 90' lang='lat' dir='ltr'><strong>et</strong></span> <span class='ocrx_word' id='word_1_615' title='bbox 710 3701 800 3754; x_wconf 90' lang='lat' dir='ltr'><strong>omnia</strong></span> <span class='ocrx_word' id='word_1_616' title='bbox 818 3703 973 3766; x_wconf 88' lang='lat' dir='ltr'><strong>postulanda</strong></span> <span class='ocrx_word' id='word_1_617' title='bbox 993 3703 1044 3754; x_wconf 86' lang='grc'><strong>279</strong></span> <span class='ocrx_word' id='word_1_618' title='bbox 1064 3703 1079 3754; x_wconf 92' lang='grc'>8</span> <span class='ocrx_word' id='word_1_619' title='bbox 1232 3711 1344 3758; x_wconf 88' lang='lat' dir='ltr'><strong>naturae·</strong></span> <span class='ocrx_word' id='word_1_620' title='bbox 1358 3707 1383 3758; x_wconf 91' lang='lat' dir='ltr'><strong>in</strong></span> <span class='ocrx_word' id='word_1_621' title='bbox 1402 3703 1491 3758; x_wconf 85' lang='lat' dir='ltr'><strong>Verbo</strong></span> <span class='ocrx_word' id='word_1_622' title='bbox 1509 3703 1572 3758; x_wconf 84' lang='lat' dir='ltr'><strong>ibid.</strong></span> <span class='ocrx_word' id='word_1_623' title='bbox 1906 3711 1937 3764; x_wconf 86' lang='lat' dir='ltr'><strong>Vl</strong></span> <span class='ocrx_word' id='word_1_624' title='bbox 1964 3709 2014 3762; x_wconf 92' lang='grc'><strong>389</strong></span> <span class='ocrx_word' id='word_1_625' title='bbox 2041 3709 2072 3762; x_wconf 90' lang='grc'><strong>29</strong></span> <span class='ocrx_word' id='word_1_626' title='bbox 2093 3723 2148 3772; x_wconf 90' lang='lat' dir='ltr'><strong>arg.</strong></span> <span class='ocrx_word' id='word_1_627' title='bbox 2168 3709 2258 3760; x_wconf 89' lang='lat' dir='ltr'><strong>-de</strong></span> <span class='ocrx_word' id='word_1_628' title='bbox 2279 3709 2401 3776; x_wconf 87' lang='lat' dir='ltr'><strong>gentibus</strong></span> <span class='ocrx_word' id='word_1_629' title='bbox 2421 3707 2541 3760; x_wconf 91' lang='lat' dir='ltr'><strong>nondum</strong></span> 
     </span>
     <span class='ocr_line' id='line_1_37' title="bbox 604 3789 2541 3860; baseline 0.003 -18"><span class='ocrx_word' id='word_1_630' title='bbox 604 3815 639 3828; x_wconf 92' lang='lat'><em>-</em></span> <span class='ocrx_word' id='word_1_631' title='bbox 656 3789 812 3842; x_wconf 78' lang='lat' dir='ltr'><strong>petitionum</strong></span> <span class='ocrx_word' id='word_1_632' title='bbox 837 3791 973 3844; x_wconf 78' lang='lat' dir='ltr'><strong>orationis·</strong></span> <span class='ocrx_word' id='word_1_633' title='bbox 986 3791 1134 3844; x_wconf 90' lang='lat' dir='ltr'><strong>dominicae</strong></span> <span class='ocrx_word' id='word_1_634' title='bbox 1153 3791 1193 3844; x_wconf 90' lang='lat' dir='ltr'><strong>di·</strong></span> <span class='ocrx_word' id='word_1_635' title='bbox 1284 3791 1348 3846; x_wconf 86' lang='lat' dir='ltr'><strong>Ossx</strong></span> <span class='ocrx_word' id='word_1_636' title='bbox 1369 3819 1401 3830; x_wconf 90' lang='lat'><em>-</em></span> <span class='ocrx_word' id='word_1_637' title='bbox 1422 3793 1540 3846; x_wconf 88' lang='lat' dir='ltr'><strong>ordinata</strong></span> <span class='ocrx_word' id='word_1_638' title='bbox 1556 3793 1662 3846; x_wconf 90' lang='lat' dir='ltr'><strong>suntad</strong></span> <span class='ocrx_word' id='word_1_639' title='bbox 1675 3793 1866 3858; x_wconf 90' lang='lat' dir='ltr'><strong>protegendum</strong></span> <span class='ocrx_word' id='word_1_640' title='bbox 1906 3803 2013 3848; x_wconf 88' lang='lat' dir='ltr'><strong>vocatae</strong></span> <span class='ocrx_word' id='word_1_641' title='bbox 2023 3797 2169 3848; x_wconf 88' lang='lat' dir='ltr'><strong>secundum</strong></span> <span class='ocrx_word' id='word_1_642' title='bbox 2179 3803 2343 3860; x_wconf 91' lang='lat' dir='ltr'><strong>praesentem</strong></span> <span class='ocrx_word' id='word_1_643' title='bbox 2352 3797 2541 3850; x_wconf 89' lang='lat' dir='ltr'><strong>iustitiamsunt</strong></span> 
     </span>
     <span class='ocr_line' id='line_1_38' title="bbox 553 3877 2542 3948; baseline 0.004 -18"><span class='ocrx_word' id='word_1_644' title='bbox 553 3877 670 3942; x_wconf 89' lang='lat' dir='ltr'><strong>stinctio,</strong></span> <span class='ocrx_word' id='word_1_645' title='bbox 689 3879 755 3932; x_wconf 89' lang='lat' dir='ltr'><strong>ordo</strong></span> <span class='ocrx_word' id='word_1_646' title='bbox 773 3885 801 3932; x_wconf 91' lang='lat' dir='ltr'><strong>et</strong></span> <span class='ocrx_word' id='word_1_647' title='bbox 818 3881 972 3932; x_wconf 85' lang='lat' dir='ltr'><strong>sufficientia</strong></span> <span class='ocrx_word' id='word_1_648' title='bbox 992 3881 1035 3932; x_wconf 86' lang='lat' dir='ltr'><strong>Vll</strong></span> <span class='ocrx_word' id='word_1_649' title='bbox 1055 3881 1104 3932; x_wconf 88' lang='grc'><strong>279</strong></span> <span class='ocrx_word' id='word_1_650' title='bbox 1125 3881 1192 3932; x_wconf 87' lang='grc'>7-</span> <span class='ocrx_word' id='word_1_651' title='bbox 1232 3881 1263 3934; x_wconf 89' lang='lat' dir='ltr'><strong>Vl</strong></span> <span class='ocrx_word' id='word_1_652' title='bbox 1286 3883 1399 3934; x_wconf 75' lang='grc'>9323</span> <span class='ocrx_word' id='word_1_653' title='bbox 1420 3883 1567 3934; x_wconf 87' lang='lat' dir='ltr'><strong>-Natura</strong></span> <span class='ocrx_word' id='word_1_654' title='bbox 1594 3881 1653 3934; x_wconf 90' lang='lat' dir='ltr'><strong>fecit</strong></span> <span class='ocrx_word' id='word_1_655' title='bbox 1671 3881 1814 3934; x_wconf 88' lang='grc'>22222222</span> <span class='ocrx_word' id='word_1_656' title='bbox 1834 3881 1875 3936; x_wconf 91' lang='lat' dir='ltr'><strong>ad.</strong></span> <span class='ocrx_word' id='word_1_657' title='bbox 1905 3885 1997 3938; x_wconf 82' lang='grc'>0222222</span> <span class='ocrx_word' id='word_1_658' title='bbox 2007 3899 2054 3948; x_wconf 92' lang='lat' dir='ltr'><strong>per</strong></span> <span class='ocrx_word' id='word_1_659' title='bbox 2063 3885 2328 3948; x_wconf 88' lang='lat' dir='ltr'><strong>praedestinationem</strong></span> <span class='ocrx_word' id='word_1_660' title='bbox 2338 3891 2471 3938; x_wconf 90' lang='lat' dir='ltr'><strong>aeternam</strong></span> <span class='ocrx_word' id='word_1_661' title='bbox 2480 3883 2542 3938; x_wconf 85' lang='lat' dir='ltr'><strong>ibid.</strong></span> 
     </span>
     <span class='ocr_line' id='line_1_39' title="bbox 554 3965 2542 4040; baseline 0.005 -24"><span class='ocrx_word' id='word_1_662' title='bbox 554 3965 704 4018; x_wconf 86' lang='lat' dir='ltr'><strong>Secundum</strong></span> <span class='ocrx_word' id='word_1_663' title='bbox 723 3969 821 4022; x_wconf 89' lang='lat' dir='ltr'><strong>Lucam</strong></span> <span class='ocrx_word' id='word_1_664' title='bbox 840 3975 900 4020; x_wconf 86' lang='grc'>2222</span> <span class='ocrx_word' id='word_1_665' title='bbox 920 3969 1037 4034; x_wconf 87' lang='lat' dir='ltr'><strong>quinque</strong></span> <span class='ocrx_word' id='word_1_666' title='bbox 1055 3969 1194 4034; x_wconf 87' lang='lat' dir='ltr'><strong>petitiones</strong></span> <span class='ocrx_word' id='word_1_667' title='bbox 1232 3971 1401 4022; x_wconf 89' lang='lat' dir='ltr'><strong>custodienda</strong></span> <span class='ocrx_word' id='word_1_668' title='bbox 1421 3969 1541 4024; x_wconf 90' lang='lat' dir='ltr'><strong>membra</strong></span> <span class='ocrx_word' id='word_1_669' title='bbox 1559 3969 1645 4022; x_wconf 86' lang='lat' dir='ltr'><strong>mollio</strong></span> <span class='ocrx_word' id='word_1_670' title='bbox 1666 3967 1727 4022; x_wconf 81' lang='lat' dir='ltr'><strong>thid.</strong></span> <span class='ocrx_word' id='word_1_671' title='bbox 1904 3999 1939 4012; x_wconf 91' lang='lat'><em>-</em></span> <span class='ocrx_word' id='word_1_672' title='bbox 1951 3971 2055 4026; x_wconf 88' lang='lat' dir='ltr'><strong>Domini</strong></span> <span class='ocrx_word' id='word_1_673' title='bbox 2067 3977 2242 4036; x_wconf 84' lang='lat' dir='ltr'><strong>congregatae</strong></span> <span class='ocrx_word' id='word_1_674' title='bbox 2254 3979 2313 4028; x_wconf 88' lang='lat' dir='ltr'><strong>sum</strong></span> <span class='ocrx_word' id='word_1_675' title='bbox 2327 3973 2361 4026; x_wconf 89' lang='lat' dir='ltr'><strong>ab</strong></span> <span class='ocrx_word' id='word_1_676' title='bbox 2379 3973 2451 4026; x_wconf 87' lang='lat' dir='ltr'><strong>omni</strong></span> <span class='ocrx_word' id='word_1_677' title='bbox 2469 3979 2542 4040; x_wconf 90' lang='lat' dir='ltr'><strong>parte</strong></span> 
     </span>
     <span class='ocr_line' id='line_1_40' title="bbox 553 4055 2542 4126; baseline 0.004 -20"><span class='ocrx_word' id='word_1_678' title='bbox 553 4055 687 4116; x_wconf 86' lang='lat' dir='ltr'><strong>ordinatae</strong></span> <span class='ocrx_word' id='word_1_679' title='bbox 707 4057 854 4110; x_wconf 89' lang='lat' dir='ltr'><strong>secundum</strong></span> <span class='ocrx_word' id='word_1_680' title='bbox 878 4055 1041 4110; x_wconf 90' lang='lat' dir='ltr'><strong>nobilitatem</strong></span> <span class='ocrx_word' id='word_1_681' title='bbox 1066 4059 1192 4110; x_wconf 88' lang='lat' dir='ltr'><strong>maiorem</strong></span> <span class='ocrx_word' id='word_1_682' title='bbox 1285 4057 1417 4112; x_wconf 87' lang='lat' dir='ltr'><strong>Osrrxnrus</strong></span> <span class='ocrx_word' id='word_1_683' title='bbox 1434 4085 1469 4098; x_wconf 82' lang='lat'><strong>-·-</strong></span> <span class='ocrx_word' id='word_1_684' title='bbox 1489 4059 1617 4112; x_wconf 85' lang='lat' dir='ltr'><strong>Ecclesiae</strong></span> <span class='ocrx_word' id='word_1_685' title='bbox 1640 4063 1680 4112; x_wconf 90' lang='lat' dir='ltr'><strong>est</strong></span> <span class='ocrx_word' id='word_1_686' title='bbox 1697 4057 1815 4110; x_wconf 90' lang='lat' dir='ltr'><strong>Christus</strong></span> <span class='ocrx_word' id='word_1_687' title='bbox 1835 4057 1867 4110; x_wconf 82' lang='lat' dir='ltr'><strong>Vi</strong></span> <span class='ocrx_word' id='word_1_688' title='bbox 1906 4061 1998 4114; x_wconf 91' lang='lat' dir='ltr'><strong>mnndi</strong></span> <span class='ocrx_word' id='word_1_689' title='bbox 2015 4075 2063 4126; x_wconf 91' lang='lat' dir='ltr'><strong>per</strong></span> <span class='ocrx_word' id='word_1_690' title='bbox 2092 4061 2262 4114; x_wconf 90' lang='lat' dir='ltr'><strong>ministerium</strong></span> <span class='ocrx_word' id='word_1_691' title='bbox 2288 4063 2472 4126; x_wconf 83' lang='lat' dir='ltr'><strong>Apostolorum</strong></span> <span class='ocrx_word' id='word_1_692' title='bbox 2498 4063 2542 4116; x_wconf 92' lang='lat' dir='ltr'><strong>Vll</strong></span> 
     </span>
     <span class='ocr_line' id='line_1_41' title="bbox 554 4143 2004 4212; baseline 0.003 -17"><span class='ocrx_word' id='word_1_693' title='bbox 554 4149 578 4196; x_wconf 92' lang='lat' dir='ltr'><strong>et</strong></span> <span class='ocrx_word' id='word_1_694' title='bbox 596 4145 725 4196; x_wconf 90' lang='lat' dir='ltr'><strong>minorem</strong></span> <span class='ocrx_word' id='word_1_695' title='bbox 740 4143 771 4198; x_wconf 86' lang='grc'><strong>22.</strong></span> <span class='ocrx_word' id='word_1_696' title='bbox 786 4147 850 4196; x_wconf 90' lang='grc'><strong>9-</strong></span> <span class='ocrx_word' id='word_1_697' title='bbox 865 4145 986 4212; x_wconf 84' lang='lat' dir='ltr'><strong>Quinque</strong></span> <span class='ocrx_word' id='word_1_698' title='bbox 998 4145 1134 4210; x_wconf 89' lang='lat' dir='ltr'><strong>petitiones</strong></span> <span class='ocrx_word' id='word_1_699' title='bbox 1148 4145 1194 4198; x_wconf 92' lang='lat' dir='ltr'><strong>im·</strong></span> <span class='ocrx_word' id='word_1_700' title='bbox 1232 4147 1282 4200; x_wconf 84' lang='lat'><strong>383</strong></span> <span class='ocrx_word' id='word_1_701' title='bbox 1304 4147 1318 4200; x_wconf 92' lang='grc'><strong>2</strong></span> <span class='ocrx_word' id='word_1_702' title='bbox 1907 4149 1956 4202; x_wconf 90' lang='grc'><strong>353</strong></span> <span class='ocrx_word' id='word_1_703' title='bbox 1977 4151 2004 4200; x_wconf 91' lang='grc'><strong>62</strong></span> 
     </span>
     <span class='ocr_line' id='line_1_42' title="bbox 553 4231 2542 4304; baseline 0.003 -19"><span class='ocrx_word' id='word_1_704' title='bbox 553 4231 653 4298; x_wconf 87' lang='lat' dir='ltr'><strong>plicant</strong></span> <span class='ocrx_word' id='word_1_705' title='bbox 666 4237 780 4298; x_wconf 91' lang='lat' dir='ltr'><strong>septem,</strong></span> <span class='ocrx_word' id='word_1_706' title='bbox 800 4239 825 4286; x_wconf 90' lang='lat' dir='ltr'><strong>et</strong></span> <span class='ocrx_word' id='word_1_707' title='bbox 842 4239 942 4298; x_wconf 85' lang='lat' dir='ltr'><strong>septem</strong></span> <span class='ocrx_word' id='word_1_708' title='bbox 965 4235 1086 4302; x_wconf 83' lang='lat' dir='ltr'><strong>virtutes,</strong></span> <span class='ocrx_word' id='word_1_709' title='bbox 1110 4235 1192 4298; x_wconf 88' lang='lat' dir='ltr'><strong>done,</strong></span> <span class='ocrx_word' id='word_1_710' title='bbox 1285 4233 1380 4290; x_wconf 86' lang='grc'>022222</span> <span class='ocrx_word' id='word_1_711' title='bbox 1394 4265 1428 4296; x_wconf 75' lang='grc'><strong>-,</strong></span> <span class='ocrx_word' id='word_1_712' title='bbox 1439 4235 1557 4290; x_wconf 90' lang='lat' dir='ltr'><strong>Christus</strong></span> <span class='ocrx_word' id='word_1_713' title='bbox 1570 4235 1708 4288; x_wconf 90' lang='lat' dir='ltr'><strong>discretive</strong></span> <span class='ocrx_word' id='word_1_714' title='bbox 1722 4239 1759 4288; x_wconf 91' lang='lat' dir='ltr'><strong>est</strong></span> <span class='ocrx_word' id='word_1_715' title='bbox 1772 4235 1867 4288; x_wconf 89' lang='lat' dir='ltr'><strong>ostium</strong></span> <span class='ocrx_word' id='word_1_716' title='bbox 1958 4243 2105 4290; x_wconf 78' lang='lat' dir='ltr'><strong>-centum</strong></span> <span class='ocrx_word' id='word_1_717' title='bbox 2116 4241 2318 4292; x_wconf 85' lang='lat' dir='ltr'><strong>suntcreaturaa</strong></span> <span class='ocrx_word' id='word_1_718' title='bbox 2332 4241 2357 4290; x_wconf 91' lang='lat' dir='ltr'><strong>in</strong></span> <span class='ocrx_word' id='word_1_719' title='bbox 2369 4241 2484 4304; x_wconf 90' lang='lat' dir='ltr'><strong>perfecto</strong></span> <span class='ocrx_word' id='word_1_720' title='bbox 2497 4253 2542 4290; x_wconf 86' lang='lat' dir='ltr'><strong>nu·</strong></span> 
     </span>
     <span class='ocr_line' id='line_1_43' title="bbox 553 4321 2541 4390; baseline 0.003 -16"><span class='ocrx_word' id='word_1_721' title='bbox 553 4321 726 4376; x_wconf 90' lang='lat' dir='ltr'><strong>beatitudines</strong></span> <span class='ocrx_word' id='word_1_722' title='bbox 741 4329 777 4376; x_wconf 77' lang='lat' dir='ltr'><strong>&#39;et</strong></span> <span class='ocrx_word' id='word_1_723' title='bbox 801 4325 891 4390; x_wconf 81' lang='lat' dir='ltr'><strong>omnes</strong></span> <span class='ocrx_word' id='word_1_724' title='bbox 917 4323 1055 4390; x_wconf 90' lang='lat' dir='ltr'><strong>petitiones</strong></span> <span class='ocrx_word' id='word_1_725' title='bbox 1078 4321 1140 4378; x_wconf 85' lang='lat' dir='ltr'><strong>idid.</strong></span> <span class='ocrx_word' id='word_1_726' title='bbox 1159 4353 1198 4386; x_wconf 51' lang='lat'><strong>·--¹</strong></span> <span class='ocrx_word' id='word_1_727' title='bbox 1232 4325 1321 4378; x_wconf 92' lang='lat' dir='ltr'><strong>ovium</strong></span> <span class='ocrx_word' id='word_1_728' title='bbox 1342 4325 1376 4376; x_wconf 86' lang='lat' dir='ltr'><strong>Vl</strong></span> <span class='ocrx_word' id='word_1_729' title='bbox 1394 4325 1446 4378; x_wconf 88' lang='grc'><strong>385</strong></span> <span class='ocrx_word' id='word_1_730' title='bbox 1467 4325 1482 4376; x_wconf 93' lang='grc'>9</span> <span class='ocrx_word' id='word_1_731' title='bbox 1500 4331 1695 4378; x_wconf 89' lang='lat' dir='ltr'><strong>-reseratum</strong></span> <span class='ocrx_word' id='word_1_732' title='bbox 1715 4331 1754 4376; x_wconf 91' lang='lat' dir='ltr'><strong>est</strong></span> <span class='ocrx_word' id='word_1_733' title='bbox 1772 4325 1867 4388; x_wconf 89' lang='lat' dir='ltr'><strong>inpas·</strong></span> <span class='ocrx_word' id='word_1_734' title='bbox 1907 4339 1979 4380; x_wconf 88' lang='lat' dir='ltr'><strong>mero</strong></span> <span class='ocrx_word' id='word_1_735' title='bbox 1997 4331 2023 4380; x_wconf 90' lang='lat' dir='ltr'><strong>et</strong></span> <span class='ocrx_word' id='word_1_736' title='bbox 2042 4331 2107 4380; x_wconf 90' lang='lat' dir='ltr'><strong>stato</strong></span> <span class='ocrx_word' id='word_1_737' title='bbox 2126 4327 2292 4390; x_wconf 88' lang='lat' dir='ltr'><strong>perfectionis</strong></span> <span class='ocrx_word' id='word_1_738' title='bbox 2309 4341 2372 4382; x_wconf 88' lang='lat' dir='ltr'><strong>suae</strong></span> <span class='ocrx_word' id='word_1_739' title='bbox 2392 4327 2434 4380; x_wconf 90' lang='lat' dir='ltr'><strong>Vll</strong></span> <span class='ocrx_word' id='word_1_740' title='bbox 2455 4325 2541 4378; x_wconf 88' lang='grc'>3828</span> 
     </span>
     <span class='ocr_line' id='line_1_44' title="bbox 553 4411 2543 4482; baseline 0.003 -18"><span class='ocrx_word' id='word_1_741' title='bbox 553 4413 578 4464; x_wconf 91' lang='grc'><strong>22</strong></span> <span class='ocrx_word' id='word_1_742' title='bbox 597 4411 714 4466; x_wconf 90' lang='lat' dir='ltr'><strong>oratione</strong></span> <span class='ocrx_word' id='word_1_743' title='bbox 734 4413 864 4466; x_wconf 87' lang='lat' dir='ltr'><strong>dominica</strong></span> <span class='ocrx_word' id='word_1_744' title='bbox 883 4413 981 4478; x_wconf 88' lang='lat' dir='ltr'><strong>petitur</strong></span> <span class='ocrx_word' id='word_1_745' title='bbox 993 4411 1119 4466; x_wconf 88' lang='lat' dir='ltr'><strong>auxilium</strong></span> <span class='ocrx_word' id='word_1_746' title='bbox 1131 4427 1193 4466; x_wconf 89' lang='lat' dir='ltr'><strong>con·</strong></span> <span class='ocrx_word' id='word_1_747' title='bbox 1232 4413 1347 4468; x_wconf 90' lang='lat' dir='ltr'><strong>sioneib.</strong></span> <span class='ocrx_word' id='word_1_748' title='bbox 1360 4415 1761 4480; x_wconf 82' lang='lat' dir='ltr'><strong>itt-Properantesinreniunl</strong></span> <span class='ocrx_word' id='word_1_749' title='bbox 1772 4413 1866 4466; x_wconf 87' lang='lat' dir='ltr'><strong>ostium</strong></span> <span class='ocrx_word' id='word_1_750' title='bbox 1905 4443 1939 4456; x_wconf 90' lang='lat'><strong>·-</strong></span> <span class='ocrx_word' id='word_1_751' title='bbox 1959 4429 2007 4468; x_wconf 90' lang='lat' dir='ltr'><strong>unu</strong></span> <span class='ocrx_word' id='word_1_752' title='bbox 2028 4413 2176 4480; x_wconf 85' lang='lat' dir='ltr'><strong>intelligitur</strong></span> <span class='ocrx_word' id='word_1_753' title='bbox 2195 4417 2277 4470; x_wconf 93' lang='lat' dir='ltr'><strong>homo</strong></span> <span class='ocrx_word' id='word_1_754' title='bbox 2295 4429 2408 4482; x_wconf 89' lang='lat' dir='ltr'><strong>peccans</strong></span> <span class='ocrx_word' id='word_1_755' title='bbox 2424 4413 2460 4470; x_wconf 84' lang='lat' dir='ltr'><strong>ib.</strong></span> <span class='ocrx_word' id='word_1_756' title='bbox 2479 4417 2543 4466; x_wconf 87' lang='grc'><strong>9-</strong></span> 
     </span>
     <span class='ocr_line' id='line_1_45' title="bbox 554 4495 2541 4570; baseline 0.002 -18"><span class='ocrx_word' id='word_1_757' title='bbox 554 4495 592 4552; x_wconf 85' lang='grc'><strong>222</strong></span> <span class='ocrx_word' id='word_1_758' title='bbox 611 4501 777 4554; x_wconf 88' lang='lat' dir='ltr'><strong>tentationem</strong></span> <span class='ocrx_word' id='word_1_759' title='bbox 799 4499 849 4554; x_wconf 88' lang='grc'><strong>556</strong></span> <span class='ocrx_word' id='word_1_760' title='bbox 871 4499 903 4552; x_wconf 87' lang='grc'><strong>52</strong></span> <span class='ocrx_word' id='word_1_761' title='bbox 923 4529 956 4538; x_wconf 90' lang='lat'><strong>—-</strong></span> <span class='ocrx_word' id='word_1_762' title='bbox 977 4501 1120 4554; x_wconf 87' lang='lat' dir='ltr'><strong>Pelendum</strong></span> <span class='ocrx_word' id='word_1_763' title='bbox 1138 4507 1191 4562; x_wconf 88' lang='lat' dir='ltr'><strong>est,</strong></span> <span class='ocrx_word' id='word_1_764' title='bbox 1232 4507 1365 4570; x_wconf 88' lang='lat' dir='ltr'><strong>apertum,</strong></span> <span class='ocrx_word' id='word_1_765' title='bbox 1393 4503 1467 4570; x_wconf 88' lang='lat' dir='ltr'><strong>quod</strong></span> <span class='ocrx_word' id='word_1_766' title='bbox 1494 4503 1626 4556; x_wconf 88' lang='lat' dir='ltr'><strong>tardantes</strong></span> <span class='ocrx_word' id='word_1_767' title='bbox 1649 4501 1784 4554; x_wconf 86' lang='lat' dir='ltr'><strong>inveniunt</strong></span> <span class='ocrx_word' id='word_1_768' title='bbox 1801 4501 1866 4554; x_wconf 87' lang='grc'>2222-</span> <span class='ocrx_word' id='word_1_769' title='bbox 1906 4505 1953 4556; x_wconf 84' lang='lat' dir='ltr'><strong>Per</strong></span> <span class='ocrx_word' id='word_1_770' title='bbox 1977 4503 2118 4568; x_wconf 86' lang='lat' dir='ltr'><strong>nonaginta</strong></span> <span class='ocrx_word' id='word_1_771' title='bbox 2149 4517 2243 4558; x_wconf 89' lang='lat' dir='ltr'><strong>novem</strong></span> <span class='ocrx_word' id='word_1_772' title='bbox 2274 4519 2339 4558; x_wconf 89' lang='lat' dir='ltr'><strong>ores</strong></span> <span class='ocrx_word' id='word_1_773' title='bbox 2364 4505 2541 4570; x_wconf 90' lang='lat' dir='ltr'><strong>intelliguntur</strong></span> 
     </span>
     <span class='ocr_line' id='line_1_46' title="bbox 553 4587 2541 4664; baseline 0.003 -24"><span class='ocrx_word' id='word_1_774' title='bbox 553 4593 580 4640; x_wconf 89' lang='lat' dir='ltr'><strong>nt</strong></span> <span class='ocrx_word' id='word_1_775' title='bbox 598 4603 614 4640; x_wconf 91' lang='lat' dir='ltr'><strong>a</strong></span> <span class='ocrx_word' id='word_1_776' title='bbox 633 4589 771 4640; x_wconf 89' lang='lat' dir='ltr'><strong>tentatione</strong></span> <span class='ocrx_word' id='word_1_777' title='bbox 791 4601 843 4640; x_wconf 89' lang='lat' dir='ltr'><strong>non</strong></span> <span class='ocrx_word' id='word_1_778' title='bbox 862 4587 1012 4652; x_wconf 81' lang='lat' dir='ltr'><strong>vincamur,</strong></span> <span class='ocrx_word' id='word_1_779' title='bbox 1026 4595 1134 4652; x_wconf 91' lang='lat' dir='ltr'><strong>propter</strong></span> <span class='ocrx_word' id='word_1_780' title='bbox 1154 4589 1192 4642; x_wconf 91' lang='lat' dir='ltr'><strong>di·</strong></span> <span class='ocrx_word' id='word_1_781' title='bbox 1232 4607 1290 4644; x_wconf 91' lang='lat' dir='ltr'><strong>sum</strong></span> <span class='ocrx_word' id='word_1_782' title='bbox 1310 4589 1362 4644; x_wconf 90' lang='grc'><strong>522</strong></span> <span class='ocrx_word' id='word_1_783' title='bbox 1381 4595 1397 4644; x_wconf 88' lang='grc'><strong>2</strong></span> <span class='ocrx_word' id='word_1_784' title='bbox 1498 4661 1499 4664; x_wconf 9' lang='lat'>¹</span> <span class='ocrx_word' id='word_1_785' title='bbox 1907 4591 1997 4656; x_wconf 83' lang='lat' dir='ltr'><strong>Angeli</strong></span> <span class='ocrx_word' id='word_1_786' title='bbox 2016 4589 2049 4644; x_wconf 88' lang='lat' dir='ltr'><strong>ib.</strong></span> <span class='ocrx_word' id='word_1_787' title='bbox 2068 4593 2102 4644; x_wconf 88' lang='lat' dir='ltr'><strong>l⁰</strong></span> <span class='ocrx_word' id='word_1_788' title='bbox 2114 4619 2150 4628; x_wconf 92' lang='lat'><em>-</em></span> <span class='ocrx_word' id='word_1_789' title='bbox 2163 4593 2303 4654; x_wconf 87' lang='lat' dir='ltr'><strong>nonaginta</strong></span> <span class='ocrx_word' id='word_1_790' title='bbox 2323 4607 2418 4646; x_wconf 90' lang='lat' dir='ltr'><strong>novem</strong></span> <span class='ocrx_word' id='word_1_791' title='bbox 2437 4593 2541 4646; x_wconf 88' lang='lat' dir='ltr'><strong>relictae</strong></span> 
     </span>
     <span class='ocr_line' id='line_1_47' title="bbox 553 4675 2212 4746; baseline 0.002 -18"><span class='ocrx_word' id='word_1_792' title='bbox 553 4675 606 4730; x_wconf 89' lang='lat' dir='ltr'><strong>rini</strong></span> <span class='ocrx_word' id='word_1_793' title='bbox 628 4677 714 4730; x_wconf 89' lang='lat' dir='ltr'><strong>auxilii</strong></span> <span class='ocrx_word' id='word_1_794' title='bbox 737 4677 885 4732; x_wconf 89' lang='lat' dir='ltr'><strong>fidelitatem</strong></span> <span class='ocrx_word' id='word_1_795' title='bbox 909 4675 935 4730; x_wconf 88' lang='grc'><strong>22</strong></span> <span class='ocrx_word' id='word_1_796' title='bbox 950 4677 1191 4742; x_wconf 75' lang='lat' dir='ltr'><strong>recognoscentiam</strong></span> <span class='ocrx_word' id='word_1_797' title='bbox 1284 4709 1318 4718; x_wconf 93' lang='grc'><strong>-</strong></span> <span class='ocrx_word' id='word_1_798' title='bbox 1338 4685 1466 4734; x_wconf 85' lang='lat' dir='ltr'><strong>vocantur</strong></span> <span class='ocrx_word' id='word_1_799' title='bbox 1483 4679 1564 4742; x_wconf 90' lang='lat' dir='ltr'><strong>labia,</strong></span> <span class='ocrx_word' id='word_1_800' title='bbox 1586 4691 1632 4744; x_wconf 88' lang='lat' dir='ltr'><strong>per</strong></span> <span class='ocrx_word' id='word_1_801' title='bbox 1651 4691 1719 4746; x_wconf 87' lang='lat' dir='ltr'><strong>quae</strong></span> <span class='ocrx_word' id='word_1_802' title='bbox 1740 4679 1866 4732; x_wconf 87' lang='lat' dir='ltr'><strong>clauditur</strong></span> <span class='ocrx_word' id='word_1_803' title='bbox 1906 4685 1966 4732; x_wconf 84' lang='lat' dir='ltr'><strong>sunt</strong></span> <span class='ocrx_word' id='word_1_804' title='bbox 1982 4679 2009 4732; x_wconf 93' lang='lat' dir='ltr'><strong>in</strong></span> <span class='ocrx_word' id='word_1_805' title='bbox 2030 4679 2131 4732; x_wconf 88' lang='lat' dir='ltr'><strong>deserto</strong></span> <span class='ocrx_word' id='word_1_806' title='bbox 2151 4677 2212 4732; x_wconf 84' lang='lat' dir='ltr'><strong>idid.</strong></span> 
     </span>
     <span class='ocr_line' id='line_1_48' title="bbox 554 4767 2541 4834; baseline 0.001 -15"><span class='ocrx_word' id='word_1_807' title='bbox 554 4773 669 4820; x_wconf 90' lang='lat' dir='ltr'><strong>nostram</strong></span> <span class='ocrx_word' id='word_1_808' title='bbox 688 4767 866 4820; x_wconf 84' lang='lat' dir='ltr'><strong>infirmitatem</strong></span> <span class='ocrx_word' id='word_1_809' title='bbox 884 4769 936 4818; x_wconf 88' lang='grc'><strong>282</strong></span> <span class='ocrx_word' id='word_1_810' title='bbox 956 4767 990 4818; x_wconf 91' lang='grc'><strong>26</strong></span> <span class='ocrx_word' id='word_1_811' title='bbox 1233 4767 1564 4834; x_wconf 82' lang='lat' dir='ltr'><strong>portaor·isV193v.i</strong></span> <span class='ocrx_word' id='word_1_812' title='bbox 1958 4799 1992 4808; x_wconf 94' lang='grc'>-</span> <span class='ocrx_word' id='word_1_813' title='bbox 2011 4769 2050 4822; x_wconf 84' lang='lat' dir='ltr'><strong>nd</strong></span> <span class='ocrx_word' id='word_1_814' title='bbox 2069 4781 2148 4820; x_wconf 85' lang='lat' dir='ltr'><strong>orem</strong></span> <span class='ocrx_word' id='word_1_815' title='bbox 2175 4769 2330 4822; x_wconf 88' lang='lat' dir='ltr'><strong>salrandam</strong></span> <span class='ocrx_word' id='word_1_816' title='bbox 2348 4769 2420 4822; x_wconf 81' lang='lat' dir='ltr'><strong>venit</strong></span> <span class='ocrx_word' id='word_1_817' title='bbox 2438 4769 2484 4822; x_wconf 90' lang='lat' dir='ltr'><strong>Dei</strong></span> <span class='ocrx_word' id='word_1_818' title='bbox 2504 4769 2541 4820; x_wconf 91' lang='lat' dir='ltr'><strong>Fi·</strong></span> 
     </span>
     <span class='ocr_line' id='line_1_49' title="bbox 606 4853 2541 4926; baseline 0.002 -20"><span class='ocrx_word' id='word_1_819' title='bbox 606 4853 782 4926; x_wconf 33' lang='lat' dir='ltr'><strong>&amp;heldrice</strong></span> <span class='ocrx_word' id='word_1_820' title='bbox 799 4861 851 4908; x_wconf 90' lang='lat' dir='ltr'><strong>tres</strong></span> <span class='ocrx_word' id='word_1_821' title='bbox 863 4853 942 4908; x_wconf 89' lang='lat' dir='ltr'><strong>habet</strong></span> <span class='ocrx_word' id='word_1_822' title='bbox 953 4859 1043 4920; x_wconf 89' lang='lat' dir='ltr'><strong>partes</strong></span> <span class='ocrx_word' id='word_1_823' title='bbox 1056 4853 1098 4908; x_wconf 89' lang='lat' dir='ltr'><strong>Vll</strong></span> <span class='ocrx_word' id='word_1_824' title='bbox 1112 4857 1143 4908; x_wconf 86' lang='grc'><strong>22</strong></span> <span class='ocrx_word' id='word_1_825' title='bbox 1160 4855 1191 4908; x_wconf 89' lang='grc'><strong>26</strong></span> <span class='ocrx_word' id='word_1_826' title='bbox 1286 4857 1392 4910; x_wconf 87' lang='grc'>0222222</span> <span class='ocrx_word' id='word_1_827' title='bbox 1409 4887 1443 4896; x_wconf 83' lang='grc'>-</span> <span class='ocrx_word' id='word_1_828' title='bbox 1465 4855 1613 4910; x_wconf 84' lang='lat' dir='ltr'><strong>Substantia</strong></span> <span class='ocrx_word' id='word_1_829' title='bbox 1639 4855 1710 4908; x_wconf 88' lang='lat' dir='ltr'><strong>nulla</strong></span> <span class='ocrx_word' id='word_1_830' title='bbox 1729 4861 1767 4908; x_wconf 91' lang='lat' dir='ltr'><strong>est</strong></span> <span class='ocrx_word' id='word_1_831' title='bbox 1786 4855 1865 4910; x_wconf 87' lang='lat' dir='ltr'><strong>otiosa</strong></span> <span class='ocrx_word' id='word_1_832' title='bbox 1905 4857 1954 4912; x_wconf 90' lang='lat' dir='ltr'><strong>lius</strong></span> <span class='ocrx_word' id='word_1_833' title='bbox 1972 4857 1998 4910; x_wconf 89' lang='lat' dir='ltr'><strong>in</strong></span> <span class='ocrx_word' id='word_1_834' title='bbox 2018 4859 2089 4910; x_wconf 86' lang='grc'>22222</span> <span class='ocrx_word' id='word_1_835' title='bbox 2108 4857 2236 4908; x_wconf 89' lang='lat' dir='ltr'><strong>mundum</strong></span> <span class='ocrx_word' id='word_1_836' title='bbox 2256 4857 2300 4910; x_wconf 89' lang='lat' dir='ltr'><strong>Vll</strong></span> <span class='ocrx_word' id='word_1_837' title='bbox 2327 4859 2378 4910; x_wconf 88' lang='grc'><strong>885</strong></span> <span class='ocrx_word' id='word_1_838' title='bbox 2399 4859 2424 4910; x_wconf 91' lang='lat' dir='ltr'><strong>lt</strong></span> <span class='ocrx_word' id='word_1_839' title='bbox 2449 4885 2485 4898; x_wconf 90' lang='lat'>-</span> <span class='ocrx_word' id='word_1_840' title='bbox 2504 4857 2541 4908; x_wconf 88' lang='lat' dir='ltr'><strong>in·</strong></span> 
     </span>
     <span class='ocr_line' id='line_1_50' title="bbox 606 4943 2541 5012; baseline 0 -16"><span class='ocrx_word' id='word_1_841' title='bbox 606 4943 678 4996; x_wconf 85' lang='lat' dir='ltr'><strong>Onon</strong></span> <span class='ocrx_word' id='word_1_842' title='bbox 695 4973 732 4980; x_wconf 80' lang='lat'><strong>-</strong></span> <span class='ocrx_word' id='word_1_843' title='bbox 750 4943 819 4996; x_wconf 87' lang='lat' dir='ltr'><strong>idern</strong></span> <span class='ocrx_word' id='word_1_844' title='bbox 850 4949 903 5008; x_wconf 91' lang='lat' dir='ltr'><strong>est,</strong></span> <span class='ocrx_word' id='word_1_845' title='bbox 930 4945 1002 5012; x_wconf 88' lang='lat' dir='ltr'><strong>quod</strong></span> <span class='ocrx_word' id='word_1_846' title='bbox 1031 4945 1135 5010; x_wconf 90' lang='lat' dir='ltr'><strong>pondus</strong></span> <span class='ocrx_word' id='word_1_847' title='bbox 1160 4945 1191 4996; x_wconf 79' lang='lat' dir='ltr'><strong>vl</strong></span> <span class='ocrx_word' id='word_1_848' title='bbox 1233 4945 1266 5000; x_wconf 78' lang='lat' dir='ltr'><strong>Vl</strong></span> <span class='ocrx_word' id='word_1_849' title='bbox 1286 4943 1317 4998; x_wconf 83' lang='lat'><strong>37</strong></span> <span class='ocrx_word' id='word_1_850' title='bbox 1340 4949 1400 5012; x_wconf 71' lang='grc'>(2.2</span> <span class='ocrx_word' id='word_1_851' title='bbox 1422 4945 1511 5012; x_wconf 86' lang='lat' dir='ltr'><strong>arg.3</strong></span> <span class='ocrx_word' id='word_1_852' title='bbox 1907 4945 2010 4998; x_wconf 78' lang='lat' dir='ltr'><strong>venitur</strong></span> <span class='ocrx_word' id='word_1_853' title='bbox 2029 4943 2165 5006; x_wconf 83' lang='grc'>20222222,</span> <span class='ocrx_word' id='word_1_854' title='bbox 2177 4945 2312 5010; x_wconf 91' lang='lat' dir='ltr'><strong>quandoa</strong></span> <span class='ocrx_word' id='word_1_855' title='bbox 2327 4945 2473 5010; x_wconf 89' lang='lat' dir='ltr'><strong>perditione</strong></span> <span class='ocrx_word' id='word_1_856' title='bbox 2484 4943 2541 4996; x_wconf 90' lang='lat' dir='ltr'><strong>eins</strong></span> 
     </span>
     <span class='ocr_line' id='line_1_51' title="bbox 555 5027 2541 5100; baseline -0.002 -14"><span class='ocrx_word' id='word_1_857' title='bbox 555 5033 605 5086; x_wconf 93' lang='grc'><strong>282</strong></span> <span class='ocrx_word' id='word_1_858' title='bbox 623 5047 650 5084; x_wconf 89' lang='grc'><strong>2.</strong></span> <span class='ocrx_word' id='word_1_859' title='bbox 671 5033 698 5086; x_wconf 90' lang='grc'><strong>22</strong></span> <span class='ocrx_word' id='word_1_860' title='bbox 718 5033 793 5084; x_wconf 88' lang='lat' dir='ltr'><strong>-in</strong></span> <span class='ocrx_word' id='word_1_861' title='bbox 811 5033 893 5086; x_wconf 90' lang='lat' dir='ltr'><strong>rebus</strong></span> <span class='ocrx_word' id='word_1_862' title='bbox 908 5039 947 5086; x_wconf 91' lang='lat' dir='ltr'><strong>est</strong></span> <span class='ocrx_word' id='word_1_863' title='bbox 958 5033 1000 5086; x_wconf 86' lang='lat' dir='ltr'><strong>vel</strong></span> <span class='ocrx_word' id='word_1_864' title='bbox 1014 5033 1191 5100; x_wconf 89' lang='lat' dir='ltr'><strong>particularis,</strong></span> <span class='ocrx_word' id='word_1_865' title='bbox 1286 5035 1354 5090; x_wconf 88' lang='lat' dir='ltr'><strong>Ores</strong></span> <span class='ocrx_word' id='word_1_866' title='bbox 1370 5063 1407 5076; x_wconf 85' lang='lat'><em>-</em></span> <span class='ocrx_word' id='word_1_867' title='bbox 1425 5037 1474 5086; x_wconf 85' lang='lat' dir='ltr'><strong>Per</strong></span> <span class='ocrx_word' id='word_1_868' title='bbox 1491 5047 1555 5088; x_wconf 81' lang='lat' dir='ltr'><strong>ores</strong></span> <span class='ocrx_word' id='word_1_869' title='bbox 1574 5033 1751 5096; x_wconf 87' lang='lat' dir='ltr'><strong>intelligantur</strong></span> <span class='ocrx_word' id='word_1_870' title='bbox 1771 5029 1867 5084; x_wconf 88' lang='lat' dir='ltr'><strong>subditi</strong></span> <span class='ocrx_word' id='word_1_871' title='bbox 1906 5033 2034 5096; x_wconf 87' lang='lat' dir='ltr'><strong>sanguine</strong></span> <span class='ocrx_word' id='word_1_872' title='bbox 2060 5031 2184 5090; x_wconf 89' lang='lat' dir='ltr'><strong>liberatur</strong></span> <span class='ocrx_word' id='word_1_873' title='bbox 2213 5027 2275 5084; x_wconf 84' lang='lat' dir='ltr'><strong>ibid.</strong></span> <span class='ocrx_word' id='word_1_874' title='bbox 2293 5061 2328 5070; x_wconf 89' lang='lat'>-</span> <span class='ocrx_word' id='word_1_875' title='bbox 2346 5033 2409 5084; x_wconf 86' lang='grc'>0222</span> <span class='ocrx_word' id='word_1_876' title='bbox 2426 5031 2541 5082; x_wconf 89' lang='lat' dir='ltr'><strong>inventio</strong></span> 
     </span>
     <span class='ocr_line' id='line_1_52' title="bbox 554 5117 2541 5188; baseline -0.003 -14"><span class='ocrx_word' id='word_1_877' title='bbox 554 5123 595 5174; x_wconf 88' lang='lat' dir='ltr'><strong>rel</strong></span> <span class='ocrx_word' id='word_1_878' title='bbox 614 5123 768 5174; x_wconf 86' lang='lat' dir='ltr'><strong>universalis</strong></span> <span class='ocrx_word' id='word_1_879' title='bbox 790 5123 822 5174; x_wconf 89' lang='grc'><strong>25</strong></span> <span class='ocrx_word' id='word_1_880' title='bbox 842 5137 868 5188; x_wconf 89' lang='lat' dir='ltr'><strong>q.</strong></span> <span class='ocrx_word' id='word_1_881' title='bbox 889 5123 905 5174; x_wconf 92' lang='grc'><strong>2</strong></span> <span class='ocrx_word' id='word_1_882' title='bbox 923 5149 958 5162; x_wconf 90' lang='grc'>-</span> <span class='ocrx_word' id='word_1_883' title='bbox 977 5121 1083 5188; x_wconf 84' lang='lat' dir='ltr'><strong>Aliquid</strong></span> <span class='ocrx_word' id='word_1_884' title='bbox 1106 5127 1191 5186; x_wconf 87' lang='lat' dir='ltr'><strong>potest</strong></span> <span class='ocrx_word' id='word_1_885' title='bbox 1232 5123 1402 5188; x_wconf 79' lang='lat' dir='ltr'><strong>perfectiores</strong></span> <span class='ocrx_word' id='word_1_886' title='bbox 1420 5123 1452 5174; x_wconf 87' lang='lat' dir='ltr'><strong>Vl</strong></span> <span class='ocrx_word' id='word_1_887' title='bbox 1473 5123 1524 5176; x_wconf 86' lang='grc'><strong>525</strong></span> <span class='ocrx_word' id='word_1_888' title='bbox 1544 5123 1588 5174; x_wconf 86' lang='grc'><strong>35.</strong></span> <span class='ocrx_word' id='word_1_889' title='bbox 1614 5123 1667 5174; x_wconf 88' lang='grc'><strong>526</strong></span> <span class='ocrx_word' id='word_1_890' title='bbox 1686 5119 1773 5170; x_wconf 88' lang='grc'><strong>20-</strong></span> <span class='ocrx_word' id='word_1_891' title='bbox 1792 5119 1868 5184; x_wconf 88' lang='lat' dir='ltr'><strong>signi·</strong></span> <span class='ocrx_word' id='word_1_892' title='bbox 1905 5121 2015 5182; x_wconf 87' lang='lat' dir='ltr'><strong>figurata</strong></span> <span class='ocrx_word' id='word_1_893' title='bbox 2035 5117 2115 5170; x_wconf 88' lang='lat' dir='ltr'><strong>estin</strong></span> <span class='ocrx_word' id='word_1_894' title='bbox 2137 5117 2287 5170; x_wconf 83' lang='lat' dir='ltr'><strong>inventione</strong></span> <span class='ocrx_word' id='word_1_895' title='bbox 2315 5119 2403 5170; x_wconf 89' lang='lat' dir='ltr'><strong>arietis</strong></span> <span class='ocrx_word' id='word_1_896' title='bbox 2420 5117 2541 5172; x_wconf 80' lang='lat' dir='ltr'><strong>Abrahae</strong></span> 
     </span>
     <span class='ocr_line' id='line_1_53' title="bbox 554 5205 2541 5276; baseline -0.002 -16"><span class='ocrx_word' id='word_1_897' title='bbox 554 5209 653 5274; x_wconf 89' lang='lat' dir='ltr'><strong>privari</strong></span> <span class='ocrx_word' id='word_1_898' title='bbox 672 5209 762 5264; x_wconf 90' lang='lat' dir='ltr'><strong>ordine</strong></span> <span class='ocrx_word' id='word_1_899' title='bbox 782 5211 948 5276; x_wconf 88' lang='lat' dir='ltr'><strong>particulari,</strong></span> <span class='ocrx_word' id='word_1_900' title='bbox 965 5211 1076 5264; x_wconf 89' lang='lat' dir='ltr'><strong>sednon</strong></span> <span class='ocrx_word' id='word_1_901' title='bbox 1091 5211 1192 5262; x_wconf 83' lang='lat' dir='ltr'><strong>unirer·</strong></span> <span class='ocrx_word' id='word_1_902' title='bbox 1232 5211 1293 5264; x_wconf 89' lang='lat' dir='ltr'><strong>licat</strong></span> <span class='ocrx_word' id='word_1_903' title='bbox 1315 5209 1463 5262; x_wconf 85' lang='lat' dir='ltr'><strong>intentionis</strong></span> <span class='ocrx_word' id='word_1_904' title='bbox 1486 5211 1677 5274; x_wconf 87' lang='lat' dir='ltr'><strong>simplicitatem</strong></span> <span class='ocrx_word' id='word_1_905' title='bbox 1700 5209 1734 5258; x_wconf 89' lang='grc'><strong>22</strong></span> <span class='ocrx_word' id='word_1_906' title='bbox 1752 5221 1779 5258; x_wconf 91' lang='lat' dir='ltr'><strong>v.</strong></span> <span class='ocrx_word' id='word_1_907' title='bbox 1799 5207 1813 5256; x_wconf 86' lang='lat'>8</span> <span class='ocrx_word' id='word_1_908' title='bbox 1833 5233 1867 5246; x_wconf 90' lang='lat'><em>-</em></span> <span class='ocrx_word' id='word_1_909' title='bbox 1906 5205 1967 5258; x_wconf 85' lang='lat' dir='ltr'><strong>ibid.</strong></span> <span class='ocrx_word' id='word_1_910' title='bbox 1984 5233 2021 5244; x_wconf 85' lang='lat'><strong>-</strong></span> <span class='ocrx_word' id='word_1_911' title='bbox 2038 5205 2145 5256; x_wconf 88' lang='lat' dir='ltr'><strong>inventa</strong></span> <span class='ocrx_word' id='word_1_912' title='bbox 2162 5205 2290 5270; x_wconf 84' lang='lat' dir='ltr'><strong>excipitur</strong></span> <span class='ocrx_word' id='word_1_913' title='bbox 2309 5219 2370 5258; x_wconf 91' lang='lat' dir='ltr'><strong>com</strong></span> <span class='ocrx_word' id='word_1_914' title='bbox 2392 5207 2487 5270; x_wconf 86' lang='lat' dir='ltr'><strong>gaudio</strong></span> <span class='ocrx_word' id='word_1_915' title='bbox 2508 5205 2541 5258; x_wconf 86' lang='lat' dir='ltr'><strong>ib.</strong></span> 
     </span>
     <span class='ocr_line' id='line_1_54' title="bbox 554 5291 2542 5360; baseline -0.002 -10"><span class='ocrx_word' id='word_1_916' title='bbox 554 5297 601 5350; x_wconf 89' lang='lat' dir='ltr'><strong>sali</strong></span> <span class='ocrx_word' id='word_1_917' title='bbox 618 5297 681 5350; x_wconf 87' lang='lat' dir='ltr'><strong>thid.</strong></span> <span class='ocrx_word' id='word_1_918' title='bbox 702 5325 738 5334; x_wconf 91' lang='lat'><strong>·—</strong></span> <span class='ocrx_word' id='word_1_919' title='bbox 757 5297 913 5350; x_wconf 85' lang='lat' dir='ltr'><strong>universalis</strong></span> <span class='ocrx_word' id='word_1_920' title='bbox 932 5303 1022 5350; x_wconf 89' lang='lat' dir='ltr'><strong>cuncta</strong></span> <span class='ocrx_word' id='word_1_921' title='bbox 1043 5297 1193 5360; x_wconf 85' lang='lat' dir='ltr'><strong>complecti·</strong></span> <span class='ocrx_word' id='word_1_922' title='bbox 1232 5303 1293 5348; x_wconf 89' lang='lat' dir='ltr'><strong>sunt</strong></span> <span class='ocrx_word' id='word_1_923' title='bbox 1319 5297 1450 5360; x_wconf 88' lang='lat' dir='ltr'><strong>simplices</strong></span> <span class='ocrx_word' id='word_1_924' title='bbox 1478 5303 1503 5348; x_wconf 91' lang='lat' dir='ltr'><strong>ct</strong></span> <span class='ocrx_word' id='word_1_925' title='bbox 1531 5295 1644 5348; x_wconf 87' lang='lat' dir='ltr'><strong>humiles</strong></span> <span class='ocrx_word' id='word_1_926' title='bbox 1668 5291 1720 5344; x_wconf 91' lang='grc'><strong>382</strong></span> <span class='ocrx_word' id='word_1_927' title='bbox 1738 5293 1754 5344; x_wconf 88' lang='grc'>5</span> <span class='ocrx_word' id='word_1_928' title='bbox 1775 5321 1806 5330; x_wconf 92' lang='grc'>-</span> <span class='ocrx_word' id='word_1_929' title='bbox 1831 5297 1868 5346; x_wconf 88' lang='lat' dir='ltr'><strong>est</strong></span> <span class='ocrx_word' id='word_1_930' title='bbox 1908 5295 1938 5344; x_wconf 89' lang='grc'><strong>22</strong></span> <span class='ocrx_word' id='word_1_931' title='bbox 1959 5321 1992 5332; x_wconf 89' lang='grc'>-</span> <span class='ocrx_word' id='word_1_932' title='bbox 2012 5293 2114 5344; x_wconf 88' lang='lat' dir='ltr'><strong>inventa</strong></span> <span class='ocrx_word' id='word_1_933' title='bbox 2133 5297 2250 5356; x_wconf 88' lang='lat' dir='ltr'><strong>portatur</strong></span> <span class='ocrx_word' id='word_1_934' title='bbox 2263 5309 2323 5346; x_wconf 90' lang='lat' dir='ltr'><strong>cum</strong></span> <span class='ocrx_word' id='word_1_935' title='bbox 2338 5295 2433 5360; x_wconf 86' lang='lat' dir='ltr'><strong>gaudio</strong></span> <span class='ocrx_word' id='word_1_936' title='bbox 2452 5295 2476 5350; x_wconf 89' lang='lat' dir='ltr'><strong>in</strong></span> <span class='ocrx_word' id='word_1_937' title='bbox 2497 5297 2542 5348; x_wconf 90' lang='lat' dir='ltr'><strong>hn-</strong></span> 
     </span>
     <span class='ocr_line' id='line_1_55' title="bbox 554 5361 2066 5452; baseline -0.004 -14"><span class='ocrx_word' id='word_1_938' title='bbox 554 5383 677 5448; x_wconf 84' lang='lat' dir='ltr'><strong>tnrr&#39;bt&#39;d.</strong></span> <span class='ocrx_word' id='word_1_939' title='bbox 693 5411 732 5424; x_wconf 90' lang='lat'><em>-</em></span> <span class='ocrx_word' id='word_1_940' title='bbox 749 5387 800 5452; x_wconf 82' lang='lat' dir='ltr'><strong>Qui</strong></span> <span class='ocrx_word' id='word_1_941' title='bbox 821 5385 891 5438; x_wconf 87' lang='lat' dir='ltr'><strong>cadit</strong></span> <span class='ocrx_word' id='word_1_942' title='bbox 918 5383 951 5436; x_wconf 89' lang='lat' dir='ltr'><strong>ab</strong></span> <span class='ocrx_word' id='word_1_943' title='bbox 976 5385 1067 5438; x_wconf 92' lang='lat' dir='ltr'><strong>ordine</strong></span> <span class='ocrx_word' id='word_1_944' title='bbox 1086 5387 1193 5436; x_wconf 90' lang='lat' dir='ltr'><strong>naturae</strong></span> <span class='ocrx_word' id='word_1_945' title='bbox 1232 5385 1319 5434; x_wconf 91' lang='lat' dir='ltr'><strong>anima</strong></span> <span class='ocrx_word' id='word_1_946' title='bbox 1348 5361 1431 5436; x_wconf 89' lang='lat' dir='ltr'><strong>tidelis</strong></span> <span class='ocrx_word' id='word_1_947' title='bbox 1458 5385 1508 5436; x_wconf 87' lang='grc'><strong>583</strong></span> <span class='ocrx_word' id='word_1_948' title='bbox 1540 5385 1548 5434; x_wconf 91' lang='lat' dir='ltr'><strong>l</strong></span> <span class='ocrx_word' id='word_1_949' title='bbox 1581 5409 1616 5422; x_wconf 90' lang='lat'><em>-</em></span> <span class='ocrx_word' id='word_1_950' title='bbox 1643 5387 1704 5434; x_wconf 88' lang='lat' dir='ltr'><strong>sunt</strong></span> <span class='ocrx_word' id='word_1_951' title='bbox 1730 5381 1867 5432; x_wconf 87' lang='lat' dir='ltr'><strong>rationales</strong></span> <span class='ocrx_word' id='word_1_952' title='bbox 1907 5381 1985 5434; x_wconf 90' lang='lat' dir='ltr'><strong>meris</strong></span> <span class='ocrx_word' id='word_1_953' title='bbox 2003 5377 2066 5432; x_wconf 85' lang='lat' dir='ltr'><strong>ibid.</strong></span> 
     </span>
     <span class='ocr_line' id='line_1_56' title="bbox 554 5469 2540 5536; baseline -0.001 -12"><span class='ocrx_word' id='word_1_954' title='bbox 554 5473 697 5526; x_wconf 89' lang='lat' dir='ltr'><strong>inciditin</strong></span> <span class='ocrx_word' id='word_1_955' title='bbox 728 5475 846 5526; x_wconf 91' lang='lat' dir='ltr'><strong>ordinem</strong></span> <span class='ocrx_word' id='word_1_956' title='bbox 875 5485 978 5536; x_wconf 92' lang='lat' dir='ltr'><strong>poenae</strong></span> <span class='ocrx_word' id='word_1_957' title='bbox 1004 5471 1064 5524; x_wconf 86' lang='lat' dir='ltr'><strong>ibid.</strong></span> <span class='ocrx_word' id='word_1_958' title='bbox 1084 5471 1193 5524; x_wconf 88' lang='lat' dir='ltr'><strong>-Sub</strong></span> <span class='ocrx_word' id='word_1_959' title='bbox 1232 5477 1367 5522; x_wconf 87' lang='lat' dir='ltr'><strong>creaturae</strong></span> <span class='ocrx_word' id='word_1_960' title='bbox 1379 5471 1479 5522; x_wconf 90' lang='lat' dir='ltr'><strong>ratione</strong></span> <span class='ocrx_word' id='word_1_961' title='bbox 1491 5471 1583 5522; x_wconf 88' lang='lat' dir='ltr'><strong>insitae</strong></span> <span class='ocrx_word' id='word_1_962' title='bbox 1601 5471 1808 5522; x_wconf 88' lang='lat' dir='ltr'><strong>mansuetudinis</strong></span> <span class='ocrx_word' id='word_1_963' title='bbox 1825 5471 1866 5522; x_wconf 82' lang='lat' dir='ltr'><strong>Vll</strong></span> <span class='ocrx_word' id='word_1_964' title='bbox 1959 5497 1994 5510; x_wconf 91' lang='lat'>-</span> <span class='ocrx_word' id='word_1_965' title='bbox 2018 5469 2163 5534; x_wconf 86' lang='lat' dir='ltr'><strong>significant</strong></span> <span class='ocrx_word' id='word_1_966' title='bbox 2188 5483 2271 5534; x_wconf 86' lang='lat' dir='ltr'><strong>opera</strong></span> <span class='ocrx_word' id='word_1_967' title='bbox 2293 5471 2488 5526; x_wconf 89' lang='lat' dir='ltr'><strong>misericordiae</strong></span> <span class='ocrx_word' id='word_1_968' title='bbox 2507 5473 2540 5524; x_wconf 84' lang='lat' dir='ltr'><strong>Vl</strong></span> 
     </span>
     <span class='ocr_line' id='line_1_57' title="bbox 554 5555 2010 5624; baseline -0.002 -12"><span class='ocrx_word' id='word_1_969' title='bbox 554 5561 609 5612; x_wconf 86' lang='lat' dir='ltr'><strong>Deo</strong></span> <span class='ocrx_word' id='word_1_970' title='bbox 627 5561 714 5612; x_wconf 87' lang='lat' dir='ltr'><strong>ornoia</strong></span> <span class='ocrx_word' id='word_1_971' title='bbox 734 5561 888 5612; x_wconf 88' lang='lat' dir='ltr'><strong>ordinantur</strong></span> <span class='ocrx_word' id='word_1_972' title='bbox 902 5561 934 5610; x_wconf 88' lang='grc'><strong>26</strong></span> <span class='ocrx_word' id='word_1_973' title='bbox 953 5575 982 5624; x_wconf 90' lang='lat' dir='ltr'><strong>q.</strong></span> <span class='ocrx_word' id='word_1_974' title='bbox 1003 5559 1019 5608; x_wconf 90' lang='grc'><strong>2</strong></span> <span class='ocrx_word' id='word_1_975' title='bbox 1038 5587 1071 5596; x_wconf 77' lang='grc'><strong>-</strong></span> <span class='ocrx_word' id='word_1_976' title='bbox 1092 5555 1142 5612; x_wconf 91' lang='lat' dir='ltr'><strong>Ubi</strong></span> <span class='ocrx_word' id='word_1_977' title='bbox 1156 5565 1194 5610; x_wconf 91' lang='lat' dir='ltr'><strong>est</strong></span> <span class='ocrx_word' id='word_1_978' title='bbox 1233 5559 1284 5610; x_wconf 89' lang='grc'><strong>382</strong></span> <span class='ocrx_word' id='word_1_979' title='bbox 1311 5561 1327 5610; x_wconf 93' lang='grc'>8</span> <span class='ocrx_word' id='word_1_980' title='bbox 1352 5585 1386 5600; x_wconf 89' lang='lat'><strong>-··</strong></span> <span class='ocrx_word' id='word_1_981' title='bbox 1406 5561 1572 5624; x_wconf 86' lang='lat' dir='ltr'><strong>cognoscitur</strong></span> <span class='ocrx_word' id='word_1_982' title='bbox 1597 5573 1626 5610; x_wconf 88' lang='lat' dir='ltr'><strong>ex</strong></span> <span class='ocrx_word' id='word_1_983' title='bbox 1651 5559 1737 5620; x_wconf 82' lang='lat' dir='ltr'><strong>voltu,</strong></span> <span class='ocrx_word' id='word_1_984' title='bbox 1767 5557 1867 5620; x_wconf 89' lang='lat' dir='ltr'><strong>balatu,</strong></span> <span class='ocrx_word' id='word_1_985' title='bbox 1907 5557 2010 5610; x_wconf 87' lang='grc'>27225</span> 
     </span>
     <span class='ocr_line' id='line_1_58' title="bbox 554 5645 2540 5714; baseline 0.001 -14"><span class='ocrx_word' id='word_1_986' title='bbox 554 5647 634 5710; x_wconf 89' lang='grc'>2222,-</span> <span class='ocrx_word' id='word_1_987' title='bbox 656 5645 690 5698; x_wconf 92' lang='lat' dir='ltr'><strong>ibi</strong></span> <span class='ocrx_word' id='word_1_988' title='bbox 710 5653 748 5698; x_wconf 90' lang='lat' dir='ltr'><strong>est</strong></span> <span class='ocrx_word' id='word_1_989' title='bbox 767 5647 854 5712; x_wconf 89' lang='lat' dir='ltr'><strong>magis</strong></span> <span class='ocrx_word' id='word_1_990' title='bbox 881 5651 907 5698; x_wconf 91' lang='lat' dir='ltr'><strong>et</strong></span> <span class='ocrx_word' id='word_1_991' title='bbox 933 5647 1020 5698; x_wconf 89' lang='lat' dir='ltr'><strong>minus</strong></span> <span class='ocrx_word' id='word_1_992' title='bbox 1040 5645 1138 5698; x_wconf 90' lang='lat' dir='ltr'><strong>bonum</strong></span> <span class='ocrx_word' id='word_1_993' title='bbox 1159 5645 1192 5698; x_wconf 88' lang='grc'><strong>32</strong></span> <span class='ocrx_word' id='word_1_994' title='bbox 1232 5649 1328 5700; x_wconf 80' lang='lat' dir='ltr'><strong>uellere</strong></span> <span class='ocrx_word' id='word_1_995' title='bbox 1348 5653 1372 5700; x_wconf 91' lang='lat' dir='ltr'><strong>et</strong></span> <span class='ocrx_word' id='word_1_996' title='bbox 1391 5647 1518 5714; x_wconf 84' lang='lat' dir='ltr'><strong>signon</strong></span> <span class='ocrx_word' id='word_1_997' title='bbox 1538 5649 1590 5700; x_wconf 85' lang='lat'><strong>583</strong></span> <span class='ocrx_word' id='word_1_998' title='bbox 1609 5647 1867 5714; x_wconf 83' lang='lat' dir='ltr'><strong>a-andoovis</strong></span> <span class='ocrx_word' id='word_1_999' title='bbox 1960 5647 2036 5702; x_wconf 86' lang='grc'>02222</span> <span class='ocrx_word' id='word_1_1000' title='bbox 2053 5675 2090 5684; x_wconf 99' lang='grc'><strong>-</strong></span> <span class='ocrx_word' id='word_1_1001' title='bbox 2108 5645 2198 5712; x_wconf 84' lang='lat' dir='ltr'><strong>gregis</strong></span> <span class='ocrx_word' id='word_1_1002' title='bbox 2222 5647 2346 5702; x_wconf 87' lang='lat' dir='ltr'><strong>dominici</strong></span> <span class='ocrx_word' id='word_1_1003' title='bbox 2371 5655 2409 5702; x_wconf 90' lang='lat' dir='ltr'><strong>est</strong></span> <span class='ocrx_word' id='word_1_1004' title='bbox 2427 5649 2540 5702; x_wconf 88' lang='lat' dir='ltr'><strong>Ecclesia</strong></span> 
     </span>
     <span class='ocr_line' id='line_1_59' title="bbox 555 5725 2541 5804; baseline 0.002 -17"><span class='ocrx_word' id='word_1_1005' title='bbox 555 5751 581 5802; x_wconf 92' lang='lat' dir='ltr'><strong>q.</strong></span> <span class='ocrx_word' id='word_1_1006' title='bbox 602 5733 629 5788; x_wconf 71' lang='lat' dir='ltr'><strong>a*</strong></span> <span class='ocrx_word' id='word_1_1007' title='bbox 647 5761 684 5774; x_wconf 87' lang='lat'><strong>--</strong></span> <span class='ocrx_word' id='word_1_1008' title='bbox 701 5735 774 5786; x_wconf 88' lang='lat' dir='ltr'><strong>Unus</strong></span> <span class='ocrx_word' id='word_1_1009' title='bbox 794 5741 833 5786; x_wconf 90' lang='lat' dir='ltr'><strong>est</strong></span> <span class='ocrx_word' id='word_1_1010' title='bbox 857 5735 977 5786; x_wconf 87' lang='lat' dir='ltr'><strong>omnium</strong></span> <span class='ocrx_word' id='word_1_1011' title='bbox 1001 5735 1134 5788; x_wconf 89' lang='lat' dir='ltr'><strong>ordinator</strong></span> <span class='ocrx_word' id='word_1_1012' title='bbox 1160 5733 1192 5786; x_wconf 90' lang='grc'><strong>22</strong></span> <span class='ocrx_word' id='word_1_1013' title='bbox 1232 5725 1374 5788; x_wconf 86' lang='lat' dir='ltr'><strong>devorator</strong></span> <span class='ocrx_word' id='word_1_1014' title='bbox 1397 5749 1412 5786; x_wconf 90' lang='lat' dir='ltr'><strong>a</strong></span> <span class='ocrx_word' id='word_1_1015' title='bbox 1433 5735 1530 5804; x_wconf 88' lang='lat' dir='ltr'><strong>bestia,</strong></span> <span class='ocrx_word' id='word_1_1016' title='bbox 1548 5739 1614 5788; x_wconf 89' lang='lat' dir='ltr'><strong>solet</strong></span> <span class='ocrx_word' id='word_1_1017' title='bbox 1631 5735 1731 5788; x_wconf 91' lang='lat' dir='ltr'><strong>ostendi</strong></span> <span class='ocrx_word' id='word_1_1018' title='bbox 1746 5735 1825 5802; x_wconf 88' lang='lat' dir='ltr'><strong>pellis</strong></span> <span class='ocrx_word' id='word_1_1019' title='bbox 1844 5735 1866 5786; x_wconf 93' lang='lat' dir='ltr'><strong>in</strong></span> <span class='ocrx_word' id='word_1_1020' title='bbox 1907 5735 1938 5788; x_wconf 89' lang='lat' dir='ltr'><strong>Vl</strong></span> <span class='ocrx_word' id='word_1_1021' title='bbox 1959 5737 2009 5790; x_wconf 88' lang='grc'><strong>383</strong></span> <span class='ocrx_word' id='word_1_1022' title='bbox 2029 5737 2043 5788; x_wconf 91' lang='grc'><strong>2</strong></span> <span class='ocrx_word' id='word_1_1023' title='bbox 2060 5763 2097 5774; x_wconf 89' lang='lat'><strong>-—</strong></span> <span class='ocrx_word' id='word_1_1024' title='bbox 2115 5735 2253 5800; x_wconf 88' lang='lat' dir='ltr'><strong>Optimum</strong></span> <span class='ocrx_word' id='word_1_1025' title='bbox 2265 5743 2303 5790; x_wconf 90' lang='lat' dir='ltr'><strong>est</strong></span> <span class='ocrx_word' id='word_1_1026' title='bbox 2317 5739 2421 5790; x_wconf 90' lang='lat' dir='ltr'><strong>introire</strong></span> <span class='ocrx_word' id='word_1_1027' title='bbox 2435 5739 2460 5790; x_wconf 91' lang='lat' dir='ltr'><strong>in</strong></span> <span class='ocrx_word' id='word_1_1028' title='bbox 2472 5739 2541 5790; x_wconf 89' lang='lat' dir='ltr'><strong>orile</strong></span> 
     </span>
     <span class='ocr_line' id='line_1_60' title="bbox 554 5821 2540 5892; baseline 0.002 -16"><span class='ocrx_word' id='word_1_1029' title='bbox 554 5839 582 5876; x_wconf 88' lang='grc'><strong>2.</strong></span> <span class='ocrx_word' id='word_1_1030' title='bbox 601 5823 616 5876; x_wconf 92' lang='grc'>7</span> <span class='ocrx_word' id='word_1_1031' title='bbox 635 5851 670 5858; x_wconf 91' lang='grc'>-</span> <span class='ocrx_word' id='word_1_1032' title='bbox 688 5823 741 5876; x_wconf 80' lang='lat' dir='ltr'><strong>lies</strong></span> <span class='ocrx_word' id='word_1_1033' title='bbox 759 5829 862 5876; x_wconf 87' lang='lat' dir='ltr'><strong>creatae</strong></span> <span class='ocrx_word' id='word_1_1034' title='bbox 888 5837 942 5876; x_wconf 92' lang='lat' dir='ltr'><strong>non</strong></span> <span class='ocrx_word' id='word_1_1035' title='bbox 968 5823 1120 5876; x_wconf 87' lang='lat' dir='ltr'><strong>ordinantor</strong></span> <span class='ocrx_word' id='word_1_1036' title='bbox 1145 5837 1192 5888; x_wconf 91' lang='lat' dir='ltr'><strong>per</strong></span> <span class='ocrx_word' id='word_1_1037' title='bbox 1232 5825 1336 5890; x_wconf 90' lang='lat' dir='ltr'><strong>signum</strong></span> <span class='ocrx_word' id='word_1_1038' title='bbox 1355 5821 1418 5878; x_wconf 86' lang='lat' dir='ltr'><strong>ibid.</strong></span> <span class='ocrx_word' id='word_1_1039' title='bbox 1907 5825 2025 5888; x_wconf 88' lang='lat' dir='ltr'><strong>Domini,</strong></span> <span class='ocrx_word' id='word_1_1040' title='bbox 2042 5825 2089 5890; x_wconf 90' lang='lat' dir='ltr'><strong>qui</strong></span> <span class='ocrx_word' id='word_1_1041' title='bbox 2107 5837 2161 5878; x_wconf 89' lang='lat' dir='ltr'><strong>non</strong></span> <span class='ocrx_word' id='word_1_1042' title='bbox 2179 5831 2265 5890; x_wconf 90' lang='lat' dir='ltr'><strong>potest</strong></span> <span class='ocrx_word' id='word_1_1043' title='bbox 2282 5825 2429 5892; x_wconf 87' lang='lat' dir='ltr'><strong>superaria</strong></span> <span class='ocrx_word' id='word_1_1044' title='bbox 2444 5825 2540 5882; x_wconf 88' lang='lat' dir='ltr'><strong>fortiori</strong></span> 
     </span>
     <span class='ocr_line' id='line_1_61' title="bbox 554 5911 2067 5984; baseline 0.001 -19"><span class='ocrx_word' id='word_1_1045' title='bbox 554 5925 597 5980; x_wconf 88' lang='lat' dir='ltr'><strong>se,</strong></span> <span class='ocrx_word' id='word_1_1046' title='bbox 615 5911 662 5964; x_wconf 89' lang='lat' dir='ltr'><strong>sed</strong></span> <span class='ocrx_word' id='word_1_1047' title='bbox 680 5925 695 5962; x_wconf 92' lang='lat' dir='ltr'><strong>a</strong></span> <span class='ocrx_word' id='word_1_1048' title='bbox 715 5911 769 5966; x_wconf 90' lang='lat' dir='ltr'><strong>Deo</strong></span> <span class='ocrx_word' id='word_1_1049' title='bbox 790 5911 822 5966; x_wconf 82' lang='lat' dir='ltr'><strong>it.</strong></span> <span class='ocrx_word' id='word_1_1050' title='bbox 842 5927 867 5966; x_wconf 84' lang='lat' dir='ltr'><strong>v.</strong></span> <span class='ocrx_word' id='word_1_1051' title='bbox 888 5915 904 5966; x_wconf 88' lang='lat'>8</span> <span class='ocrx_word' id='word_1_1052' title='bbox 1284 5939 1319 5954; x_wconf 87' lang='lat'><strong>-·</strong></span> <span class='ocrx_word' id='word_1_1053' title='bbox 1339 5913 1428 5968; x_wconf 89' lang='lat' dir='ltr'><strong>tribuit</strong></span> <span class='ocrx_word' id='word_1_1054' title='bbox 1446 5915 1485 5966; x_wconf 88' lang='lat' dir='ltr'><strong>lac</strong></span> <span class='ocrx_word' id='word_1_1055' title='bbox 1503 5915 1531 5966; x_wconf 92' lang='lat' dir='ltr'><strong>in</strong></span> <span class='ocrx_word' id='word_1_1056' title='bbox 1549 5921 1656 5980; x_wconf 87' lang='lat' dir='ltr'><strong>potrrm,</strong></span> <span class='ocrx_word' id='word_1_1057' title='bbox 1675 5913 1821 5966; x_wconf 83' lang='lat' dir='ltr'><strong>cernentia</strong></span> <span class='ocrx_word' id='word_1_1058' title='bbox 1837 5913 1880 5984; x_wconf 51' lang='lat' dir='ltr'><strong>riq</strong></span> <span class='ocrx_word' id='word_1_1059' title='bbox 1907 5915 1949 5967; x_wconf 89' lang='lat' dir='ltr'><strong>Vll</strong></span> <span class='ocrx_word' id='word_1_1060' title='bbox 1969 5915 2020 5966; x_wconf 89' lang='grc'><strong>292</strong></span> <span class='ocrx_word' id='word_1_1061' title='bbox 2038 5913 2067 5966; x_wconf 82' lang='grc'><strong>52</strong></span> 
     </span>
     <span class='ocr_line' id='line_1_62' title="bbox 608 5999 2535 6068; baseline 0.002 -16"><span class='ocrx_word' id='word_1_1062' title='bbox 608 6029 642 6038; x_wconf 93' lang='grc'>-</span> <span class='ocrx_word' id='word_1_1063' title='bbox 662 6001 726 6054; x_wconf 84' lang='grc'>2222</span> <span class='ocrx_word' id='word_1_1064' title='bbox 743 6007 804 6056; x_wconf 91' lang='lat' dir='ltr'><strong>sunt</strong></span> <span class='ocrx_word' id='word_1_1065' title='bbox 821 6001 928 6056; x_wconf 88' lang='lat' dir='ltr'><strong>ordines</strong></span> <span class='ocrx_word' id='word_1_1066' title='bbox 947 6003 1057 6057; x_wconf 88' lang='lat' dir='ltr'><strong>civitatis</strong></span> <span class='ocrx_word' id='word_1_1067' title='bbox 1084 6003 1115 6056; x_wconf 80' lang='lat' dir='ltr'><strong>Vl</strong></span> <span class='ocrx_word' id='word_1_1068' title='bbox 1142 6003 1191 6056; x_wconf 88' lang='grc'><strong>239</strong></span> <span class='ocrx_word' id='word_1_1069' title='bbox 1232 5999 1312 6068; x_wconf 89' lang='lat' dir='ltr'><strong>bum,</strong></span> <span class='ocrx_word' id='word_1_1070' title='bbox 1338 6005 1423 6056; x_wconf 89' lang='lat' dir='ltr'><strong>lanam</strong></span> <span class='ocrx_word' id='word_1_1071' title='bbox 1451 6005 1479 6057; x_wconf 89' lang='lat' dir='ltr'><strong>in</strong></span> <span class='ocrx_word' id='word_1_1072' title='bbox 1502 6005 1702 6068; x_wconf 88' lang='lat' dir='ltr'><strong>vestimentum,</strong></span> <span class='ocrx_word' id='word_1_1073' title='bbox 1721 6005 1814 6068; x_wconf 90' lang='lat' dir='ltr'><strong>pellem</strong></span> <span class='ocrx_word' id='word_1_1074' title='bbox 1842 6005 1867 6056; x_wconf 93' lang='lat' dir='ltr'><strong>in</strong></span> <span class='ocrx_word' id='word_1_1075' title='bbox 1958 6003 2535 6068; x_wconf 65' lang='grc'>0222-222222222222222222282228632</span> 
     </span>
     <span class='ocr_line' id='line_1_63' title="bbox 554 6089 2541 6158; baseline -0.003 -9"><span class='ocrx_word' id='word_1_1076' title='bbox 554 6103 581 6142; x_wconf 76' lang='lat' dir='ltr'><strong>V·</strong></span> <span class='ocrx_word' id='word_1_1077' title='bbox 600 6091 614 6142; x_wconf 83' lang='grc'><strong>9</strong></span> <span class='ocrx_word' id='word_1_1078' title='bbox 1232 6099 1354 6150; x_wconf 87' lang='lat' dir='ltr'><strong>ornatum</strong></span> <span class='ocrx_word' id='word_1_1079' title='bbox 1372 6093 1407 6146; x_wconf 90' lang='lat' dir='ltr'><strong>Vl</strong></span> <span class='ocrx_word' id='word_1_1080' title='bbox 1426 6095 1476 6146; x_wconf 87' lang='grc'><strong>263</strong></span> <span class='ocrx_word' id='word_1_1081' title='bbox 1496 6095 1531 6146; x_wconf 92' lang='grc'><strong>82</strong></span> <span class='ocrx_word' id='word_1_1082' title='bbox 1958 6091 2030 6144; x_wconf 85' lang='grc'>0222</span> <span class='ocrx_word' id='word_1_1083' title='bbox 2046 6119 2084 6130; x_wconf 88' lang='grc'>-</span> <span class='ocrx_word' id='word_1_1084' title='bbox 2101 6089 2163 6158; x_wconf 88' lang='lat' dir='ltr'><strong>quia</strong></span> <span class='ocrx_word' id='word_1_1085' title='bbox 2189 6097 2265 6144; x_wconf 88' lang='lat' dir='ltr'><strong>nocte</strong></span> <span class='ocrx_word' id='word_1_1086' title='bbox 2282 6105 2391 6146; x_wconf 83' lang='lat' dir='ltr'><strong>rrxorern</strong></span> <span class='ocrx_word' id='word_1_1087' title='bbox 2409 6105 2541 6158; x_wconf 86' lang='lat' dir='ltr'><strong>cognore-</strong></span> 
     </span>
     <span class='ocr_line' id='line_1_64' title="bbox 608 6175 2541 6248; baseline 0 -18"><span class='ocrx_word' id='word_1_1088' title='bbox 608 6205 642 6218; x_wconf 85' lang='lat'><strong>--</strong></span> <span class='ocrx_word' id='word_1_1089' title='bbox 662 6179 729 6232; x_wconf 88' lang='lat' dir='ltr'><strong>sacri</strong></span> <span class='ocrx_word' id='word_1_1090' title='bbox 746 6179 873 6248; x_wconf 87' lang='lat' dir='ltr'><strong>largiendi</strong></span> <span class='ocrx_word' id='word_1_1091' title='bbox 893 6181 1039 6236; x_wconf 88' lang='lat' dir='ltr'><strong>secundum</strong></span> <span class='ocrx_word' id='word_1_1092' title='bbox 1058 6183 1128 6236; x_wconf 88' lang='lat' dir='ltr'><strong>vitae</strong></span> <span class='ocrx_word' id='word_1_1093' title='bbox 1140 6195 1192 6234; x_wconf 90' lang='lat' dir='ltr'><strong>me·</strong></span> <span class='ocrx_word' id='word_1_1094' title='bbox 1286 6211 1319 6220; x_wconf 95' lang='lat'><strong>-—</strong></span> <span class='ocrx_word' id='word_1_1095' title='bbox 1339 6181 1479 6248; x_wconf 89' lang='lat' dir='ltr'><strong>spiritualis</strong></span> <span class='ocrx_word' id='word_1_1096' title='bbox 1496 6181 1576 6236; x_wconf 90' lang='lat' dir='ltr'><strong>debet</strong></span> <span class='ocrx_word' id='word_1_1097' title='bbox 1592 6181 1689 6236; x_wconf 87' lang='lat' dir='ltr'><strong>habere</strong></span> <span class='ocrx_word' id='word_1_1098' title='bbox 1702 6183 1785 6236; x_wconf 87' lang='lat' dir='ltr'><strong>relius</strong></span> <span class='ocrx_word' id='word_1_1099' title='bbox 1797 6183 1868 6248; x_wconf 85' lang='lat' dir='ltr'><strong>agni·</strong></span> <span class='ocrx_word' id='word_1_1100' title='bbox 1905 6185 1959 6244; x_wconf 88' lang='lat' dir='ltr'><strong>rat,</strong></span> <span class='ocrx_word' id='word_1_1101' title='bbox 1977 6175 2118 6244; x_wconf 86' lang='lat' dir='ltr'><strong>percussus</strong></span> <span class='ocrx_word' id='word_1_1102' title='bbox 2139 6179 2199 6244; x_wconf 91' lang='lat' dir='ltr'><strong>fuit,</strong></span> <span class='ocrx_word' id='word_1_1103' title='bbox 2225 6181 2333 6244; x_wconf 86' lang='lat' dir='ltr'><strong>quando</strong></span> <span class='ocrx_word' id='word_1_1104' title='bbox 2352 6179 2436 6242; x_wconf 90' lang='lat' dir='ltr'><strong>tetigit</strong></span> <span class='ocrx_word' id='word_1_1105' title='bbox 2453 6193 2541 6232; x_wconf 88' lang='lat' dir='ltr'><strong>arcam</strong></span> 
     </span>
     <span class='ocr_line' id='line_1_65' title="bbox 554 6265 2054 6336; baseline 0 -18"><span class='ocrx_word' id='word_1_1106' title='bbox 554 6267 633 6320; x_wconf 90' lang='lat' dir='ltr'><strong>ritum</strong></span> <span class='ocrx_word' id='word_1_1107' title='bbox 655 6269 685 6320; x_wconf 91' lang='lat' dir='ltr'><strong>Vl</strong></span> <span class='ocrx_word' id='word_1_1108' title='bbox 700 6265 750 6320; x_wconf 90' lang='grc'><strong>272</strong></span> <span class='ocrx_word' id='word_1_1109' title='bbox 772 6271 805 6324; x_wconf 87' lang='grc'><strong>25</strong></span> <span class='ocrx_word' id='word_1_1110' title='bbox 1231 6285 1282 6326; x_wconf 89' lang='lat' dir='ltr'><strong>nae</strong></span> <span class='ocrx_word' id='word_1_1111' title='bbox 1300 6269 1505 6324; x_wconf 81' lang='lat' dir='ltr'><strong>conversationis</strong></span> <span class='ocrx_word' id='word_1_1112' title='bbox 1523 6271 1554 6324; x_wconf 88' lang='lat' dir='ltr'><strong>Vl</strong></span> <span class='ocrx_word' id='word_1_1113' title='bbox 1568 6271 1618 6324; x_wconf 87' lang='lat'><strong>583</strong></span> <span class='ocrx_word' id='word_1_1114' title='bbox 1640 6271 1655 6322; x_wconf 93' lang='grc'>9</span> <span class='ocrx_word' id='word_1_1115' title='bbox 1673 6299 1709 6308; x_wconf 92' lang='lat'><em>-</em></span> <span class='ocrx_word' id='word_1_1116' title='bbox 1727 6271 1866 6336; x_wconf 90' lang='lat' dir='ltr'><strong>spiritualis</strong></span> <span class='ocrx_word' id='word_1_1117' title='bbox 1906 6269 1950 6320; x_wconf 83' lang='lat' dir='ltr'><strong>Vll</strong></span> <span class='ocrx_word' id='word_1_1118' title='bbox 1968 6269 2001 6320; x_wconf 89' lang='grc'><strong>20</strong></span> <span class='ocrx_word' id='word_1_1119' title='bbox 2021 6269 2054 6320; x_wconf 88' lang='grc'><strong>36</strong></span> 
     </span>
    </p>
   </div>
   <div class='ocr_carea' id='block_1_9' title="bbox 0 0 2958 8260">
    <p class='ocr_par' dir='ltr' id='par_1_11' title="bbox 0 0 2958 8260">
     <span class='ocr_line' id='line_1_66' title="bbox 0 0 2958 8260; baseline 0 0"><span class='ocrx_word' id='word_1_1120' title='bbox 0 0 2958 8260; x_wconf 95' lang='lat' dir='ltr'><strong> </strong></span> 
     </span>
    </p>
   </div>
  </div>
 </body>
</html>
