5900 8266
464 613 528 682 6118

288 873 290 878 Ι
544 789 571 850 3.
595 791 688 866 (llere.
709 791 762 868 3.).
777 793 902 852 Samma
923 791 983 852 Sed
1000 795 1167 868 atlantide:
1186 811 1262 864 ecce,
1279 793 1419 854 malaura

296 905 328 948 ne
346 901 439 966 secanae
463 903 497 948 eu
512 889 675 962 praedictis
691 905 866 964 consequeus
878 889 1035 964 multiplex
1053 893 1220 952 Ecclesiae:
1240 895 1362 964 primam
1375 895 1420 952 est

301 955 445 1072 uiiiiiii
464 985 584 1056 diffusio
598 987 747 1046 doctrinae
755 1003 926 1060 perversae:
942 989 1097 1048 secundum
1109 989 1155 1046 est
1166 989 1299 1048 carentia
1316 991 1421 1048 doctri

299 1067 381 1162 iffi
395 1075 444 1120 μ’·
463 1099 519 1142 rrae
539 1083 735 1142 necessariae:
753 1083 841 1142 Filia
849 1083 958 1156 populi
977 1085 1035 1142 urei
1053 1083 1187 1144 auara
1201 1117 1242 1126 -
1254 1083 1421 1156 Pro-primo

464 1177 550 1238 dicit:
572 1177 630 1238 Seri
650 1183 678 1238 ei
698 1179 821 1252 lemica·
843 1181 935 1240 uuae
956 1179 999 1238 est
1019 1179 1178 1240 monstrum
1205 1179 1312 1238 habens
1336 1179 1422 1252 capnt

465 1279 639 1352 uirgineum,
661 1293 762 1350 corpus
784 1279 930 1352 porcinum
955 1277 984 1334 et
1004 1277 1090 1348 pedes
1115 1277 1244 1350 equinos,
1265 1277 1422 1338 cmdelissi

466 1391 558 1444 mum,
580 1373 686 1434 dictum
707 1391 726 1432 a
745 1371 887 1432 lauiaudo
909 1375 990 1446 quasi
1008 1375 1098 1432 lania.
1116 1373 1203 1432 quta
1232 1373 1360 1432 litteram
1379 1375 1422 1432 Ie

467 1473 591 1532 msalern
611 1473 675 1530 vult
702 1471 793 1530 dicere
811 1473 843 1530 in
867 1471 1048 1530 solitudinem
1067 1471 1225 1540 redactam,
1244 1471 1275 1528 et
1294 1471 1422 1528 monstra

467 1569 505 1628 ibi
526 1569 597 1628 talia
614 1567 770 1628 habitasse.
789 1569 848 1646 Per
868 1567 976 1628 lamias
995 1567 1086 1642 igitur
1104 1567 1305 1642 intelliguntur
1325 1567 1423 1626 haere·

467 1667 516 1726 tici
537 1667 564 1726 et
584 1665 762 1740 hypocritae,
783 1667 813 1724 in
834 1667 904 1726 facie
924 1665 1082 1738 simplices,
1102 1667 1131 1724 in
1152 1665 1251 1724 uentre
1279 1665 1422 1734 annales,

467 1765 497 1824 in
518 1765 633 1838 pedibus
656 1765 719 1840 equi
739 1763 768 1822 et
788 1765 936 1822 instabiles
948 1761 970 1822 ¹.
990 1763 1074 1822 Tales
1092 1765 1194 1822 lamiae
1220 1763 1345 1822 belluina
1363 1779 1424 1822 cru-

468 1861 585 1922 delitate
604 1861 711 1922 feroces
736 1861 922 1920 audaceruut
943 1879 1116 1936 mamaeam,
1136 1861 1225 1920 idest
1242 1861 1332 1922 libere
1346 1879 1424 1936 prae·
1449 1883 1451 1886 ·

468 1957 563 2020 dicant
584 1959 754 2030 doctrinam,
777 1957 882 2018 scilicet
904 1957 1084 2034 pestiferam:
1110 1959 1293 2020 lactaucruut
1311 1963 1424 2020 catulae

469 2075 553 2132 suos,
573 2057 768 2118 haereticellos
788 2057 929 2132 simplices
950 2059 981 2116 in
999 2057 1139 2116 haeresim
1160 2059 1339 2132 redamatus:
1358 2059 1425 2120 Pro·

470 2151 604 2214 verbia²:
629 2177 646 2206 «
661 2155 714 2224 Qui
740 2155 786 2214 est
811 2157 951 2228 paruulus
981 2155 1101 2216 declinet
1120 2159 1158 2216 ad
1176 2175 1230 2218 me.
1256 2157 1296 2216 Et
1315 2159 1427 2218 uecordi

468 2253 563 2314 locuta
584 2251 642 2314 est:
665 2253 762 2328 Aquae
792 2255 915 2314 furtivae
944 2257 1083 2316 dulciores
1103 2257 1170 2316 sunt
1193 2283 1224 2318 a.
1243 2259 1305 2320 Hoc
1332 2259 1426 2318 autem

470 2351 561 2410 totum
576 2351 620 2410 est
633 2353 750 2426 propter
764 2353 897 2412 inertiam
911 2353 1116 2428 praelatorum:
1131 2355 1307 2416 Matthaeus:
1328 2381 1344 2410 ‹<
1356 2357 1426 2416 Cum

469 2449 624 2508 dormirent
644 2449 780 2522 homines,
794 2451 872 2510 uenit
885 2453 1015 2510 inimicus
1029 2453 1089 2512 eius
1102 2451 1131 2512 et
1145 2453 1380 2526 superseminavit
1394 2455 1428 2512 ni·

305 2551 407 2618 carentia
422 2549 459 2594 uo·
470 2551 550 2608 uenia
559 2569 594 2620 »ς
608 2549 714 2608 isaias:
729 2551 797 2608 «lbi
806 2551 916 2608 inuenit
926 2551 1014 2608 lamia
1028 2551 1185 2624 requiem».
1197 2551 1344 2626 Π-1111111,
1353 2569 1426 2620 θθθθ,

311 2609 460 2710 illitati
471 2643 585 2704 econtra
605 2641 730 2714 defectus
748 2645 900 2708 doctrinae
918 2645 1112 2716 necessariae,
1140 2647 1188 2704 ubi
1209 2647 1299 2718 primo
1328 2645 1429 2716 arpuit

271 2797 272 2800 ,
312 2723 356 2768 ‘¹¹¹³
370 2711 420 2756 ‘¹¹¹⁰‘
467 2741 618 2814 praelatos
638 2743 672 2800 tu
692 2743 828 2800 doctriua
854 2743 1047 2816 aegalipeutcs,⁸
1068 2741 1188 2800 secundo
1216 2741 1342 2812 aptarat
1367 2757 1428 2796 aue

439 2865 440 2868 ¹
468 2837 552 2912 plius
575 2837 716 2896 laesiones
734 2839 885 2896 Ecclesiae
906 2837 974 2896 iude
988 2837 1209 2908 proueuieuies,
1229 2837 1284 2894 ibi:
1312 2833 1428 2894 Adhae-

350 2941 453 2986 Primam.
473 2935 513 2994 sii
533 2935 699 3008 liupua.--
713 2935 788 2992 Dicit
800 2933 906 3006 igitur:
920 2933 1007 2990 Filia
1022 2933 1143 3004 populi,
1159 2933 1253 3004 quasi:
1269 2931 1428 3002 arguuntur

471 3031 605 3090 indirecte
625 3031 834 3104 comparatione
857 3029 1063 3088 haereticorum
1084 3029 1131 3100 qui
1152 3027 1274 3086 subditis
1294 3029 1352 3084 suis
1372 3043 1429 3086 non

472 3127 585 3186 instant
603 3125 764 3196 edocendis:
785 3123 871 3184 Filia
879 3125 986 3198 populi
1006 3125 1078 3196 ruci,
1098 3125 1153 3184 hoc
1171 3123 1276 3184 dicitur
1288 3123 1322 3182 de
1335 3121 1429 3182 monte

472 3223 552 3292 Sion,
574 3223 604 3280 in
623 3237 678 3294 quo
700 3221 762 3278 erat
782 3219 934 3292 templum,
954 3219 1029 3292 quod
1045 3219 1183 3292 tanquam
1202 3217 1305 3292 pilius
1328 3219 1429 3292 populo

473 3317 633 3376 amabatur.
655 3317 732 3376 Haec
751 3317 817 3388 alla
838 3315 976 3388 quantum
990 3317 1029 3374 ad
1047 3315 1221 3386 sacerdotes,
1242 3317 1331 3376 idest
1349 3333 1431 3376 encu-

473 3413 590 3484 bantes,
610 3413 736 3472 crcrdelis
750 3415 839 3486 quasi·
857 3413 985 3472 struthio
998 3415 1034 3472 iu
1052 3415 1173 3474 deserto.
1196 3413 1331 3472 Strutlaio
1350 3415 1431 3488 ponit

473 3529 528 3572 oua
546 3527 598 3568 sua
616 3511 648 3568 in
676 3509 803 3568 transitu
830 3511 942 3568 riarum
969 3509 997 3568 et
1017 3527 1075 3570 non
1095 3509 1184 3580 fovet,
1207 3509 1280 3570 sicut
1304 3509 1339 3568 de
1358 3511 1432 3568 strn-

473 3605 569 3666 thione
590 3605 692 3664 dicitur
712 3607 741 3664 in
763 3605 814 3664 Iob
830 3601 856 3662 ³:
883 3627 899 3656 «
912 3605 1090 3678 Derelinquit
1102 3607 1133 3664 in
1153 3605 1230 3664 terra
1251 3623 1303 3666 oua
1325 3623 1377 3664 sua
1403 3605 1433 3664 et

475 3703 663 3772 obliviscitur,
684 3703 759 3778 quod
779 3719 830 3776 pes
849 3701 992 3762 conculcet
1013 3721 1060 3772 ea,
1084 3703 1134 3760 aut
1160 3703 1268 3762 bestiae
1287 3703 1350 3778 agri
1370 3719 1432 3762 con·
1453 3729 1457 3736 ·

474 3801 572 3860 terant
585 3825 613 3858 s.
636 3799 712 3872 Quae
730 3799 885 3860 crudelitas
899 3801 990 3874 magis
1010 3801 1167 3876 explicatur
1187 3801 1218 3860 in
1241 3817 1274 3862 eo
1300 3801 1374 3874 qnod
1394 3817 1432 3860 se·

476 3897 583 3974 quitur.
651 3913 652 3916 ’

555 3995 586 4054 4.
608 3997 702 4072 (Vere.
722 3995 777 4072 4.).
804 3995 934 4054 Dauara.
962 3993 1108 4056 Adlcaesii
1132 3997 1251 4070 liupua,
1282 3997 1373 4068 primo
1401 3997 1434 4054 iu

327 4103 457 4154 secunaum,
476 4097 555 4154 siaiu
569 4093 786 4168 iucipueuiiuru,
807 4093 855 4166 qui
868 4093 1041 4168 intelligitur
1059 4109 1110 4166 per
1131 4093 1285 4162 iacientes,·
1298 4093 1431 4162 secunda,

311 4159 459 4258 iiim&
472 4189 708 4264 prortcieuticuu,
737 4189 791 4246 ibi:
823 4189 952 4248 Paruuli
975 4189 1144 4262 petierunt,-
1163 4189 1264 4262 tertio,
1289 4189 1324 4246 iu
1351 4191 1434 4248 siaiu

472 4285 681 4360 perfectoram,
704 4285 757 4344 ihi:
783 4285 841 4360 Qui
854 4289 1065 4358 ,casariculum
1085 4285 1186 4360 quarto
1213 4285 1304 4356 iurhrt
1324 4303 1356 4346 eu
1382 4287 1434 4344 boc

475 4385 707 4460 uapuiiualiuera
722 4385 837 4456 peccati
852 4385 1059 4460 replicantium
1076 4385 1299 4458 praelatorum:
1319 4385 1362 4444 Et
1374 4401 1434 4444 aaa

475 4483 524 4540 ior
542 4481 652 4552 effecta.

503 4615 504 4620 κ
555 4579 633 4638 Dicit
647 4597 725 4654 ergo:
741 4579 888 4640 Adhaesit
901 4579 1005 4654 liupua
1020 4581 1152 4642 lacteolis
1172 4583 1213 4642 acl
1219 4581 1359 4654 palatum
1373 4581 1435 4642 uus

353 4687 457 4732 Primum.
475 4677 509 4738 iu
528 4677 594 4750 siti,
614 4679 663 4736 ubi
683 4693 735 4750 per
764 4677 900 4738 lactentes
918 4677 1004 4736 rudes
1021 4677 1049 4736 et
1069 4677 1234 4750 incipiendae
1256 4677 1434 4750 figurantur,

473 4775 547 4834 lacte
569 4777 705 4848 simplicis
723 4774 868 4834 doctrinae
886 4775 1041 4846 imbuendi:
1062 4777 1168 4848 primae
1183 4777 1219 4834 ad
1232 4775 1394 4834 Corinthios
1407 4773 1433 4834 ⁴:

389 4925 391 4930 .
480 4895 495 4924 ‹<
509 4873 657 4944 Tanquam
668 4873 798 4942 parvulis
812 4873 843 4930 in
863 4870 978 4930 Christo
998 4873 1043 4930 lac
1067 4873 1131 4930 dedi
1144 4871 1223 4930 uobis
1244 4871 1359 4944 potum,
1377 4887 1435 4930 non

475 4987 606 5028 escam».
626 4969 748 5044 Liupua
773 4969 913 5028 adhaeret
937 4969 1061 5042 palato,
1087 4969 1200 5044 quando
1220 4969 1353 5044 cogitatio
1377 4987 1434 5038 cor-

474 5067 519 5124 dis
538 5065 673 5124 adhaeret
693 5067 808 5140 proprio
822 5065 974 5136 desiderio:
994 5067 1025 5124 in
1044 5065 1096 5124 siti
1109 5065 1257 5138 appetitus
1277 5065 1433 5136 doctrinae,

326 5167 456 5218 seeundum.
473 5165 504 5222 in
514 5163 630 5236 palato,
644 5163 693 5220 ubi
707 5179 790 5234 sapor
803 5161 892 5236 viget,
911 5163 1034 5222 carnalis
1047 5161 1166 5222 affectio.
1177 5195 1218 5206 ·-··
1227 5163 1281 5220 Sed
1291 5179 1342 5234 pro
1352 5165 1436 5220 statu

469 5259 688 5332 propiciantium
710 5259 855 5332 sequitur:
878 5257 1008 5316 Parvuli
1015 5259 1182 5330 petierunt,
1205 5257 1435 5330 parvulilacten-

474 5355 552 5412 tibus
573 5355 706 5424 maiores,
734 5353 783 5412 sed
802 5353 928 5412 nonduin
957 5353 1119 5424 quant'tate
1139 5353 1269 5424 perfecti,
1289 5351 1436 5424 petierant

475 5467 578 5524 penem
596 5449 740 5508 doctrinae
760 5449 908 5508 solidioris.
928 5449 974 5506 Et
992 5465 1053 5506 ucu
1067 5451 1133 5506 erat
1149 5449 1203 5520 qui
1220 5447 1371 5522 frangeret
1384 5449 1434 5506 eis.

324 5555 455 5606 arandum·
473 5547 562 5608 Panis
581 5529 777 5620 frangendus,
791 5563 848 5604 non
869 5547 976 5606 cadosa
996 5545 1180 5618 scindendus,
1202 5547 1268 5618 quia
1288 5547 1373 5604 nulla
1392 5547 1434 5604 di-

474 5647 544 5704 visio
560 5643 613 5704 est·
623 5645 765 5716 facienda,
780 5660 851 5716 qaae
872 5661 929 5704 non
944 5643 1029 5704 tacut
1049 5643 1086 5702 ad
1099 5643 1314 5702 elucidationem
1333 5643 1434 5704 doctri-

473 5759 542 5812 nae:
569 5743 674 5800 Lucas:
704 5739 932 5816 «Gognoueruut
952 5759 1016 5800 eum
1035 5743 1068 5800 in
1087 5741 1222 5800 fractione
1244 5743 1327 5814 panis
1339 5765 1369 5800 a.
1388 5743 1435 5800 Di·

407 5825 409 5832 '
473 5837 563 5908 citur,
585 5839 659 5912 quod
673 5839 805 5896 Christus
827 5839 866 5896 sic
880 5837 1044 5914 frangebat,
1067 5839 1140 5912 quod
1152 5839 1251 5898 incisio
1270 5839 1434 5912 ridebatur:

369 5999 372 6004 ,
473 5937 514 5994 sic
533 5935 619 5994 etiam
640 5937 714 5996 certe
734 5935 837 5994 debent
864 5935 1008 5996 continere
1027 5934 1135 6005 fractio
1161 5937 1299 5996 evidentis
1325 5939 1435 6010 exposi-

472 6033 558 6094 tionis
580 6035 607 6094 et
629 6035 730 6094 iucisio
753 6033 948 6094 elucidationis
968 6051 1020 6106 per
1036 6033 1214 6106 diuisionem,
1229 6033 1368 6108 quantum
1392 6053 1436 6094 sa·

474 6131 597 6204 pientiae
617 6131 783 6190 famulatur.
1433 6123 1435 6128 ’

543 6499 552 6528 ¹
573 6499 661 6552 Cocld.
674 6499 716 6554 bic
734 6499 874 6554 adiiciunt:
893 6501 958 6554 lura
978 6499 1009 6568 (B
1027 6499 1232 6570 Hieronymus),
1254 6499 1332 6554 cesus
1349 6499 1431 6568 palla

473 6571 504 6638 (B
522 6569 651 6638 bispida),
669 6571 811 6640 ciupularu
828 6583 953 6626 sacceum
965 6575 990 6624 ci
1001 6569 1118 6626 sordidis
1131 6569 1257 6626 mareu:
1267 6567 1431 6640 pedibusque

1173 619 1369 688 axeosnlo
1391 619 1622 688 Tautaendia
1646 617 1677 684 C.
1700 615 1748 682 IV.

1562 791 1593 848 5.
1613 791 1709 866 (Vers.
1729 789 1772 864 5.)
1791 787 1848 848 Ha.
1871 783 1929 862 Qui
1949 785 2141 844 umcehauiur.
2160 785 2216 844 Hic
2234 785 2358 846 osunen
2385 781 2439 844 tac·
2458 805 2564 852 terrram.

1482 887 1595 946 sioueuc
1613 887 1764 946 Ecclesiae
1782 889 1944 958 sequcuieur
1964 899 1998 942 eu
2016 883 2175 956 praedictis
2192 899 2256 956 pro
2270 885 2350 944 stata
2370 895 2442 954 per-

1483 979 1635 1048 fectorum.
1654 981 1711 1056 Qui
1722 983 1921 1054 uescebantur,
1937 981 2042 1040 deliciis
2055 979 2280 1050 Scripturarum‚
2290 977 2442 1052 uoluptua-

1484 1091 1531 1150 sc,
1550 1073 1652 1134 sancta
1664 1077 1830 1150 veluptate:
1850 1079 1994 1152 Sapientia
2006 1075 2032 1136 ⁵:
2058 1075 2225 1134 «Paratum
2246 1077 2280 1134 de
2292 1077 2370 1134 caelo
2391 1091 2442 1148 lt·

1484 1187 1549 1228 nem
1580 1171 1752 1246 praestitisti
1782 1175 1838 1244 eis,
1858 1191 1940 1234 omne
1970 1171 2205 1234 delectamentum
2232 1171 2386 1232 habentem
2411 1177 2442 1234 et

1486 1269 1578 1326 omnis
1598 1269 1710 1340 saporis
1722 1269 1936 1342 suautatem»;
1959 1275 2031 1348 quod
2051 1273 2085 1330 dc
2099 1271 2270 1342 Seriptnris,
2289 1273 2337 1330 vel
2348 1271 2384 1328 de
2397 1271 2442 1332 de-

1483 1363 1556 1422 liciis
1589 1365 1763 1434 devotionis,
1793 1367 1839 1424 rel
1872 1369 2052 1430 Sacramenta
2084 1367 2284 1428 communionis
2318 1367 2443 1444 intelligi

1485 1459 1591 1532 potest.
1610 1461 1794 1522 Iuterieruut
1811 1463 1847 1522 iu
1865 1465 1934 1538 airh,
1954 1467 2023 1526 latis
2036 1467 2155 1534 saeculi,
2170 1481 2241 1540 qnae
2261 1463 2394 1522 «ducunt
2405 1467 2443 1524 ad

1485 1557 1710 1630 perditionems3
1735 1557 1899 1630 Sapientia:
1931 1583 1948 1612 «
1961 1561 2175 1620 Ambularimus
2197 1579 2247 1636 per
2276 1561 2338 1618 rias
2369 1559 2444 1620 diffi-

1486 1655 1553 1714 ciles
1566 1681 1596 1714 a.
1609 1657 1670 1716 Hoc
1690 1657 1785 1716 antem
1798 1657 1913 1730 exponit
1932 1675 2033 1716 versus
2046 1675 2182 1732 sequens,
2204 1677 2267 1720 cum
2279 1657 2362 1718 dicit:
2387 1657 2444 1732 aaa

1486 1755 1695 1814 nutriebantur
1715 1755 1747 1814 iu
1768 1755 1891 1826 croceis;
1909 1755 1944 1812 iu
1964 1757 2086 1830 croceis,
2110 1759 2316 1830 spiritualiter,
2336 1757 2443 1816 deliciis

1487 1849 1749 1924 contemplationis,
1771 1851 1817 1912 uel
1835 1849 2018 1912 ¹meditatione
2036 1853 2190 1912 dominicae
2210 1855 2358 1924 passionis.
2378 1849 2444 1912 Oro·

1487 1963 1538 2008 cus
1557 1951 1632 2008 enim
1653 1951 1771 2008 rubeum
1788 1947 1876 2008 habet
1895 1949 2028 2020 colorem,
2048 1949 2118 2008 item
2132 1949 2160 2008 et
2178 1949 2317 2008 laetificat
2333 1951 2361 2008 et
2382 1965 2444 2008 con·

1488 2045 1579 2106 iortat
1598 2063 1659 2116 cor,
1679 2047 1755 2106 unde
1769 2047 1929 2122 Scripturas
1950 2045 2092 2120 significat
2109 2045 2217 2104 Christi
2237 2047 2376 2118 sanguine
2395 2063 2445 2104 ru-

1488 2143 1629 2216 bricatas:
1651 2143 1796 2204 Canticum
1811 2143 1839 2204 ⁶:
1864 2167 1881 2198 «
1895 2143 1979 2218 (typri
2000 2161 2063 2204 curn
2083 2143 2187 2214 nardo,
2207 2143 2315 2200 nardus
2334 2141 2364 2200 et
2387 2159 2445 2202 cro·

1489 2259 1553 2312 cus,
1577 2241 1674 2300 fistula
1695 2243 1723 2302 et
1742 2247 1950 2304 cinnamomum
1963 2265 1991 2300 e.
2016 2239 2187 2314 Ampleuati
2212 2243 2283 2300 succi
2302 2243 2444 2312 stercora,

1488 2341 1520 2398 id
1538 2341 1584 2398 est
1602 2341 1729 2398 carnales
1750 2341 1879 2412 delicias:
1906 2339 2119 2400 Ecclesiasticus
2132 2337 2157 2396 ⁷:
2185 2361 2200 2392 c
2212 2339 2316 2398 Mulier
2328 2337 2446 2396 fornica-

1490 2441 1533 2496 ria
1560 2439 1643 2513 quasi
1672 2437 1782 2496 stercus
1800 2439 1832 2496 in
1860 2441 1908 2496 uia
1938 2437 2193 2496 conculcabitur».
2212 2437 2279 2506 Vel,
2300 2437 2445 2510 stercora,

1490 2535 1564 2594 hona
1584 2533 1768 2606 temporalia,
1781 2551 1884 2592 aurum
1909 2533 1939 2590 et
1956 2533 2121 2606 argentum3
2144 2533 2212 2590 sunt
2234 2535 2309 2592 enim
2329 2531 2446 2606 egestio-

1490 2647 1540 2688 nes
1560 2629 1654 2688 torrae
1677 2629 1830 2702 generatae
1858 2629 1890 2686 in
1913 2629 2014 2688 uentre
2033 2629 2142 2698 terrae;
2172 2629 2209 2686 ad
2227 2629 2445 2702 Philippenses:

1496 2725 1626 2782 «Omnia
1646 2725 1778 2796 reputari
1795 2725 1830 2780 ut
1850 2725 1974 2782 stercora
1991 2747 2021 2782 >›.

1572 2821 1599 2878 6.
1622 2821 1716 2896 (Vens.
1736 2821 1788 2896 6.).
1815 2821 1889 2878 Vua.
1908 2821 1962 2878 Sed
1988 2837 2022 2878 ex
2040 2821 2093 2878 hoc
2121 2819 2285 2890 osteudens,
2308 2821 2447 2892 quantum
2465 2831 2577 2886 nocitum.

1492 2917 1531 2974 sit
1539 2919 1695 2986 peccatura
1706 2915 1913 2986 aepiipcutiuur
1921 2917 2143 2986 praelatorum,
2161 2917 2272 2974 subdit:
2293 2917 2338 2974 Ei
2349 2917 2448 2974 maior

1491 3009 1593 3082 effecta
1611 3013 1655 3070 est
1673 3011 1818 3082 iniquitas
1836 3009 1915 3082 iliae
1931 3011 2039 3082 papuli
2059 3011 2130 3084 ruci,
2154 3011 2346 3082 praelatorum
2360 3013 2448 3086 negli·
2472 3045 2478 3050 =-

1491 3105 1633 3182 gentium,
1651 3107 1685 3166 de
1700 3123 1756 3180 qua
1776 3123 1878 3180 supra:
1904 3129 1918 3158 r
1929 3107 2003 3166 Filia
2016 3109 2114 3180 populi
2132 3109 2186 3166 mei
2203 3108 2362 3178 andeliae:
2381 3125 2448 3182 pec-

1492 3207 1557 3264 caio
1583 3205 1791 3278 Sudracarum,
1813 3205 1952 3280 quantum
1981 3205 2019 3262 ad
2036 3205 2104 3276 hoc,
2137 3207 2202 3278 quia
2231 3207 2275 3264 1111
2306 3207 2448 3266 doctorem

1492 3317 1549 3360 non
1569 3301 1746 3374 habuerunt;
1769 3319 1841 3376 puae
1853 3301 1991 3360 subversa
2010 3305 2052 3362 est
2072 3303 2103 3360 ia
2116 3307 2272 3376 ruomcutc,
2292 3305 2322 3362 id
2342 3303 2387 3362 est
2399 3319 2448 3362 su-

1493 3397 1566 3470 bito,
1589 3397 1616 3458 et
1638 3399 1731 3458 tamen
1752 3397 1801 3458 isti
1823 3399 1871 3458 dia
1897 3398 2073 3472 tolerantur,
2092 3399 2128 3458 ut
2148 3399 2310 3472 perenniter
2330 3401 2448 3472 punian·
2559 3397 2562 3404 '

1493 3497 1551 3556 tur.
1574 3497 1666 3556 Simile
1696 3497 1772 3568 apud
1789 3495 1968 3556 Matthaeum
1982 3493 2010 3556 ⁸:
2036 3519 2052 3550 «
2073 3499 2175 3558 Terrae
2201 3499 2383 3558 Sodomorum
2406 3517 2448 3556 re-

1493 3595 1608 3674 missius
1629 3593 1683 3652 erit
1703 3595 1732 3652 in
1748 3595 1790 3652 die
1810 3595 1903 3652 iudicii
1916 3611 2003 3668 quarn
2021 3593 2075 3652 tibi
2087 3617 2121 3664 »3
2142 3597 2169 3652 et
2189 3603 2249 3652 uara
2267 3597 2403 3666 ceperunt
2415 3595 2449 3652 iu
2547 3597 2548 3600 ’

1494 3709 1544 3766 ea,
1566 3691 1626 3750 filia
1648 3691 1762 3766 populi,
1781 3691 1812 3748 id
1832 3691 1877 3750 ost
1895 3693 2016 3762 clericis,
2035 3709 2142 3754 marus
2155 3709 2328 3766 pauperum,
2348 3693 2380 3752 iu
2393 3709 2448 3766 quo

1493 3789 1627 3864 arguitur
1646 3805 1742 3850 eorum
1763 3789 1899 3862 arentia:
1919 3791 2147 3850 Ecclesiasticus:
2174 3791 2268 3852 «Non
2285 3792 2325 3850 sit
2346 3809 2449 3850 manus

1495 3887 1545 3946 tna
1577 3889 1707 3960 porrecta
1730 3887 1769 3944 ad
1793 3889 1987 3962 accipiendum
2011 3889 2040 3946 et
2071 3889 2106 3948 ad
2133 3889 2257 3948 dandum
2282 3889 2448 3958 collactea:

1495 3985 1660 4046 Proverbia:
1689 4007 1704 4036 a
1715 3985 1833 4042 ilianum
1852 4003 1934 4044 suam
1954 3985 2066 4058 aperuit
2084 3987 2161 4060 inopi
2174 4009 2203 4044 a.

1577 4083 1603 4142 7.
1631 4081 1724 4156 (Vera.
1755 4081 1806 4156 7.).
1836 4081 1914 4140 anu.
1951 4081 2148 4144 Ouucliriicres.
2176 4083 2247 4142 Post
2272 4081 2450 4156 deploratum
2463 4137 2485 4186 h,
2500 4097 2597 4158 onaan·

1495 4183 1608 4252 lapsum
1630 4181 1792 4240 clericorum
1820 4179 1865 4238 uel
1886 4179 2077 4252 praelatorum
2102 4181 2148 4240 hic
2179 4181 2312 4254 deplorat
2334 4179 2451 4252 lapsura
2483 4149 2610 4252 §iiiiii

1496 4275 1716 4350 relepicaoruu,
1731 4277 1823 4348 primo
1835 4275 2003 4346 ostendens,
2022 4277 2121 4350 quales
2139 4277 2301 4348 alipuurcrlo
2315 4273 2450 4348 fuerumt:
2509 4255 2560 4300 ‘¹¹²⁰'

1497 4373 1633 4444 secundo,
1645 4375 1745 4444 quaes
1765 4373 1949 4432 recidiuauclc
1961 4369 2032 4442 facti
2052 4377 2138 4432 suat:
2154 4375 2322 4446 Deuipraia
2334 4375 2385 4432 est.
2399 4373 2449 4432 Re·
2505 4417 2506 4420 η

1496 4471 1591 4546 ligiosi
1610 4459 1722 4546 ¹atridem
1749 4471 1951 4544 intelliguntur
1970 4487 2021 4544 per
2048 4471 2240 4540 Nauarum&
2266 4471 2339 4528 unde
2360 4469 2449 4530 Raba-

1496 4567 1590 4628 nus⁹:
1616 4593 1632 4622 a
1645 4569 1716 4638 Quid
1736 4569 1946 4630 Nazaraecrum
1967 4569 2079 4630 nomine
2105 4569 2161 4626 nisi
2192 4567 2394 4626 abstinentium
2422 4567 2451 4626 et

1497 4669 1701 4728 continentium
1720 4667 1782 4726 rita
1811 4665 1987 4740 significatur
2001 4669 2038 4722 a?
2060 4665 2111 4724 Oui
2131 4665 2159 4726 et
2183 4681 2283 4724 nomen
2304 4665 2449 4734 conuenit,

1496 4767 1564 4840 quia
1583 4765 1722 4826 Nazaraei
1742 4763 1841 4836 floridi
1860 4763 2095 4836 interpretantur.

1577 4863 1653 4922 Dicit
1680 4879 1765 4936 ergo:
1798 4859 1990 4922 Candidiores
2020 4859 2175 4920 Naaaraei
2200 4861 2262 4918 eius
2291 4859 2373 4932 uiue,
2399 4875 2450 4930 per
2468 4867 2602 4940 durasse.

1497 4959 1742 5018 mortificationem
1766 4959 1860 5016 carnis
1889 4957 1917 5016 et
1943 4957 2145 5028 repressionem
2176 4959 2252 5014 noxii
2270 4957 2373 5016 caloris
2399 4973 2450 5028 per
2509 4933 2561 4990 ω’·

1499 5053 1674 5126 spiritualem
1699 5053 1893 5128 frigiditatem.
1913 5053 1953 5110 a:
1979 5053 2048 5112 bene
2068 5053 2130 5110 uiui
2152 5053 2334 5124 comparatur
2358 5053 2451 5110 carnis

1497 5149 1651 5220 munditia,
1673 5149 1739 5224 quia
1759 5149 1880 5208 faciliter
1903 5149 2037 5216 soluitur,
2066 5149 2121 5206 nisi
2145 5149 2238 5222 frigus
2261 5149 2450 5210 continuetur.

1497 5246 1599 5304 Flante
1613 5247 1688 5304 euim
1707 5245 1819 5316 austro,
1838 5247 1869 5304 id
1886 5245 1932 5304 est
1950 5245 2139 5318 prosperitate
2153 5245 2310 5318 accidente,
2329 5245 2451 5308 faciliter
2531 5285 2536 5300 ι

1498 5341 1668 5414 resoluitur3
1691 5343 1823 5402 Psalmus
1833 5341 1874 5404 ¹⁰:
1899 5365 1915 5396 κ
1929 5343 2052 5402 Lauabis
2071 5361 2130 5416 me,
2145 5343 2175 5404 et
2189 5361 2273 5420 super
2294 5347 2387 5404 niuem
2406 5347 2450 5406 de·

1498 5439 1660 5510 albebant:
1683 5457 1749 5500 rere
1767 5457 1854 5512 super
1874 5443 1966 5500 uiueru
1992 5441 2143 5500 dealbatur
2168 5443 2216 5516 qui
2236 5443 2451 5506 affluentianon

1498 5537 1698 5612 corrumpitur.
1727 5539 1893 5600 Nitidiares
1914 5539 2003 5614 lactc,
2033 5539 2064 5598 in
2085 5557 2141 5614 quo
2172 5541 2311 5602 munditia
2339 5543 2449 5612 cordis,

1499 5635 1578 5710 quia,
1598 5635 1672 5696 sicut
1694 5635 1746 5694 uia
1766 5635 1860 5708 extra,
1881 5637 1920 5698 sic
1946 5637 1992 5696 lac
2009 5627 2091 5698 intra
2110 5639 2272 5712 perducitur
2293 5639 2328 5698 ad
2354 5641 2451 5702 cando

1495 5751 1557 5794 rem
1577 5751 1629 5808 per
1655 5733 1890 5808 putrefactionem
1920 5737 2079 5812 sanguinis,
2105 5737 2134 5796 id
2164 5737 2208 5796 est
2239 5737 2452 5798 exstinctionem

1498 5835 1587 5894 omnis
1607 5833 1802 5894 immunditiae
1823 5834 1851 5894 et
1864 5835 2022 5894 mmmdcc
2039 5833 2194 5896 affectionis
2212 5835 2243 5894 et
2261 5835 2449 5910 cogitationis.

1497 5931 1563 6004 uer,
1583 5935 1614 5992 in
1638 5935 1731 5992 uitare
1754 5935 1838 5994 lactis
1864 5933 1981 5992 affectus
2002 5933 2117 6008 pietatis
2141 5933 2171 5992 ct
2190 5951 2274 6006 opera
2299 5935 2451 5994 misericor·

1497 6033 1559 6092 diae
1578 6031 1616 6090 ad
1635 6049 1747 6106 egenos.
1766 6031 2000 6090 Ruawuuuuuree
2018 6031 2100 6090 ebore
2126 6031 2259 6104 autipuc,
2281 6031 2312 6088 in
2331 6047 2386 6104 qno
2411 6047 2451 6088 re·

1496 6129 1828 6208 fulgentia'honestatis3
1849 6131 1919 6190 ebcrr
1932 6127 2031 6190 candet
2052 6129 2155 6202 primo,
2176 6127 2288 6186 tandem
2309 6127 2403 6202 vergit
2422 6129 2451 6186 in

1565 6499 1575 6530 ⁵
1593 6499 1657 6566 Cap.
1674 6501 1712 6568 16,
1726 6501 1774 6564 20:
1787 6499 1926 6564 respicitur
1944 6499 2031 6552 blellh.
2044 6497 2069 6562 7,
2084 6499 2127 6552 13.
2138 6503 2166 6550 ei
2177 6497 2295 6564 seqnitur
2308 6499 2370 6564 Sap.
2382 6499 2413 6564 5,
2426 6497 2450 6550 i.

1564 6569 1655 6636 ⁶Cap.
1677 6571 1706 6634 l,
1727 6573 1767 6624 13.
1790 6571 1830 6622 ii.
1851 6571 1936 6634 Supra
1949 6585 1998 6634 pro
2010 6567 2197 6636 spiritualiter,
2217 6567 2317 6622 deliciis
2336 6573 2451 6624 couleu-

470 6641 542 6694 oeuit
554 6643 585 6708 (ss
596 6643 658 6694 uerri
682 6643 699 6708 ·)
716 6641 806 6706 solus,
826 6641 890 6708 puio
902 6641 989 6694 uideri
1000 6655 1054 6694 rure
1064 6643 1158 6710 poteri,
1174 6643 1266 6694 careat
1277 6639 1343 6694 cibo.
1356 6643 1431 6706 erae
1488 6639 1628 6708 picticum,
1644 6641 1688 6694 cel
1703 6639 1873 6694 meditatione
1891 6641 1937 6706 (ica
1955 6643 1986 6710 Β)
2006 6641 2064 6694 Vai.
2082 6647 2110 6694 ei
2127 6641 2148 6694 h
2168 6637 2277 6694 deliciae
2291 6637 2452 6706 coaieucpia·

427 6745 428 6748 η
471 6713 597 6766 sententia
617 6713 714 6766 erotica
733 6711 804 6766 unde
823 6711 867 6774 sil,
886 6727 939 6764 non
956 6711 1116 6764 invenimus.

541 6781 552 6812 ²
572 6781 635 6846 Cap.
653 6783 684 6846 9,
705 6783 747 6834 16.
767 6783 815 6846 17;
833 6781 930 6834 deinde
948 6783 1034 6834 Mailb.
1056 6781 1102 6844 le,
1123 6781 1170 6848 253
1190 6781 1248 6834 lsai.
1267 6781 1315 6846 al,
1334 6781 1379 6834 ll.

541 6849 636 6916 8Οθρ.
653 6853 702 6916 311,
721 6853 763 6904 li.
783 6853 827 6904 15.

540 6919 553 6950 ‘²
572 6921 636 6986 Cap.
654 6923 685 6986 3,
705 6925 734 6986 2:
755 6923 873 6988 sequitur
891 6923 954 6974 Luc.
971 6919 1021 6984 al,
1039 6921 1083 6974 35.

1493 6709 1572 6766 tuuis
1589 6715 1615 6764 ei
1632 6709 1778 6766 meditatio.

1563 6779 1654 6848 'Cap
1675 6783 1704 6846 9,
1725 6783 1771 6844 lo:
1791 6781 1908 6848 sequitur
1927 6781 1990 6834 Phil.
2009 6783 2040 6844 3,
2059 6783 2082 6834 8.

1562 6847 1572 6880 ⁸
1591 6851 1654 6916 Cap.
1676 6853 1722 6914 11,
1742 6851 1773 6904 m
1781 6869 1788 6916 3
1808 6859 1954 6916 sequuntur
1973 6853 2051 6906 Eccli.
2069 6853 2101 6916 d,
2120 6853 2170 6918 363
2189 6853 2265 6904 Pron.
2285 6853 2332 6910 31,
2353 6849 2396 6900 10.

1561 6919 1659 6974 ⁹Lihr.
1679 6921 1721 6974 cit.
1741 6921 1767 6974 in
1785 6925 1856 6974 hunc
1874 6923 1970 6976 locum.
2203 6923 2227 6952 ¹⁰
2245 6925 2338 6976 Psalm.
2359 6921 2406 6988 50,
2426 6923 2450 6974 e.
