5900 8266
364 807 463 854 l‘crtinrn.

489 507 552 574 378

572 683 624 748 59.
649 681 750 766 (Vers.
777 681 855 766 99).
878 679 985 748 Tertio
1006 685 1162 765 quantam
1184 681 1225 748 ad
1250 679 1439 748 declinatio·

485 805 558 854 neoa
579 785 783 850 imminentis
812 785 988 872 opprobrii
1016 783 1196 870 subiungit:
1224 785 1290 866 Ne,
1309 793 1440 870 posteo-

384 975 387 980 ,
486 913 585 982 quam
608 891 762 976 posueritw
779 889 1054 978 fundamentum,
1077 889 1194 958 scilicet
1219 891 1362 958 altiorem
1378 897 1440 958 sta-

342 2275 465 2332 Requiritor

331 2341 467 2396 persceoran·

331 2393 369 2430 lla.

488 1005 554 1064 tum
575 995 783 1082 aggrediendo
806 997 837 1062 in
867 995 1014 1062 imitando
1044 995 1223 1076 Christum;
1249 1003 1283 1062 et
1308 997 1368 1062 hoc
1393 1003 1440 1062 est

485 1121 603 1188 ponere
624 1099 900 1186 fundamentum
924 1099 1045 1186 primae
1060 1100 1101 1167 ad
1115 1099 1293 1168 Corinthios
1307 1099 1401 1168 tertio
1415 1101 1439 1166 1:

492 1205 767 1274 «Fundamentum
790 1205 874 1272 aliud
897 1223 990 1272 nemo
1004 1213 1108 1290 potest
1129 1223 1246 1290 ponere
1269 1213 1394 1290 praeter
1412 1203 1440 1270 id

487 1313 569 1398 quod
591 1311 728 1396 positam
758 1319 822 1390 θεῖ,
848 1311 932 1396 quod
954 1317 1002 1378 est
1033 1311 1178 1379 Christus
1207 1311 1295 1378 lesus
1316 1337 1349 1374 θ.
1379 1309 1440 1378 Hoc

486 1417 722 1498 tundamentum
748 1417 857 1502 incipit
885 1417 957 1502 quis
983 1435 1098 1502 ponere
1116 1435 1184 1502 per
1206 1405 1303 1484 fidem
1332 1421 1364 1484 θῖ
1385 1415 1440 1482 ho·

487 1543 558 1590 nam
573 1525 801 1608 operationem,
823 1523 996 1590 secundam
1012 1523 1090 1588 illnd
1108 1521 1249 1590 Matthaei
1271 1523 1403 1606 septimo
1414 1525 1439 1588 2:

494 1627 648 1708 «Omnis,
683 1629 738 1714 qni
766 1629 855 1696 audit
882 1629 981 1696 verba
1012 1647 1080 1696 mea
1114 1631 1190 1696 haec
1221 1635 1253 1696 et
1283 1627 1357 1696 iacit
1385 1647 1440 1708 ea,

488 1735 594 1802 similis
620 1740 665 1800 est
689 1735 826 1814 homini,
852 1733 905 1820 qui
929 1735 1104 1802 aedificavit
1125 1735 1254 1800 domum
1279 1753 1368 1802 suam
1388 1753 1441 1802 su-

487 1859 543 1926 pra
567 1847 687 1924 petram
702 1867 735 1906 ».
760 1841 792 1906 ln
816 1841 876 1908 hac
895 1847 994 1924 petra
1013 1837 1253 1908 tundamentum
1277 1839 1441 1908 habitatio-

488 1945 534 2012 nis
559 1945 688 2014 collocat
709 1945 772 2032 qud
794 1945 951 2014 Christum
979 1945 1047 2012 vult
1075 1945 1212 2032 perfecte
1238 1947 1370 2028 imitari,
1393 1965 1441 2016 se-

488 2053 627 2118 candum
640 2051 718 2118 iliad
732 2041 888 2120 'lereniae
912 2051 1150 2140 quadragesimo
1175 2059 1284 2120 cctam
1298 2055 1323 2118 ³:
1354 2055 1442 2122 «Re-

487 2155 619 2242 linquite
647 2157 788 2224 civitates
822 2165 854 2226 et
888 2159 1026 2228 habitate
1051 2161 1080 2226 in
1117 2167 1222 2248 petra,
1251 2161 1442 2228 habitatores

486 2263 601 2332 hloab»
631 2269 689 2348 etc.
717 2301 759 2314 -
789 2267 828 2332 a
856 2285 924 2332 nora
950 2267 1096 2352 potnerit
1123 2265 1299 2356 perficere,
1321 2274 1353 2333 θῖ
1383 2267 1442 2334 hoc

485 2371 731 2454 perseverando,
757 2371 836 2440 sicat
861 2373 1018 2452 sentiit,
1044 2373 1080 2440 de
1106 2373 1221 2458 quihus
1252 2371 1367 2440 dicitur
1389 2391 1443 2440 su-

486 2497 543 2562 pra
575 2479 724 2544 octavos:
755 2479 829 2544 «hd
862 2485 988 2566 tempus
1010 2479 1143 2546 credunt
1177 2485 1206 2548 et
1238 2479 1268 2546 in
1303 2485 1443 2562 tempore

446 2667 449 2682 ι
487 2583 663 2650 tentationis
689 2585 881 2652 recedunt».
905 2587 996 2654 Tales
1017 2591 1091 2652 sunt
1116 2587 1170 2670 qai
1201 2585 1371 2652 destruant
1392 2605 1443 2652 re

487 2689 683 2766 cantunaco,
712 2689 1139 2776 quidquidaedidcavernnt
1163 2691 1200 2756 de
1223 2691 1307 2758 bono
1331 2685 1443 2756 inacho-

488 2795 594 2872 ando,·
611 2793 816 2860 Ecclesiastici
832 2795 993 2878 trigesimo
1015 2793 1171 2878 quart05:
1197 2819 1212 2852 e
1228 2795 1315 2860 Unus
1337 2793 1443 2860 acdifi-

487 2917 578 2978 cans,
614 2905 644 2966 et
674 2901 754 2964 alter
787 2899 975 2978 destruens,
1014 2899 1089 2982 quid
1130 2899 1256 2982 prodest
1289 2899 1350 2964 illis
1384 2899 1443 2966 nisi

487 3001 575 3066 lahor
590 3007 633 3066 »t
653 3001 744 3066 Tales
767 3007 839 3066 sunt
865 3001 1018 3066 dissoluti
1040 3007 1071 3066 et
1084 2999 1237 3076 reraissi;
1260 3001 1443 3066 Proverbia-

428 3101 429 3104 ’
486 3125 560 3172 ram
583 3107 704 3174 decimo
718 3109 841 3172 convo:
874 3107 963 3190 «Qui
983 3105 1083 3172 mollis
1108 3111 1140 3172 θῖ
1153 3105 1326 3172 dissolatas
1348 3109 1395 3172 est
1411 3107 1443 3172 in

485 3229 581 3296 opere
611 3229 668 3278 suo
703 3209 800 3276 irater
831 3217 880 3276 θεῖ
913 3229 969 3278 sua
1006 3229 1100 3296 opera
1133 3211 1369 3294 dissipantis».
1399 3247 1443 3262 -

489 3317 627 3394 Omnes,
650 3317 709 3402 qai
724 3315 870 3394 utacum,
893 3317 1047 3400 innuptam
1065 3317 1285 3402 perfectionem
1310 3317 1444 3384 circam·

487 3421 660 3506 sphicodin
687 3421 806 3508 primae
829 3421 867 3488 ad
891 3421 1069 3490 Corinthios
1083 3429 1215 3508 quarto:
1247 3451 1263 3482 «
1277 3425 1444 3508 Spectacu-

486 3527 552 3592 lum
576 3525 648 3592 lactl
670 3543 781 3592 sumas
806 3525 939 3608 maenia,
962 3533 995 3594 et
1016 3529 1139 3614 angelis
1160 3535 1194 3596 et
1215 3529 1395 3596 hominibus
1411 3557 1443 3598 u.

486 3631 577 3716 Quod
599 3631 681 3698 enim
706 3631 737 3698 in
761 3631 824 3700 alto
838 3633 965 3718 ponitur
989 3634 1137 3700 omnibus
1152 3633 1343 3712 ostenditur3
1369 3635 1444 3702 itat-

486 3737 571 3802 thaei
599 3737 725 3820 quinto:
761 3761 775 3794 «
798 3737 864 3804 Non
896 3745 1000 3822 potest
1028 3737 1138 3804 ciuitas
1166 3737 1316 3806 abscondi
1346 3755 1444 3820 supra

485 3848 625 3910 montem
642 3843 759 3928 posita,
774 3861 878 3930 neque
899 3845 1074 3912 accendant
1089 3843 1252 3910 lucernam
1273 3849 1306 3910 et
1325 3853 1446 3928 ponam

486 3967 555 4016 eam
581 3949 640 4018 snb
662 3949 782 4030 modio,
808 3951 861 4018 sed
887 3967 981 4038 super
1013 3949 1252 4030 candelabrum,
1275 3955 1314 4018 at
1341 3949 1446 4018 laceat

486 4057 653 4138 omnihus,
674 4057 728 4144 qai
755 4057 784 4124 in
810 4059 901 4126 domo
925 4063 1001 4126 sunt
1016 4085 1045 4122 ».

337 4279 470 4324 Contumelia

323 4345 469 4396 nonperserc·

323 4391 400 4430 rarius.

579 4165 629 4230 60.
654 4165 755 4246 (Vens.
779 4165 832 4230 99.
857 4165 936 4246 39).
959 4163 1129 4248 Incipiunt
1154 4163 1291 4230 illudere
1316 4163 1362 4242 ei,
1395 4165 1445 4232 di-

487 4275 608 4336 centes:
638 4269 723 4352 Quia
748 4267 799 4336 hic
818 4267 910 4336 bomo
927 4269 1031 4354 coepit
1046 4267 1224 4354 aedificare
1250 4277 1276 4336 et
1299 4289 1366 4336 non
1386 4287 1446 4354 po-

488 4375 551 4442 tait
575 4393 823 4452 eorasuoamorm
849 4375 963 4444 ethna
995 4375 1201 4442 contumelias
1222 4375 1385 4442 inserendo
1413 4385 1446 4444 θῖ

487 4481 670 4562 deridendo,
697 4483 771 4568 quia
792 4483 883 4550 valde
905 4489 954 4548 est
974 4481 1216 4566 opprobriosum
1249 4467 1446 4546 retroceden-

401 4675 402 4680 ,
487 4585 573 4652 tihas
596 4593 626 4652 θῖ
657 4585 914 4672 apostatantibus.
940 4587 1017 4654 Nam
1037 4585 1221 4654 deridentur
1247 4585 1446 4652 adaemoni-

488 4691 566 4770 hus;
591 4691 788 4760 Threnorum
811 4693 957 4778 primoiz
986 4691 1264 4758 «athernacum
1286 4691 1393 4758 hostes
1413 4699 1446 4760 et

488 4797 666 4864 deriserunt
690 4799 824 4866 Sabbata
845 4799 914 4866 eius
929 4825 960 4862 ».
984 4799 1069 4864 Ηθθθ
1091 4797 1270 4864 irrisionem
1292 4795 1446 4864 abhorret

434 4995 435 4998 Ἴ
488 4903 537 4970 vir
560 4905 750 4990 spiritualim
782 4907 940 4972 Psalmns:
970 4905 1106 4990 «Neque
1139 4903 1290 4970 irrideant
1315 4921 1364 4968 me
1388 4901 1446 4968 ini-

559 5291 570 5322 ¹
591 5293 665 5344 Vera
684 5293 694 5344 l
707 5295 726 5346 t.

558 5377 570 5410 ²
591 5381 663 5434 Vens.
682 5381 726 5434 94.
744 5409 781 5418 -
797 5381 889 5432 Glossa
912 5377 1109 5432 interlinearis:
1137 5377 1262 5432 Posuerit
1283 5375 1446 5446 fundamen-

489 5471 561 5534 tum,
583 5469 654 5524 ildei.
772 5523 773 5526 ,

559 5551 571 5584 ³
593 5557 665 5610 Vere.
683 5559 727 5608 99.
745 5585 782 5596 --
799 5555 1002 5620 Tneoquqtaa„
1022 5553 1046 5606 in
1066 5557 1126 5606 Lac.
1150 5553 1196 5616 a,
1215 5555 1263 5606 28:
1277 5555 1325 5606 Per
1337 5553 1447 5620 parabo-

490 5647 542 5698 lam
559 5645 639 5698 turris
658 5645 732 5698 docet
750 5641 798 5700 nos
818 5645 960 5710 hommes,
978 5649 1006 5694 ut
1026 5643 1050 5694 hi
1072 5643 1115 5710 qni
1136 5645 1215 5696 semel
1227 5643 1371 5708 delegerint
1385 5659 1446 5698 eunt

490 5733 579 5802 sequi,
599 5731 667 5786 idem
685 5733 852 5798 propositum
870 5737 977 5784 servent
1001 5743 1047 5782 nec
1066 5733 1152 5784 sahmi
1170 5731 1272 5784 iaceant
1292 5733 1447 5784 tundamen-

490 5827 559 5888 tum,
580 5825 629 5874 hoc
649 5827 699 5884 est,
720 5835 751 5872 ne
771 5821 895 5884 incipiant
913 5811 1011 5872 tentum
1032 5819 1119 5886 sequi,
1141 5825 1164 5872 et
1182 5825 1273 5884 postea
1295 5821 1374 5872 tinem
1394 5833 1447 5872 non

467 5901 468 5908 '
490 5911 654 5976 imponant...
671 5911 747 5962 Tales
768 5915 870 5964 inerant
890 5911 929 5972 hi,
950 5909 982 5962 de
994 5907 1092 5976 quibus
1104 5911 1267 5974 Evangelista
1280 5923 1387 5962 ioannes
1406 5909 1446 5974 [6,

491 5999 547 6070 67.]
565 6001 642 6052 dicit:
662 5997 741 6056 lhrlti
758 5997 843 6070 igitar
860 6013 897 6052 ea
915 5995 1051 6066 discipulis
1071 5995 1128 6052 eius
1148 5995 1273 6052 obierant
1284 6001 1446 6052 retrorsum.

559 6085 571 6116 ⁴
593 6089 665 6142 Vens.
685 6089 729 6140 ts.
746 6085 831 6142 Codd.
849 6087 963 6152 allegent
979 6085 1072 6142 Morti.
1088 6081 1140 6150 id,
1160 6085 1206 6136 abi
1224 6099 1251 6138 v.
1265 6085 1307 6136 99.
1322 6085 1447 6138 seruantia

491 6177 612 6244 quidem,
631 6179 747 6230 sednon
767 6175 849 6228 uerba
866 6181 1017 6230 occorrunt.

502 6313 503 6316 ,
560 6263 571 6294 ⁵
591 6267 666 6328 vers,
684 6267 728 6318 98.
746 6271 774 6318 θῖ
791 6265 886 6318 deinde
906 6269 981 6318 Prov.
1002 6265 1049 6330 t8,
1070 6267 1096 6320 9.

560 6355 571 6390 ⁶
592 6355 674 6412 Codd.
691 6357 744 6408 FG
764 6355 797 6422 (l)
814 6355 945 6422 primitas)
974 6353 1088 6408 uiderint
1112 6351 1157 6424 (ita
1178 6355 1255 6408 etiam
1277 6357 1401 6422 dragum,
1418 6355 1448 6406 ll.

491 6445 628 6498 Humilia
649 6447 747 6508 evang.
768 6445 856 6496 honail
875 6445 918 6496 37.
937 6459 965 6496 n.
984 6445 1014 6508 63
1036 6445 1116 6508 Beda,
1136 6445 1213 6498 dard.
1232 6446 1308 6508 liuga
1330 6451 1353 6496 ct
1370 6447 1449 6508 Lyra·

492 6549 543 6588 naas
554 6535 580 6586 in
594 6533 735 6600 margine),
748 6531 767 6586 C
782 6529 912 6586 eu'deraant.
930 6563 965 6572 --
982 6535 1041 6586 Duo
1053 6547 1128 6600 seqq·
1142 6533 1193 6586 loci
1205 6541 1263 6586 sant
1277 6535 1292 6586 i.
1305 6533 1364 6586 Cor.
1379 6533 1409 6596 i,
1421 6531 1446 6582 9.

492 6627 518 6674 et
536 6623 622 6674 htatth.
641 6623 672 6686 5,
692 6621 733 6672 li.
752 6635 807 6686 seq.
827 6649 861 6658 -
880 6621 971 6674 Glossa
989 6619 1171 6676 interlinearis
1190 6621 1233 6688 (es
1250 6625 1376 6686 drogon,
1397 6623 1445 6672 loc.

493 6711 561 6778 citi:
583 6709 687 6774 Omnes,
709 6707 755 6778 qui
773 6709 875 6774 aidani,
897 6711 1002 6778 maligni
1029 6711 1214 6778 spi1·ituS,qui
1233 6709 1448 6776 gratulanturde

492 6801 580 6848 nostro
600 6777 722 6850 delectu.'

1070 503 1263 574 COMMENT.
1289 505 1325 572 ΙΝ
1349 505 1587 574 evanescam
1608 507 1730 574 LUChE
1753 505 1786 572 C.
1808 505 1884 572 XlV.

1503 681 1575 748 mici
1600 683 1660 748 mei
1676 709 1692 742 »
1721 688 1779 750 θῖθ.
1802 681 1839 748 Hi
1861 679 1977 748 inimici
1999 679 2142 748 derident
2171 679 2458 766 imperiectionem,

1503 785 1676 854 secundum
1708 787 1787 852 illud
1814 787 1980 854 Nehemiae
2011 793 2124 872 quarto
2138 787 2164 852 ⁸:
2195 811 2211 844 «
2230 785 2318 852 Dixit
2348 785 2461 854 Tobios

1503 891 1710 958 ammanites:
1727 891 1894 960 aedificent
1909 891 2031 970 ludaei,
2045 893 2215 960 ascendent
2228 893 2353 976 vulpeS,
2373 898 2461 958 tran-

1503 997 1608 1084 silient
1629 1013 1758 1062 marum
1783 1015 1892 1064 eorum
1909 995 2064 1082 lapideum
2077 1023 2107 1060 u.
2123 997 2211 1064 Unde
2233 997 2415 1064 htnhrcsius
2429 997 2459 1064 ⁹:

1508 1127 1526 1160 e
1542 1103 1573 1166 ln
1598 1101 1699 1180 omni,
1724 1101 1807 1186 quod
1831 1101 1970 1186 agimus
1995 1103 2136 1168 occultos
2165 1101 2361 1168 adversarios
2387 1119 2461 1168 cen-

1503 1207 1642 1274 siderare
1667 1205 1833 1288 dehemus,
1857 1209 1911 1292 qui
1934 1207 2050 1276 nostris
2078 1207 2227 1294 operibus
2249 1207 2460 1288 insidiantur;

1503 1317 1537 1378 et
1558 1311 1617 1378 nisi
1640 1315 1749 1378 contra
1772 1329 1825 1378 eos
1850 1311 2030 1396 vigilemus,
2057 1311 2195 1398 patimur
2219 1329 2273 1378 ees
2294 1311 2460 1394 irrisoreS,

1503 1435 1584 1504 qnos
1618 1417 1659 1484 ad
1691 1417 1808 1484 malum
1847 1417 1997 1486 habemus
2033 1435 2287 1506 persuasores».
2318 1417 2379 1502 Qui
2403 1437 2460 1486 au-
2477 1435 2608 1480 nonnane-

1504 1532 1566 1592 tem
1593 1523 1758 1592 retrocedit
1791 1525 1829 1590 ab
1853 1523 1976 1608 incepto
2005 1525 2167 1592 deridetur
2190 1543 2248 1612 pro
2282 1525 2461 1594 temeritate
2497 1573 2498 1576 ,

1503 1631 1538 1696 in
1559 1629 1804 1716 praesumendo,
1836 1645 1894 1714 pro
1925 1629 2138 1698 instabilitate
2162 1633 2192 1696 in
2222 1631 2460 1718 prosequendo,

1504 1753 1563 1822 pro
1581 1735 1860 1822 pusillanimitate
1881 1733 1914 1798 in
1929 1735 2121 1814 desistendo;
2147 1741 2177 1802 et
2200 1738 2259 1804 hoc
2276 1755 2338 1804 non
2358 1737 2461 1806 solum

1504 1859 1523 1906 a
1546 1840 1684 1920 diaholo,
1708 1857 1818 1906 verum
1845 1837 1936 1906 etiam
1955 1857 1975 1906 a
1996 1840 2130 1918 mnndo;
2150 1841 2352 1908 Ecclesiastici
2375 1843 2462 1928 vige-

1505 1947 1583 2014 simo
1598 1947 1639 2014 ¹⁰:
1671 1947 1799 2014 «Fatua
1820 1963 1883 2014 non
1909 1945 1969 2014 erit
1990 1945 2125 2024 amicus,
2144 1951 2174 2014 et
2189 1965 2250 2012 non
2276 1945 2337 2014 erit
2357 1947 2462 2032 gratia

1505 2053 1536 2118 in
1560 2053 1650 2120 honis
1673 2053 1755 2122 illias
1775 2077 1813 2134 »;
1840 2059 1869 2120 θῖ
1892 2059 1980 2138 post:
2008 2049 2167 2136 «Quoties
2189 2051 2349 2136 etquanti
2377 2051 2463 2118 deri-

1505 2157 1625 2226 debunt
1646 2177 1721 2226 eum
1736 2185 1751 2218 u
1781 2165 1839 2226 etc.

1596 2267 1646 2332 el.
1673 2265 1771 2350 (Vers.
1799 2265 1874 2350 3l.).
1901 2269 1970 2332 Aut
1996 2263 2070 2352 qais
2096 2283 2155 2332 reae
2177 2263 2291 2330 ituras
2312 2263 2461 2332 comrait-
2478 2283 2510 2328 na
2525 2285 2625 2348 parason

1506 2377 1570 2440 tere
1585 2379 1643 2440 etc.
1670 2375 1770 2458 Supra
1790 2373 1951 2458 proposuit
1976 2373 2155 2458 parabolam
2171 2371 2209 2440 de
2232 2371 2359 2440 homine
2378 2375 2460 2442 aedi·
2489 2349 2622 2434 illidii?

1505 2479 1632 2558 iicante,
1650 2477 1699 2546 hic
1722 2479 1867 2566 proponit
1879 2477 2061 2564 parabolam
2080 2479 2119 2544 de
2133 2477 2459 2564 repeproeliante113

1505 2587 1539 2650 in
1562 2603 1625 2670 qua
1639 2585 1765 2670 quidem
1782 2591 1871 2670 parte
1894 2585 1953 2650 tria
1970 2582 2231 2662 introducuntur,
2249 2583 2367 2650 scilicet
2378 2601 2460 2668 pro-

1503 2691 1624 2774 positio
1648 2689 1919 2772 hortamentum
1937 2687 2081 2772 periculi
2096 2695 2125 2754 et
2141 2687 2292 2772 provisio
2311 2691 2460 2758 renaedii.

1595 2793 1698 2860 Primo
1727 2793 1821 2878 igitur
1847 2799 2004 2882 quantum
2037 2791 2074 2858 ad
2105 2791 2358 2878 propositionem
2389 2793 2463 2864 belli
2480 2815 2583 2860 rismum.

1506 2897 1598 2966 dicit:
1623 2899 1691 2962 Aut
1709 2897 1791 2982 quis
1811 2915 1872 2962 rea
1895 2897 2007 2962 ituras
2031 2895 2229 2962 committere
2258 2895 2376 2962 bellurn
2401 2901 2461 2966 ad-

1506 3021 1623 3066 uersas
1645 3001 1752 3066 aliam
1775 3019 1890 3088 repent.
1919 3001 2065 3070 Ramista
2098 3007 2143 3070 est
2167 3001 2313 3088 quilibet,
2344 3001 2397 3088 qui
2429 3025 2462 3076 se
2493 3011 2499 3016 ‘'

1507 3105 1586 3190 regit
1603 3105 1775 3172 secundam
1794 3107 1889 3190 legem
1911 3105 1981 3186 Dei3
1998 3105 2238 3172 Proverbiorum
2256 3107 2407 3192 vigesimo
2420 3113 2461 3178 1²:

1512 3213 1629 3292 «Rea,
1652 3211 1706 3298 qui
1739 3211 1824 3280 sedet
1846 3211 1878 3280 in
1910 3211 1987 3280 solio
2009 3211 2116 3280 iudicii
2131 3239 2147 3272 a
2177 3217 2254 3292 etc.;
2286 3219 2315 3280 et
2347 3215 2462 3298 apoca-

1507 3319 1602 3404 lypsis
1626 3319 1753 3404 quinto:
1782 3319 2002 3388 «accisarias
2025 3319 2088 3386 Deo
2120 3325 2229 3386 nostro
2250 3335 2400 3406 regnum,
2431 3333 2462 3392 θῖ

1499 3425 1707 3510 regnabimus
1740 3441 1833 3508 super
1866 3431 1984 3492 terram
2003 3453 2034 3492 a.
2065 3423 2157 3492 lstias
2187 3431 2236 3492 est
2264 3423 2463 3496 committere

1508 3529 1643 3610 bellum;
1668 3529 1759 3616 quia,
1775 3530 1827 3598 lob
1844 3531 1976 3616 septimo
1990 3531 2025 3612 ¹³,
2049 3529 2189 3598 «militia
2212 3537 2259 3598 est
2274 3531 2338 3598 vita
2362 3533 2461 3600 homi-

1507 3635 1557 3704 nis
1578 3655 1675 3720 super
1698 3641 1816 3702 terram
1830 3661 1863 3700 u.
1888 3637 1948 3704 Hoc
1972 3643 2076 3706 autem
2102 3637 2265 3722 tripliciter
2290 3637 2382 3706 habet
2415 3641 2461 3708 in·
2481 3661 2614 3706 narremur-

1508 3741 1621 3826 telligi:
1644 3743 1708 3820 vel,
1734 3741 1818 3826 qaod
1849 3741 1921 3826 qais
1943 3743 2117 3808 committat
2144 3741 2262 3808 bellum
2293 3759 2365 3808 cam
2387 3763 2463 3832 repe
2515 3715 2571 3768 ‘³¹⁰¹'

1507 3847 1697 3932 superbiae,
1719 3847 1758 3914 de
1773 3865 1836 3932 qao
1854 3845 1905 3912 lob
1923 3847 2160 3932 quadragesimo
2183 3847 2341 3930 primo14:
2365 3847 2463 3934 «lpse

1508 3959 1555 4020 est
1584 3971 1644 4020 rex
1681 3971 1774 4038 super
1807 3969 1913 4018 ornnes
1947 3951 2027 4018 filios
2056 3951 2221 4036 superbiae
2243 3977 2277 4030 »;
2308 3955 2359 4020 vel
2388 3969 2460 4022 cum

1508 4079 1581 4144 repe
1613 4057 1774 4138 iustitiae,
1798 4057 1834 4124 de
1868 4075 1931 4142 qao
1959 4057 1993 4124 in
2022 4057 2161 4126 Psalmo:
2191 4059 2322 4144 «Reges
2355 4075 2407 4126 eos
2430 4061 2462 4126 in

1508 4165 1595 4250 virga
1611 4191 1627 4222 »
1655 4171 1728 4244 etc.;
1754 4163 1804 4232 tel
1833 4179 1906 4230 cum
1931 4181 2005 4248 repe
2029 4181 2195 4248 supernae
2213 4161 2460 4246 prouidentiae,

1508 4271 1545 4336 de
1569 4291 1633 4356 quo
1655 4269 1856 4338 Ecclesiastae
1879 4269 2006 4354 quinto:
2035 4297 2052 4330 κ
2064 4269 2193 4354 Insuper
2217 4285 2277 4336 rex
2297 4267 2462 4338 universae

1510 4385 1612 4444 terrae
1628 4377 1761 4464 imperat
1776 4403 1792 4436 »
1815 4381 1872 4444 etc.
1889 4411 1931 4424 --
1948 4375 2119 4444 Committit
2133 4381 2239 4442 autem
2256 4375 2374 4442 bellum
2388 4393 2462 4444 cum
2483 4397 2512 4440 oa
2527 4399 2597 4452 praua

1510 4503 1582 4570 repe
1604 4481 1793 4570 superbiae,
1818 4481 1943 4568 quando
1964 4483 2005 4548 ab
2027 4481 2094 4568 ipso
2119 4481 2276 4560 dissentit3
2301 4479 2339 4546 ad
2364 4481 2463 4564 Ephe·
2503 4449 2566 4496 ’Μ’

1510 4591 1571 4658 sius
1586 4596 1677 4656 sexto
1692 4589 1734 4654 1⁵:
1757 4615 1771 4648 e
1787 4589 1852 4656 Non
1871 4591 1917 4654 θεῖ
1933 4589 2021 4654 nohis
2037 4587 2212 4654 colluctatio
2229 4587 2379 4654 adversas
2394 4603 2463 4654 car-

1509 4713 1581 4762 nem
1603 4701 1635 4762 θῖ
1656 4697 1859 4780 sanguinem,
1883 4695 1938 4762 sed
1958 4695 2111 4762 adversus
2126 4693 2234 4760 mundi
2258 4699 2394 4762 rectores
2422 4699 2463 4760 te-

1510 4801 1680 4868 nebrarum
1704 4801 1819 4866 haram
1834 4827 1865 4864 a.
1884 4837 1925 4848 —
1943 4799 2113 4866 committit
2135 4801 2227 4866 etiam
2252 4799 2370 4864 bellum
2390 4815 2627 4866 cameasenus.

1511 4925 1584 4990 repe
1616 4905 1784 4984 iustitiae,¹
1814 4903 1939 4994 qnando
1972 4903 2041 4972 vult
2071 4905 2101 4970 in
2138 4905 2307 4986 conspeetu
2340 4903 2396 4970 Dei
2433 4921 2464 4968 se

1580 5289 1589 5320 ⁷
1612 5293 1684 5344 Vens
1704 5293 1732 5354 7,
1754 5297 1812 5356 post
1829 5305 1907 5358 quem
1929 5293 1967 5344 Ps.
1988 5291 2034 5356 99,
2057 5293 2080 5344 3.

1580 5379 1669 5434 8Siue
1690 5383 1716 5434 ll.
1733 5383 1831 5434 Esdrae
1850 5381 1881 5446 b,
1900 5383 1931 5444 3,
1950 5379 1996 5432 uhi
2015 5381 2073 5434 vet.
2090 5395 2151 5434 ctam
2166 5383 2291 5446 Vulgata:
2306 5381 2464 5454 aedificent·

1509 5469 1533 5524 si
1549 5467 1700 5524 ascenderit
1715 5471 1823 5538 atnlpes,
1841 5469 1975 5524 humiliet
1994 5475 2041 5524 etc.

1580 5555 1645 5610 ⁹lta
1668 5559 1745 5610 etiarn
1771 5559 1846 5612 Cerd.
1875 5561 1965 5626 Hugo;
1994 5559 2120 5612 sententia
2147 5561 2256 5626 allegata
2282 5561 2414 5614 invenitor
2440 5561 2465 5612 in

1510 5649 1598 5700 Glossa
1617 5645 1760 5702 ordinaria
1777 5647 1805 5698 in
1824 5649 1887 5702 Lac.
1905 5649 1953 5712 aa,
1972 5649 2016 5700 99.
2033 5655 2060 5702 θῖ
2078 5659 2162 5702 seranta
2183 5653 2220 5702 θεῖ
2240 5665 2269 5702 ex
2292 5651 2416 5716 Gregor.,
2436 5651 2463 5702 ΙΙ.

1511 5737 1600 5788 llomil.
1620 5737 1647 5788 in
1664 5737 1766 5800 Evaug.
1784 5737 1874 5790 homil.
1894 5737 1936 5790 at.
1955 5753 1981 5788 n.
2002 5739 2031 5800 a,
2051 5751 2131 5806 [quaem
2149 5737 2267 5806 seqnitur
2284 5737 2365 5790 Beda.

1582 5821 1602 5852 ²⁰
1625 5827 1698 5878 t'ers.
1717 5825 1803 5878 t7.et
1824 5827 1865 5878 ts.

1582 5909 1602 5940 ¹¹
1622 5911 1672 5966 Ch.
1695 5925 1774 5976 snpra
1792 5927 1818 5964 n.
1838 5911 1881 5964 56.
1895 5941 1929 5950 -
1942 5913 2047 5964 lusorias
2068 5927 2115 5978 pro
2131 5911 2253 5982 pronicio
2269 5913 2382 5968 remedii
2399 5915 2426 5966 in
2444 5915 2466 5964 D

1511 5999 1625 6052 secunda
1646 6013 1738 6052 manns
1757 6001 1889 6054 substituit
1901 5999 2064 6070 procuratio
2082 6001 2194 6056 remedii
2198 6021 2208 6068 ;
2225 6001 2295 6056 idem
2310 6003 2419 6054 recurrit
2433 6003 2466 6052 in·

1512 6091 1548 6140 ha
1567 6105 1592 6140 n.
1611 6089 1655 6142 64.

1583 6173 1603 6206 ¹²
1624 6179 1700 6230 Vens.
1718 6179 1749 6240 8,
1769 6179 1810 6230 cni
1829 6177 1996 6242 subiungitur
2015 6179 2094 6244 apoc.
2115 6181 2145 6242 5,
2165 6179 2206 6232 te.
2219 6179 2466 6242 -Theophylact,

1511 6263 1537 6316 in
1555 6265 1619 6318 Lac.
1640 6265 1686 6328 ti,
1701 6267 1728 6316 3t
1742 6283 1748 6316 :
1763 6267 1819 6320 item
1832 6267 1908 6318 etiam
1922 6273 1949 6318 et
1961 6269 2064 6320 animus
2077 6273 2162 6322 noster
2176 6267 2296 6320 conditas
2312 6271 2357 6320 est.
2372 6267 2407 6318 Ne
2420 6265 2467 6332 igi-

1511 6361 1560 6416 tar,
1581 6367 1641 6406 curn
1659 6355 1833 6406 resistendum
1845 6361 1886 6406 est
1898 6361 2016 6420 peccato,
2035 6355 2237 6420 pusillanimiter
2247 6355 2308 6406 iliad
2322 6355 2467 6418 impugnet.

1584 6439 1605 6472 1³
1627 6431 1702 6492 Vens.
1721 6441 1743 6492 l.
1764 6441 1847 6496 Codd.
1865 6443 1949 6496 nti)
1972 6445 2094 6496 omittant
2111 6441 2193 6498 Istius
2211 6447 2251 6498 est
2274 6443 2465 6496 eornmittere...

1511 6533 1622 6584 terram.

1583 6615 1605 6648 1⁴
1624 6619 1699 6670 Vers
1718 6619 1762 6670 95.
1775 6649 1809 6658 -
1824 6621 1880 6674 nuo
1899 6635 1972 6688 seqq.
1991 6623 2041 6676 loci
2054 6627 2114 6676 stant
2128 6625 2166 6676 Ρε.
2181 6625 2211 6686 9,
2225 6623 2252 6676 9.
2264 6627 2288 6674 et
2300 6621 2384 6674 Enete.
2396 6621 2425 6682 5,
2441 6621 2465 6672 8.

1583 6703 1604 6736 ¹⁵
1623 6709 1697 6760 Vere.
1719 6707 1760 6760 tn.
