5900 8266
526 531 527 536 '
582 561 628 632 55
1192 557 1384 626 55555555.
1409 559 1446 626 m
1468 559 1705 628 5555555555
1732 561 1848 630 tuear
1872 561 1903 628 5.
1929 561 1949 624 r.

581 743 631 802 est
651 735 741 820 virgo
764 735 861 806 llario
884 733 1071 820 dilipendn,
1093 735 1285 802 perterrendo
1310 743 1339 802 55
1364 735 1536 804 cumomni

580 841 906 928 655555555155555515
943 847 1091 926 tanquam
1130 859 1269 906 summae
1306 839 1538 908 misericordiae

581 953 693 1014 mater.

670 1055 721 1118 89.
749 1053 848 1134 (Vers.
875 1051 951 1134 1515..)
976 1051 1119 1118 Seeundo
1153 1051 1260 1118 subdit
1295 1051 1455 1116 5551555555
1480 1069 1540 1136 np-

413 1157 814 1242 5555555555551555555555
844 1173 916 1222 eum
946 1155 1037 1222 dien:
1064 1157 1142 1222 6555
1178 1153 1278 1234 etaim,
1313 1163 1349 1220 555
1376 1153 1488 1240 sueta
1494 1163 1541 1222 555

415 1227 564 1282 ”mmmm
581 1283 645 1330 555
665 1261 980 1330 5515555555555555555
1013 1261 1051 1328 55
1074 1259 1217 1328 55551555
1241 1261 1339 1338 mein
1365 1261 1542 1328 55551555

581 1367 619 1434 ln
581 1387 709 1454 etqua
699 1367 766 1432 55155
788 1363 945 1452 insu-ins
931 1387 965 1432 m
981 1387 1006 1432 u
1008 1375 1074 1432 tero
1090 1385 1124 1432 nt
1127 1383 1220 1444 eo,·e
1204 1365 1319 1432 555555
1334 1373 1382 1436 555
1397 1367 1539 1450 signum,

581 1471 665 1558 quod
695 1489 736 1538 «5
724 1471 904 1540 5151155555
857 1477 904 1540 555
920 1471 1050 1558 gratia
1042 1491 1073 1536 m
1089 1471 1207 1538 1555555
1196 1471 1303 1538 55555·
1295 1477 1351 1550 ,55
1374 1477 1542 1556 propterea

581 1587 704 1646 eertum
728 1585 797 1658 551,
818 1577 902 1664 quod
925 1579 1114 1644 «benedixit
1130 1585 1158 1644 te
1178 1579 1260 1644 Deus
1275 1577 1307 1644 iu
1330 1585 1540 1656 aeternum»,
1576 1625 1578 1630 .

581 1685 612 1752 in
638 1685 759 1750 Psalmo
770 1685 792 1750 4.
818 1685 852 1750 Bt
876 1701 916 1752 ex
941 1703 1005 1768 quo
1026 1683 1129 1750 inlatis
1150 1701 1250 1770 supra
1269 1691 1418 1750 naturam
1433 1685 1541 1750 exsul
1551 1715 1552 1718 ¹

581 1793 675 1870 tavit,
700 1797 828 1858 eertum
837 1796 899 1868 551,
916 1789 1002 1876 quod
1022 1789 1176 1858 Dominus
1198 1797 1329 1858 naturae
1353 1789 1411 1858 sibi
1430 1807 1541 1858 55555-

581 1897 668 1964 rerit
648 1891 729 1964 tBt
717 1903 794 1964 5555
819 1915 882 1982 quo
903 1897 1078 1964 55155551555
1102 1897 1269 1982 respondet
1286 1915 1327 1966 ex
1352 1905 1457 1978 55555,
1475 1915 1542 1966 oer-

581 2011 649 2068 tum
674 2009 737 2080 est,
763 2009 792 2070 te
824 2003 1003 2088 oonoepisse
1035 2003 1126 2070 illum
1155 2005 1209 2090 qui
1244 2013 1331 2074 55555
1320 2005 1406 2070 5515
1431 2009 1539 2082 55555,

457 2171 462 2190 ‚
581 2111 755 2176 secundum
776 2109 854 2194 illud
888 2109 980 2176 lsaiae
1011 2109 1251 2196 quadragesimo
1273 2131 1374 2178 nono:
1403 2137 1419 2168 «ι
1436 2111 1541 2176 Domi-

506 2291 507 2294 ,
581 2233 642 2282 5555
662 2215 703 2282 ab
724 2221 819 2282 utero
851 2215 974 2284 vocarit
998 2233 1067 2296 me,
1094 2215 1134 2284 de
1168 2225 1277 2284 ventre
1313 2215 1423 2282 matris
1451 2233 1541 2282 meae

581 2323 764 2392 reeordatus
785 2329 833 2390 est
855 2321 991 2388 numinis
1013 2323 1073 2386 mei
1088 2347 1105 2380 5
1134 2329 1193 2388 555.
1217 2323 1254 2388 Et
1276 2339 1401 2400 rursus,
1419 2339 1459 2388 55
1477 2339 1541 2406 quo

450 2485 471 2492 ,,
581 2443 660 2512 puer
685 2427 873 2506 exsultarit,
895 2433 1017 2494 eertum
1042 2431 1107 2504 est,
1126 2427 1185 2492 iam
1202 2433 1453 2494 consummatum
1472 2443 1540 2494 5555

580 2533 734 2598 5555555555
758 2533 839 2618 quod
864 2533 896 2598 in
921 2532 1021 2598 lsata⁶
1044 2531 1179 2604 dieitur:
1200 2533 1359 2600 «Exsulta
1379 2541 1409 2598 et
1433 2533 1539 2610 lauda,

581 2638 730 2704 habitatio
755 2637 843 2716 Sion,
870 2637 945 2724 quia
977 2655 1112 2724 magnus
1144 2637 1177 2704 in
1212 2639 1315 2706 medio
1337 2639 1383 2706 555
1408 2641 1541 2704 Sanetus

581 2743 674 2810 lsrael
691 2767 720 2824 »3
739 2743 863 2810 55511551
887 2743 1056 2812 Zachariae
1072 2763 1172 2812 nouo:
1193 2771 1208 2804 «
1226 2745 1357 2812 Exsulta
1373 2745 1461 2824 satis,
1477 2743 1541 2812 lilia

581 2851 669 2930 Sion,
705 2849 817 2930 iubila,
840 2849 904 2916 hlia
940 2851 1126 2932 lerusalem;
1149 2869 1237 2932 5555,
1261 2869 1321 2918 rex
1357 2857 1433 2920 tuus
1455 2851 1541 2920 venit

581 2957 637 3024 tibi
659 2957 762 3024 iustus
783 2965 817 3024 et
838 2959 975 3024 salrator
992 2983 1021 3022 5.

669 3063 720 3130 83.
748 3061 846 3146 (Vers.
873 3061 950 3146 56).
976 3063 1021 3128 Ex
1038 3081 1101 3148 quo
1118 3063 1213 3148 igitur
1231 3061 1416 3154 mirabiliter
1432 3063 1540 3130 exsul·
1574 3125 1575 3128 ,
1630 3109 1631 3112 ,

581 3169 657 3237 tavit
673 3187 880 3254 praecursor,
896 3169 957 3236 iam
974 3177 1096 3238 eertum
1115 3169 1249 3236 babebat
1271 3169 1432 3248 indicium,
1454 3167 1540 3254 quod

580 3275 702 3342 venerit
722 3275 927 3354 Salvator;t
895 3281 927 3340 55
943 3273 1089 3360 quoniam
1106 3275 1177 3348 iam
1190 3281 1312 3340 55555555
1334 3273 1500 3340 habehat
1492 3291 1539 3340 m-

581 3379 749 3460 dioium,i
752 3381 810 3446 deo
842 3379 937 3446 tertio
970 3379 1035 3446 reri
1040 3379 1093 3446 tati
1120 3379 1308 3448 subditura
1296 3389 1367 3446 55555
1356 3379 1537 3458 moniam,

419 3487 646 3554 5555555555555
676 3487 838 3552 oraoulum
872 3485 1133 3574 affirmativum,
1157 3505 1230 3552 oum
1254 3485 1387 3558 dieitur:
1414 3487 1537 3562 Beutn,

405 3559 665 3680 affirmativumquoe
689 3593 831 3658 credistis
803 3593 876 3672 trte',
899 3613 1001 3680 quone
990 3595 1061 3660 5555
1079 3591 1224 3680 55556555
1188 3601 1297 3660 ent·tu
1319 3593 1538 3680 5555555515-

581 3707 633 3766 555
654 3697 883 3766 55555551555
908 3697 1057 3772 1155555555.
1081 3699 1169 3766 Fides
1193 3699 1274 3766 enim
1299 3613 1422 3766 beataqm
1445 3699 1536 3778 faoit;

580 3803 723 3872 Matthaei
747 3805 869 3870 51555555
891 3811 982 3870 sextu
995 3805 1024 3868 ⁶:
1047 3805 1190 3872 «Beatus
1210 3823 1256 3884 55,
1271 3805 1379 3870 Simon
1394 3805 1536 3886 Bariona,

580 3911 654 3996 quia
685 3931 758 3976 5555
788 3919 820 3976 55
849 3909 977 3996 alinguis
1001 3927 1064 3976 uon
1088 3911 1240 3978 revelarit
1273 3911 1344 3990 tihi,
1370 3911 1424 3978 sed
1446 3913 1537 3978 Pater

580 4033 686 4096 meus,
708 4015 811 4102 quiin
828 4015 921 4084 oaelis
938 4021 984 4084 555
996 4039 1026 4096 5;
1044 4023 1076 4084 55
1091 4015 1212 4084 1555555
1228 4015 1391 4102 vigesimo:
1415 4017 1536 4096 «Beati,

428 4141 561 4186 5555555.
580 4123 635 4206 qni
656 4141 719 4188 55555
743 4121 891 4190 viderunt
920 4129 952 4190 et
982 4119 1185 4188 crediderunt
1200 4149 1232 4192 5.Ι
1256 4161 1302 4170 -
1322 4123 1406 4188 Ferit
1430 4129 1534 4190 autem

579 4227 655 4296 lides
680 4229 801 4308 beatos,
825 4229 899 4312 quia
922 4227 1108 4296 inchoando
1142 4229 1175 4294 in
1199 4229 1316 4296 5555555
1337 4227 1474 4314 disponit
1498 4229 1536 4296 ad

566 4333 879 4408 *consummationem
900 4333 933 4402 iu
947 4335 1119 4420 proemr'o,·
1133 4335 1173 4402 ad
1190 4333 1401 4420 Philippenses
1418 4335 1534 4420 prium:
1549 4387 1554 4396 .

584 4441 779 4508 «6551551555
803 4441 862 4508 hoo
886 4441 1009 4526 ipsum,
1023 4441 1099 4529 quia
1117 4441 1169 4528 qul
1188 4441 1289 4528 eoepit
1305 4443 1336 4508 in
1353 4441 1442 4526 vohis
1455 4463 1536 4528 opus

578 4547 697 4614 bonum
718 4545 861 4632 perliniet
877 4575 907 4628 5,
933 4549 1046 4614 551555
1077 4547 1191 4616 merito
1223 4547 1430 4642 1551555515
1459 4549 1536 4616 1155-

579 4653 660 4720 thaei
686 4659 812 4720 oetam:
840 4679 856 4710 «
873 4655 969 4732 Vade,
996 4659 1025 4722 et
1051 4655 1132 4720 siout
1154 4653 1329 4734 credidisti,
1353 4655 1407 4722 fiat
1433 4653 1534 4734 5515555

578 4759 1032 4852 mmmmmmm.

666 4867 719 4932 Sl.
746 4867 837 4944 Nota,
863 4865 949 4952 quod
975 4865 1078 4934 beatrl'
1082 4873 1195 4934 rantur
1226 4867 1257 4932 55
1281 4865 1384 4952 Soript
1387 4885 1446 4932 ura
1472 4885 1534 4932 non

412 4995 503 5060 555555
517 4973 679 5040 555-551555
713 4971 897 5050 nannenten,
922 4971 1041 5038 sedt
1011 4971 1104 5038 555555
1138 4979 1327 5058 spetnrmtes
1352 4973 1534 5038 9551555545

442 5047 557 5092 ””””’“
584 5079 726 5146 «1355555
750 5077 816 5158 555,
839 5079 1002 5146 55555555
1031 5095 1144 5146 nomen
1179 5077 1301 5144 Domini
1325 5095 1395 5170 spes
1419 5077 1533 5146 eius».

578 5221 623 5236 -
634 5185 720 5262 15555,
736 5183 921 5270 delimatam
938 5183 1140 5252 Beolesiastiei
1154 5183 1394 5270 quadragesimo
1409 5191 1533 5252 eumve:

583 5291 712 5370 «Beati,
737 5291 789 5376 qui
818 5297 845 5358 te
870 5291 1017 5358 viderunt
1048 5299 1078 5358 55
1101 5291 1134 5358 55
1156 5291 1293 5358 amicitia
1317 5299 1372 5358 tua
1397 5291 1533 5358 deeorati

578 5405 652 5466 sunt
671 5425 701 5464 5.
734 5437 774 5446 -
808 5399 903 5478 hem,
941 5397 1110 5476 liutmun
1145 5397 1350 5466 6551555555555
1386 5397 1535 5484 vigesimo

399 5491 400 5494 '
469 5537 470 5540 ¹
578 5505 709 5592 quium:
744 5505 905 5584 «BeatuS,
936 5505 987 5594 555
1018 5505 1128 5572 datum
1156 5511 1204 5572 est
1239 5505 1356 5572 babere
1390 5503 1534 5572 timorem

576 5611 633 5680 Bei
647 5635 679 5692 »3
703 5629 819 5678 rursus
842 5611 1003 5704 Psalmus:
1028 5637 1046 5670 «
1063 5609 1176 5680 Beatus
1199 5611 1265 5692 555,
1289 5611 1344 5698 qui
1363 5611 1451 5680 timet
1473 5611 1535 5678 Do

575 5719 697 5786 minum
708 5743 738 5806 5.
758 5755 800 5764 -
818 5719 902 5796 ltem,
919 5727 1106 5804 operemur,-
1124 5719 1245 5786 loannis
1260 5717 1381 5794 decimo
1404 5717 1533 5786 tertio⁶:

581 5825 643 5890 «Si
667 5827 745 5890 15555
768 5823 870 5902 settis,
894 5823 974 5890 beati
954 5823 1106 5902 5555555,
1131 5823 1155 5890 55
1181 5823 1317 5890 feceritis
1339 5841 1425 5902 ea»;
1442 5825 1535 5890 5155

576 5931 624 5998 lra
646 5929 829 6032 undecimo:
858 5927 991 6008 «Beati,
1016 5929 1070 6014 qui
1104 5929 1239 5996 audiunt
1267 5929 1400 5996 verbum
1426 5929 1481 5998 Dei
1504 5935 1535 5998 et

620 6267 768 6324 4955155.
787 6269 836 6334 ll,
854 6271 882 6324 3.
898 6297 936 6314 ·-
955 6267 1078 6334 Sequitur
1096 6267 1151 6322 lsai.
1173 6267 1221 6330 lo,
1243 6269 1265 6320 l.
1334 6297 1337 6302 ss

646 6353 739 6424 'Cap
763 6359 807 6424 19,
827 6361 855 6422 6,
876 6363 1032 6426 postquem
1053 6357 1160 6410 zochor.
1181 6357 1212 6420 9,
1232 6357 1258 6410 9.

646 6441 750 6498 811555.
773 6447 867 6502 17.-
886 6449 951 6502 Tres
977 6459 1050 6514 seqq.
1079 6445 1130 6498 loci
1156 6439 1217 6498 sunt
1237 6447 1307 6500 loen.
1330 6445 1384 6508 90,
1400 6445 1449 6510 99;
1469 6445 1532 6498 Phil.

577 6535 603 6596 5,
623 6535 796 6588 6551155155.
818 6539 846 6600 6,
868 6539 909 6590 53.
930 6535 1000 6604 (Vat.
1018 6537 1087 6588 hune
1106 6533 1221 6602 omittit).

645 6619 1468 6690 495515539,6.-651555515511535555565515556,11;
1490 6625 1532 6688 93,

576 6705 849 6772 thetbaldi

645 6789 865 6850 ὅ1155·5.17.--
890 6803 1045 6866 Sequuntur
1068 6797 1530 6866 5555.15,96;1.1)555.3,15;

575 6883 662 6934 55555.
681 6883 711 6948 5,
731 6883 774 6936 55.
795 6893 822 6938 er
839 6889 878 6940 555.
896 6891 963 6952 neg.
983 6887 1028 6948 55,
1049 6887 1074 6940 a

1577 809 1578 812 ¹
1601 735 1781 802 custodiunt
1805 735 1929 802 illud».
1952 773 1996 784 -

2020 737 2111 816 item,
2125 739 2320 804 attollerentur
2328 759 2341 814 ;
2364 737 2484 820 primae
2504 739 2559 802 Pe·
2616 769 2619 778 ÷
2679 761 2684 798 ι

1602 841 1642 908 555
1667 841 1775 932 tertio:
1799 869 1814 900 (ι
1826 841 1883 910 Sed
1901 849 1932 908 55
1946 841 1972 908 55
1990 841 2065 926 quid
2088 843 2230 928 patimini
2243 849 2373 928 propter
2398 833 2558 922 iustitiam,

1576 947 1732 1026 *beatiam
1755 953 1788 1014 et
1805 949 1870 1018 1155
1872 947 1952 1014 thaei
1979 949 2107 1032 quinto:
2144 949 2255 1014 «Beati
2274 947 2366 1026 estis,
2390 965 2463 1014 rum
2493 967 2561 1016 ma·-

1604 1033 1780 1120 ledixerint
1796 1055 1882 1122 555555
1906 1053 2050 1122 homiues
2075 1059 2109 1120 et
2128 1055 2286 1138 persecuti
2310 1069 2366 1120 555
2387 1053 2505 1120 luerint
2530 1058 2559 1120 et

1576 1161 1745 1228 5155555555
1775 1179 1869 1228 omne
1901 1161 2019 1228 mahrm
2054 1159 2222 1228 adversum
2254 1179 2324 1246 ros,
2356 1159 2562 1240 5555555555,
2671 1205 2672 1208 =

1575 1317 1576 1322 .
1606 1273 1734 1354 propter
1758 1287 1851 1336 me».
1876 1303 1919 1316 —
1942 1267 2033 1348 ltem,
2056 1267 2323 1354 roratampluntes,·
2341 1267 2423 1336 tertii
2439 1267 2559 1352 Regum

1604 1373 1742 1438 decimo:
1769 1399 1787 1432 «
1803 1373 1884 1438 Beati
1911 1371 1970 1438 viri
2005 1373 2070 1452 tui,
2094 1381 2124 1440 et
2147 1373 2229 1438 beati
2252 1373 2336 1440 servi
2361 1373 2406 1438 tui
2430 1373 2479 1450 hi,
2498 1371 2557 1458 qui

1605 1485 1687 1564 stant
1709 1495 1815 1546 eoram
1840 1485 1872 1546 te
1893 1495 2016 1564 semper
2035 1479 2213 1546 5555515555
2229 1479 2412 1564 sapientiam
2428 1487 2513 1546 tuam
2528 1503 2557 1542 5

1682 1585 1746 1662 aa.
1770 1585 1818 1650 Ex
1841 1585 1987 1650 omuibus
2008 1585 2059 1652 his
2081 1585 2184 1652 555555
2207 1583 2722 1694 5555515555555155-55555εὲ55585

1606 1689 1667 1770 ria,
1691 1707 1745 1756 ex
1755 1707 1851 1756 55555
1872 1691 1965 1756 etiarn
1996 1689 2146 1776 singulari
2171 1689 2231 1756 luit
2252 1689 2385 1756 55555555
2360 1711 2462 1774 5555,
2486 1691 2559 1776 quia
2588 1711 2630 1742 ma·

1606 1797 1746 1881 oonoepit
1767 1795 1878 1862 Filium
1903 1795 1977 1876 Dei;
2000 1795 2080 1862 intra
2097 1795 2303 1862 undeoim0⁶:
2324 1821 2340 1854 «
2357 1797 2558 1864 355555555-

1606 1909 1672 1982 555,
1695 1903 1749 1988 qui
1774 1909 1806 1970 te
1826 1901 1979 1988 portavit,
2012 1907 2046 1968 et
2078 1901 2194 1978 uhera,
2221 1921 2302 1986 quae
2336 1901 2496 1970 suxisti»,
2525 1903 2559 1968 65
2630 1915 2632 1918 ·

1606 2015 1770 2094 propterea
1801 2011 1933 2092 ipsamet
1961 2005 2037 2074 dieit
2066 2005 2148 2074 iulra
2171 2007 2295 2074 eodem:
2324 2007 2431 2074 «6555
2455 2007 2557 2086 enim,

1575 2131 1576 2134 ’
1605 2133 1643 2182 ex
1660 2115 1923 2182 ,15555555555555
1937 2113 2042 2182 dioent
2057 2131 2165 2180 omnes
2179 2113 2435 2198 generationes».
2454 2115 2559 2178 Bouto

1605 2239 1697 2304 erqo,
1722 2239 1808 2308 quoe
1828 2219 2016 2298 5556551556,
2042 2221 2116 2306 qnia
2147 2217 2302 2284 eredendo
2331 2217 2498 2302 conoepisti
2516 2227 2559 2286 ,et

1606 2323 1806 2408 oonoipiendo
1826 2323 2052 2392 beatitudinem
2074 2323 2223 2392 omnibus
2244 2323 2388 2410 gentibus
2406 2333 2558 2410 quantum

1605 2429 1641 2496 ad
1667 2429 1883 2496 sufficientiam
1910 2431 2076 2514 protulisti.
2103 2431 2254 2498 lnbnius
2285 2431 2417 2518 69555,
2432 2427 2559 2496 Genesis
2577 2439 2664 2494 Fieura-

1606 2533 1791 2620 trigesimos
1824 2561 1840 2592 «
1866 2535 1946 2602 dixit
1970 2535 2039 2600 hia:
2068 2535 2130 2604 Boo
2162 2555 2220 2620 pro
2249 2535 2440 2602 beatitudine
2474 2553 2557 2614 mea,

1605 2641 1728 2706 beatam
1751 2641 1868 2726 quippe
1890 2661 1941 2708 me
1964 2641 2067 2708 ditent
2090 2659 2197 2708 omnes
2223 2641 2370 2710 mulieres
2385 2669 2418 2708 ».
2485 2679 2488 2692 ι

1808 2869 1921 2924 Secundo
1939 2869 2061 2942 subditur
2079 2869 2211 2924 5555555555
2230 2869 2358 2924 loetitiae.

1693 3067 1746 3130 66.
1770 3067 1812 3130 Et
1833 3065 1883 3130 ult
1905 3065 2018 3132 5115555
2035 3073 2092 3132 515.
2111 3065 2180 3130 Post
2195 3063 2408 3132 testimouium
2424 3067 2559 3148 prophe-

1605 3171 1665 3238 tiae
1694 3169 1839 3256 sequitur
1874 3177 1994 3236 555555
2024 3169 2185 3250 loetitiae,
2222 3171 2251 3238 iu
2282 3189 2346 3256 quo
2378 3171 2559 3238 Beatissimo

1604 3279 1693 3364 virgo
1715 3277 1812 3342 blaria
1833 3277 1941 3344 laudat
1962 3277 2100 3344 divinam
2130 3277 2325 3346 elementiam
2350 3285 2479 3364 propter
2501 3295 2559 3344 ex·

1604 3383 1855 3452 callentissimam
1877 3383 2009 3468 gratiam
2044 3383 2101 3452 sibi
2131 3385 2284 3450 551155555
2313 3385 2346 3448 ln
2369 3385 2429 3450 hoo
2452 3391 2557 3450 autem

1603 3491 1722 3558 cantion
1746 3489 1807 3556 5555
1828 3495 1989 3556 notantur.
2012 3491 2152 3556 Primum
2170 3489 2264 3556 55515
2266 3489 2403 3556 udentia
2420 3487 2528 3576 56555
2515 3511 2558 3568 5
2578 3505 2685 3604 nqqqm

1604 3615 1698 3682 quam
1730 3601 1816 3662 notat
1846 3595 1933 3664 ibi:
1964 3597 2102 3682 Maponi
2054 3595 2160 3678 556555
2185 3615 2244 3664 55
2234 3617 2303 3664 555
2324 3615 2399 3662 meu
2423 3601 2481 3664 eto.
2504 3597 2557 3664 Se
2634 3647 2635 3650 ,

1603 3701 1743 3768 eundum
1764 3707 1812 3766 est
1834 3701 2001 3768 laedendi
2021 3701 2130 3780 runo,
2156 3721 2248 3788 quam
2265 3709 2369 3780 notat,
2386 3721 2459 3768 cum
2484 3703 2557 3770 sub:

1603 3807 1663 3872 dit:
1689 3805 1777 3888 Quia
1803 3809 1944 3892 respersit
1958 3815 2015 3874 eto.
2035 3809 2188 3886 Tertium,
2205 3807 2339 3874 rtiuinoe
2356 3809 2467 3874 15555155
2487 3827 2559 3876 555-

1598 3911 1771 4000 5665565,
1781 3931 1876 3998 quam
1888 3919 1976 3980 notat
1988 3913 2049 3980 ibi:
2066 3915 2106 3978 Bt
2120 3913 2353 3980 55555555555155
2364 3913 2435 3980 eiua
2447 3935 2470 3982 5
2480 3933 2557 4000 pro-

1600 4019 1701 4106 955555.
1727 4019 1794 4084 Non
1816 4019 1898 4084 enim
1925 4023 1971 4084 est
1995 4019 2131 4104 perlecta
2154 4021 2240 4100 5555,
2260 4019 2319 4086 5555
2338 4019 2419 4084 adsit
2432 4019 2557 4086 debitus

1602 4121 2010 4210 56555555,515555555555555
2033 4129 2064 4190 55
2087 4123 2211 4192 debitus
2235 4123 2363 4192 55551555
2442 4181 2444 4186 .

1691 4231 1743 4296 67.
1767 4231 1869 4312 (11555.
1892 4229 1971 4302 hot
1996 4229 2175 4304 5555555555
2197 4249 2273 4318 ergo
2296 4231 2397 4316 primo
2416 4231 2557 4304 1555155
2605 4249 2721 4292 5555555

1602 4345 1643 4404 5
1667 4333 1775 4424 5655
1761 4357 1812 4416 to
1835 4343 1873 4404 55
1892 4343 1974 4422 prot
1975 4349 2014 4416 55,
1961 4335 2265 4422 lmagnilioando
2300 4335 2435 4404 divinam
2461 4335 2558 4402 virtu·
2575 4303 2661 4452 {sibl
2676 4303 2722 4410 555ἷῖ

1601 4449 1682 4522 5555,
1705 4459 1776 4508 oum
1802 4441 1888 4510 dioit:
1915 4441 2335 4528 55551155555511565655
2352 4443 2469 4510 enimn
2484 4413 2606 4508 5555”’“

1604 4549 1801 4626 Domuum
1823 4547 1856 4612 id
1877 4547 2083 4618 esttdiriuam
2109 4547 2265 4622 virtutem
2297 4549 2457 4632 «blagnus
2474 4567 2556 4614 emm

1601 4653 1753 4720 Dominus
1776 4659 1899 4732 noster,
1925 4659 1954 4720 et
1989 4673 2102 4740 magna
2135 4655 2238 4720 virtus
2259 4653 2397 4732 eius⁹»;
2423 4661 2451 4720 et
2487 4653 2556 4720 ideo

1600 4777 1713 4844 magno
1729 4759 1841 4828 alleotu
1858 4759 1948 4826 debet
1964 4759 2152 4838 collaudari,
2170 4761 2244 4846 qnia
2259 4779 2371 4844 magna
2386 4767 2555 4846 operatum

1601 4865 1738 4934 Danielis
1759 4873 1890 4950 quarto:
1921 4891 1936 4924 «
1950 4867 2010 4954 Ego
2035 4866 2127 4934 laudo
2143 4875 2175 4934 et
2189 4867 2355 4952 magnifiee
2369 4873 2400 4932 et
2417 4865 2556 4952 glorifico
2596 4915 2597 4918 ,

1601 4973 1713 5056 Regem
1738 4971 1830 5052 oaeli,
1855 4971 1931 5058 quia
1962 4973 2067 5038 omnia
2090 4989 2186 5058 opera
2220 4973 2289 5040 eius
2312 4991 2386 5040 5555
2402 4997 2433 5052 »;
2458 4979 2490 5040 55
2516 4971 2556 5038 ad

1601 5079 1659 5146 hoo
1690 5077 1802 5146 invitat
1829 5077 1933 5146 anima
1963 5079 2074 5146 devota
2106 5079 2135 5146 55
2163 5079 2298 5146 Psalmo:
2331 5107 2348 5140 «
2364 5077 2556 5164 llagnilioate

1599 5185 1765 5250 Dominum
1793 5201 1935 5264 meeum,
1958 5191 1991 5250 et
2012 5185 2187 5256 exaltemus
2218 5203 2330 5252 nomen
2363 5185 2446 5258 eius¹
2463 5185 2493 5250 in
2526 5185 2556 5252 id

1599 5291 1704 5376 ipsum
1719 5317 1751 5356 5.
1775 5293 1864 5356 Tuno
1886 5291 1991 5356 anima
2012 5297 2120 5356 nostra
2154 5309 2229 5358 vere
2249 5291 2428 5376 magnilleat
2451 5291 2556 5356 Domi·
2576 5311 2704 5356 5555555.

1599 5413 1694 5476 num,
1718 5395 1843 5482 quando
1868 5395 1928 5462 sub
1941 5395 2010 5482 ipso
2033 5413 2066 5464 se
2081 5395 2181 5482 ipsam
2196 5395 2333 5482 captivat
2349 5403 2378 5464 et
2395 5395 2555 5476 humiliat;

1599 5501 1804 5570 Boulesiastiei
1828 5501 1977 5568 tertio10:
2006 5529 2022 5560 α
2039 5503 2136 5588 Quam
2156 5521 2266 5590 magno
2283 5503 2422 5588 potentia
2434 5503 2490 5570 Dei
2507 5521 2556 5570 so-

1599 5611 1679 5690 lius,
1701 5617 1734 5676 55
1756 5629 1773 5674 5
1797 5609 1871 5676 55555
1893 5609 2069 5676 humilibus
2100 5609 2274 5676 honoratur
2291 5635 2319 5672 5.
2340 5609 2438 5698 Unde
2468 5609 2556 5694 virgo

1599 5715 1710 5794 blaria,
1736 5715 1811 5802 quia
1833 5733 1909 5800 prae
1933 5715 2046 5788 ueteris
2068 5733 2101 5782 se
2117 5715 2217 5800 ipsam
2233 5711 2427 5794 humiliarit,
2442 5715 2556 5782 5555555

1598 5821 1692 5890 511555
1715 5823 1883 5888 Dominum
1901 5821 2119 5906 magnificavit.
2137 5821 2174 5886 Bt
2188 5821 2256 5888 iden
2272 5839 2292 5886 a
2307 5821 2556 5906 magnificatione

1599 5929 1738 6056 lssssepit,
1752 5929 1826 6014 quia
1842 5929 1901 5994 1555
1926 5927 2121 6012 eornpetebat
2135 5923 2318 6054 liberalitati
2339 5927 2555 6046 1659555555-
2573 5895 2693 5994 ”’535Ρ”’

1670 6265 1774 6322 411555.
1795 6265 1836 6318 97.
1856 6293 1890 6304 -

1669 6353 1836 6410 71155513.
2519 6413 2520 6416 ,

1668 6441 1772 6496 ⁶Vers.
1792 6443 1833 6496 lo.
1854 6443 2004 6498 Secundum
2024 6449 2051 6496 et
2068 6443 2172 6496 ternum
2186 6441 2354 6496 5555551555
2368 6439 2410 6492 16.
2423 6445 2448 6494 55
2463 6441 2504 6494 56
2518 6469 2555 6484 -

1597 6517 1723 6598 Superius
1736 6535 1784 6598 555
1798 6535 1893 6586 euntes
1913 6535 1934 6586 G
1951 6531 2103 6586 5555155555.-

1667 6619 1791 6676 ⁶Psalm.
1811 6621 1877 6686 tle,
1895 6623 1974 6676 6.-
1940 6623 2152 6688 Sequuntur
2163 6621 2228 6674 Dan.
2248 6619 2277 6684 l,
2298 6619 2343 6674 35.
2363 6619 2473 6688 leode..
2495 6579 2553 6692 Epo

1594 6709 2177 6788 [Ν5555515551555555]55555565565955555
2193 6709 2262 6772 55515·
2274 6713 2346 6776 555.)
2360 6711 2445 6764 5195.
2467 6711 2552 6778 36,5.

1593 6827 1630 6840 -
1647 6799 1755 6852 luanus
1772 6813 1822 6864 pro
1841 6795 2265 6854 animumanimumum
2285 6797 2418 6852 devotum.
2469 6835 2470 6838 ,

1666 6883 1689 6916 ¹⁰
1706 6889 1780 6942 11555.
1802 6889 1843 6940 91

1909 6265 2033 6334 Sequitur
2051 6267 2113 6320 Luc.
2132 6265 2163 6340 1,
2184 6265 2226 6318 16.
2271 6275 2274 6282 ’
