5908 8266
1169 495 1206 560 lN
1230 493 1521 564 COMMENTARIUS
1545 501 1574 566 S.
1599 501 1824 568 SClllPTUllhll
2427 501 2494 566 707

753 577 818 636 Cllll
836 577 892 650 (06)
2105 587 2244 656 60110007)

511 665 627 734 potentia
650 663 712 720 1016.
736 677 849 722 -ante
874 671 1090 724 resurrectionem
1111 671 1143 724 ci·
1233 701 1268 710 -
1286 671 1417 726 Ascensus
1436 671 1528 726 Christi
1549 673 1573 725 in
1593 675 1695 726 caelum
1714 673 1761 726 1010
1773 687 1818 726 no·
1856 673 2493 740 0000000036066-100000010000000000000

505 757 571 814 bum
589 755 685 810 sumsit
707 771 745 812 ex
762 759 929 826 necessitate,
953 765 1013 824 post
1029 773 1143 812 resurre-
1179 757 1323 814 bilissimas
1340 765 1469 828 quantum
1495 761 1527 812 06
1553 759 1709 824 primatum,
1730 765 1818 824 poten·
1856 761 1997 824 Evangelio
2021 761 2149 824 Spiritum
2177 767 2296 816 sanetum
2323 761 2368 814 vn
2387 761 2437 814 600
2459 761 2487 818 61

504 845 617 900 ctionem
636 849 778 902 consumsit
796 849 903 916 propria
924 845 1140 902 0000000006.-
1180 847 1295 900 tissimus
1313 855 1442 914 quantum
1460 849 1496 902 06
1519 847 1644 914 modum,
1664 847 1818 902 iucundissi-
1853 873 1887 886 -
1907 847 1954 898 Per
1984 845 2115 900 Christum
2143 847 2223 900 datur
2249 847 2362 914 Spiritus
2387 855 2495 904 sanctus

505 937 606 992 Veritas
625 935 791 992 comestionis
809 937 834 992 in
860 937 962 992 Christo
980 937 1028 990 luit
1047 947 1140 988 verum
1179 949 1239 990 0000
1271 941 1400 1004 qnantum
1434 937 1468 990 ad
1503 949 1646 1004 pompam,
1677 935 1816 990 altissimus
1855 933 1990 986 1116000
2021 959 2058 974 -
2083 935 2229 986 seeundum
2253 939 2397 990 humanam
2421 943 2493 992 natu·

503 1017 690 1094 argumentum
713 1025 912 1080 resurrectionis
931 1023 993 1080 1016.
1011 1053 1050 1064 -
1067 1037 1141 1076 man·
1178 1031 1307 1094 quantum
1333 1027 1370 1080 ad
1392 1025 1537 1080 terminum
1562 1027 1595 1080 Vl
1625 1025 1676 1076 600
1703 1025 1763 1076 010
1782 1051 1817 1064 -
1853 1035 1911 1076 ram
1929 1033 1982 1074 non
2000 1025 2104 1086 poterat
2120 1021 2184 1076 dare
2203 1021 2491 1088 Spiritumsanetam,

503 1115 628 1170 ducendo
644 1115 768 1180 probavit
778 1115 997 1168 resurrectionem
1010 1129 1085 1168 suam
1098 1129 1140 1168 ve·
1178 1115 1349 1178 triumpharit
1367 1115 1484 1180 plenarie
1496 1115 1521 1166 in
1535 1113 1691 1166 ascensione.
1705 1113 1750 1166 Vll
1763 1111 1816 1164 600
1853 1109 1899 1164 sed
1909 1109 2058 1174 *impetrare
2075 1109 2132 1160 eius
2152 1109 2317 1164 donationem
2340 1111 2389 1166 000
2410 1113 2442 1164 36
2456 1137 2491 1152 -

503 1217 644 1268 0000,οο0
663 1203 856 1268 phantasticam
875 1201 980 1256 00607
1083 1257 1085 1260 ,
1178 1201 1211 1254 66
1231 1229 1272 1266 ,-
1296 1215 1358 1256 eum
1382 1201 1464 1268 gloria
1489 1207 1626 1268 susceptus
1653 1205 1692 1256 est
1721 1201 1745 1252 in
1774 1199 1817 1254 die
1854 1199 1878 1250 in
1908 1197 2033 1250 missione
2059 1195 2172 1262 Spiritus
2194 1198 2406 1250 00000000010100
2432 1211 2493 1264 gra-

556 1320 592 1334 -
609 1291 1032 1358 ostenditssoesseeundemqui
1047 1305 1140 1358 passus
1177 1289 1335 1344 ascensionis
1356 1291 1387 1344 Vl
1408 1289 1457 1342 000
1478 1303 1505 1344 0.
1524 1291 1646 1344 03-10
1665 1289 1817 1342 0000000000
1856 1285 1919 1340 tiam
1937 1285 1980 1340 Vll
1999 1283 2051 1338 078
2071 1283 2106 1336 00

503 1383 597 1442 100000,
617 1391 663 1444 per
682 1379 791 1430 rulnera
810 1383 835 1432 et
848 1379 981 1450 cicatrices
995 1379 1025 1432 Vl
1041 1381 1092 1434 610
1106 1379 1138 1432 00
1177 1381 1302 1432 exaltatus
1328 1379 1466 1442 ingloria
1495 1377 1548 1432 606
1571 1379 1591 1430 t
1613 1405 1648 1420 -
1667 1375 1773 1430 00000000
1791 1375 1816 1430 00
1907 1405 1941 1414 -
1960 1375 2033 1430 dedit
2050 1373 2180 1440 apostolis
2192 1373 2316 1440 Spiritum
2332 1381 2451 1430 sanctum
2466 1377 2491 1430 00

406 1461 408 1464 ’
501 1493 537 1508 ...
555 1465 669 1520 ostendit
686 1465 820 1532 discipulis
839 1481 916 1526 00000
934 1465 1068 1520 cicatrices
1085 1467 1138 1520 607
1177 1469 1287 1534 gloriam
1314 1481 1363 1534 per
1389 1467 1511 1526 laborem
1537 1473 1562 1520 et
1593 1467 1742 1534 passionem
1774 1465 1815 1520 Vll
1853 1467 1916 1520 llatu
1941 1465 2043 1518 occulte
2070 1463 2113 1518 Vll
2142 1463 2192 1514 600
2213 1463 2241 1516 60
2271 1493 2306 1504 -
2325 1465 2383 1520 00000
2403 1463 2489 1520 statim

502 1555 534 1608 60
554 1581 589 1594 -·
608 1553 642 1606 06
660 1553 788 1606 maiorem
815 1555 997 1618 certitudinem
1015 1571 1079 1610 0000
1097 1571 1138 1610 re·
1175 1559 1229 1610 360
1249 1557 1281 1610 00
1853 1555 1978 1620 Spiritum
1995 1559 2115 1608 sanctum
2133 1559 2225 1618 posset
2242 1553 2319 1616 6000,
2340 1553 2421 1606 relaxit
2439 1553 2489 1608 dil·

500 1639 668 1696 surrectionis
685 1643 799 1696 00000600
810 1643 928 1708 corporis
944 1643 1077 1698 cicatrices
1096 1643 1138 1696 Vll
1229 1675 1263 1684 -
1283 1643 1347 1698 abiit
1371 1643 1405 1694 ad
1430 1643 1538 1710 nuptias
1562 1649 1623 1710 post
1650 1643 1815 1696 resurrectio·
1852 1645 1920 1696 terre
1937 1649 2046 1708 propter
2062 1641 2225 1696 desideriam
2243 1643 2433 1706 discipulorum
2454 1643 2489 1694 in·

503 1731 555 1782 600
572 1731 606 1782 60
626 1757 660 1766 -
680 1729 813 1784 cicatrices
839 1733 954 1786 serravit
972 1733 1007 1784 ad
1025 1739 1139 1786 astruen-
1177 1731 1442 1796 0000006000100
1461 1733 1504 1784 Vll
1525 1731 1575 1784 300
1596 1731 1813 1784 61-60000000
1853 1733 2056 1796 dammandum,
2075 1737 2184 1796 propter
2213 1729 2365 1796 mysterium
2385 1745 2490 1784 000000·

501 1821 567 1872 dam
581 1819 663 1874 fidem
690 1823 887 1876 resurrectionis
916 1829 940 1876 et
963 1823 999 1876 ad
1016 1823 1137 1874 allectum
1178 1823 1226 1874 luit
1243 1821 1356 1884 figurata
1381 1819 1411 1870 in
1437 1819 1592 1872 ascensione
1616 1817 1763 1874 nubeculae
1790 1823 1815 1872 et
1852 1819 1916 1880 dum
1934 1827 1962 1874 et
1979 1825 2087 1886 propter
2104 1821 2253 1886 exemplum
2274 1821 2325 1874 603
2345 1821 2376 1874 60

500 1913 620 1964 nostrum
638 1907 858 1964 inflammandum
876 1909 951 1964 0006.
1097 1957 1100 1964 ,
1176 1909 1245 1962 Eliae
1262 1913 1290 1962 et
1307 1907 1332 1960 ln
1353 1919 1463 1964 ascensu
1482 1907 1544 1960 solis
1579 1909 1630 1960 603
1652 1907 1684 1958 60
1703 1907 1814 1960 -abiit
1886 1909 1920 1962 07
1937 1925 2007 1962 -a
2028 1909 2194 1964 credentibus
2215 1911 2355 1966 imitandus
2373 1911 2418 1964 Vll
2436 1909 2487 1964 007

554 2025 588 2038 -
608 2003 668 2064 post
680 1999 897 2054 resurrectionem
911 2003 966 2050 erat
979 1997 1063 2062 magis
1075 2009 1136 2048 cam
1175 1997 1200 2048 in
1220 1997 1357 2060 regionem
1375 1995 1560 2062 longinquam,
1579 2009 1639 2050 cum
1653 1997 1771 2048 ascendit
1789 1997 1814 2048 in
1852 1997 1886 2054 37
1898 2007 1935 2054 -r'
1951 1997 2051 2052 Fideles
2069 2005 2216 2066 sequuntur
2227 1995 2358 2054 Christum
2370 2015 2418 2066 per
2431 1999 2487 2054 imi·

500 2085 645 2156 reverentia
665 2087 810 2158 tangendus
837 2099 885 2138 nec
911 2091 966 2138 erat
984 2099 1046 2136 curn
1064 2081 1138 2136 disci·
1175 2085 1276 2138 caelum
1297 2083 1348 2136 073
1368 2083 1401 2134 08
1421 2111 1456 2122 -
1475 2083 1599 2138 Ascendit
1617 2083 1644 2134 in
1664 2085 1764 2136 caelum
1781 2085 1815 2136 al·
1852 2077 2079 2138 0000000713οΙ
2099 2087 2131 2138 38
2143 2115 2177 2126 -
2189 2087 2310 2154 discipuli
2324 2089 2416 2144 Christi
2426 2093 2490 2144 sunt

500 2173 568 2240 pulis
596 2177 624 2224 ut
651 2173 726 2236 prius
752 2173 857 2226 vises
876 2175 910 2226 06
928 2201 965 2212 -
983 2185 1010 2224 se
1034 2169 1138 2224 exhibet
1175 2171 1305 2226 tissimum
1323 2169 1385 2224 ibid.
1459 2201 1461 2206 κ
1851 2187 1899 2238 per
1917 2173 2088 2226 imitationem
2114 2175 2167 2226 363
2188 2175 2222 2228 07
2238 2205 2276 2214 -
2293 2177 2344 2244 Qui
2362 2191 2413 2232 non
2433 2177 2489 2232 0010

499 2261 618 2314 Thomae
635 2261 798 2324 palpandum
815 2261 868 2312 606
887 2259 922 2312 67
939 2287 976 2324 f-
989 2259 1093 2312 exhibet
1111 2273 1137 2312 se
1228 2285 1263 2300 -
1282 2259 1399 2314 aseendit
1417 2259 1451 2312 ad
1469 2261 1587 2326 Patrem,
1611 2273 1672 2312 cum
1697 2261 1814 2326 aequalis
1850 2273 1911 2312 eum
1934 2259 2031 2312 imitari
2056 2275 2108 2314 nun
2133 2267 2172 2314 est
2196 2263 2252 2316 eius
2280 2265 2422 2330 discipulus
2442 2265 2485 2318 Vll

499 2347 663 2414 palpandum
680 2349 706 2400 00
732 2353 916 2414 argumentum
943 2361 1007 2402 suae
1025 2361 1139 2402 resurre·
1175 2347 1290 2402 creditur
1307 2347 1375 2402 Patri
1400 2349 1432 2408 ,vt
1460 2349 1509 2400 600
1531 2351 1573 2402 06.
1593 2347 1706 2416 60130,
1727 2349 1760 2402 06
1779 2377 1814 2386 ·-
1851 2345 1903 2402 376
1921 2347 1957 2402 66
2053 2387 2054 2390 ,

498 2435 591 2490 ationis
611 2441 635 2486 et
653 2441 757 2488 nostrae
770 2435 966 2504 glorificationis
979 2435 1022 2488 Vll
1037 2435 1134 2490 60060
1175 2437 1270 2496 dicitur
1288 2435 1431 2490 ascendere
1448 2435 1484 2490 06
1511 2437 1626 2504 Patrem,
1647 2451 1700 2489 non
1725 2449 1813 2490 seeun-
1904 2463 1939 2476 -
1958 2437 2014 2490 Non
2033 2439 2100 2490 valet
2117 2437 2237 2504 cognitio-
2250 2439 2344 2494 Christi
2362 2441 2417 2492 sine
2431 2441 2486 2492 imi·

499 2553 536 2564 —-
554 2531 613 2590 post
629 2525 849 2578 resurrectionem
868 2525 958 2578 habuit
977 2539 1073 2590 corpus
1086 2525 1138 2590 pal·
1174 2525 1239 2580 dum
1258 2525 1353 2594 situm,
1370 2525 1419 2578 sed
1435 2525 1472 2578 ad
1489 2525 1593 2592 locum,
1606 2525 1652 2578 uhi
1664 2525 1739 2578 Pater
1758 2537 1813 2576 ma·
1850 2525 1949 2586 talione,
1966 2533 1990 2580 et
2014 2539 2095 2592 opere
2120 2525 2165 2582 Vll
2193 2527 2244 2580 360
2266 2529 2298 2580 63
2318 2557 2352 2568 -
2375 2543 2489 2594 operans

499 2613 586 2680 pabile
605 2621 630 2666 et
647 2613 728 2666 simul
745 2613 840 2668 subtile
858 2613 1007 2678 6006061
1026 2641 1061 2656 0·-
1073 2609 1137 2666 600-
1175 2615 1458 2682 00000001000000000
1482 2615 1543 2668 suis
1562 2613 1687 2682 operibus
1709 2615 1754 2666 6·Ιο
1781 2613 1812 2666 36
1852 2619 1877 2666 00
1893 2615 2010 2682 exempla
2031 2615 2097 2668 dans
2120 2613 2252 2668 videndus
2280 2617 2312 2670 06
2333 2617 2487 2676 imitandum

499 2717 552 2768 pus
568 2701 664 2756 Christi
681 2709 738 2758 erat
754 2703 885 2768 palpabile
910 2717 961 2756 non
980 2717 1009 2756 ex
1029 2703 1137 2760 necessi·
1173 2731 1210 2746 .‚
1232 2705 1328 2758 dieitur
1352 2719 1366 2756 0
1396 2705 1507 2758 dexteris
1535 2705 1641 2772 sedere,
1666 2705 1692 2756 id
1721 2711 1760 2756 est
1787 2705 1812 2756 00
1850 2705 1884 2756 Vl
1904 2705 1955 2756 630
1976 2705 2007 2756 03
2027 2689 2062 2746 ἕ-
2081 2705 2233 2772 seqaendus
2259 2713 2286 2760 ut
2304 2717 2379 2772 pater
2398 2709 2442 2760 rel
2462 2713 2490 2762 ut

498 2797 564 2858 tate,
593 2791 638 2844 sed
668 2807 698 2844 ex
726 2791 837 2858 0000000,
863 2807 919 2858 qno
941 2793 1062 2845 terminat
1092 2791 1137 2846 im·
1174 2793 1320 2858 potioribus
1340 2795 1416 2848 bonis
1433 2793 1496 2848 t'br'd.
1842 2793 1975 2860 magister
1993 2795 2037 2846 Vll
2056 2793 2107 2846 060
2138 2793 2199 2846 006.
2223 2793 2271 2846 060
2295 2795 2346 2846 000
2364 2793 2490 2848 -Chri-

395 2937 397 2942 ,
498 2881 606 2946 pulsum
635 2879 696 2934 eius
723 2881 797 2948 quod
817 2886 920 2948 peterat
943 2887 1080 2946 penetrare
1104 2881 1140 2934 Vl
1227 2911 1261 2922 -
1281 2897 1405 2948 egressus
1423 2897 1436 2936 0
1457 2883 1767 2948 000000,οο,0000000000
1781 2881 1812 2936 Vl
1849 2889 1918 2936 stum
1937 2879 2067 2936 debemus
2086 2881 2161 2948 sequi
2177 2891 2302 2948 tanquam
2332 2897 2427 2938 servus,
2444 2883 2488 2936 elo·

499 2969 606 3022 60366
871 2999 875 3008 ν
1107 2995 1109 2998 ·
1174 2971 1227 3024 066
1246 2969 1281 3026 00
1298 3001 1334 3012 -
1352 2971 1378 3024 in
1398 2971 1550 3034 ascensione
1579 2971 1656 3026 rediit
1672 2973 1709 3026 ad
1725 2971 1812 3026 locum
1850 2973 1962 3038 minum,
1973 2977 2099 3040 tanquam
2111 2969 2258 3036 discipulus
2277 2971 2432 3038 magistram
2453 2971 2485 3024 Vl

553 3085 588 3096 —
606 3063 666 3122 post
682 3059 900 3112 resurrectionem
926 3059 1048 3126 apparuit
1065 3065 1137 3112 stans
1174 3075 1257 3114 suurn
1272 3059 1339 3114 sicut
1356 3063 1396 3114 sol
1424 3062 1458 3130 i3
1486 3061 1504 3114 b
1524 3089 1558 3102 ·-
1578 3061 1695 3118 ascendit
1713 3061 1738 3113 in
1759 3075 1814 3114 cae·
1850 3063 1902 3116 066
1921 3061 1956 3114 00

498 3145 528 3196 in
545 3145 767 3204 littoreaeternae
786 3147 880 3214 qnietis
909 3149 943 3200 Vl·
962 3149 1006 3200 600
1025 3147 1075 3200 06.
1096 3149 1137 3200 0111
1173 3151 1243 3212 laam,
1262 3149 1325 3216 quia
1344 3149 1378 3202 60
1397 3149 1470 3204 caelo
1487 3149 1558 3204 venit
1579 3149 1623 3202 360
1650 3149 1814 3212 iil-Chri·
1902 3179 1938 3190 —
1958 3149 2050 3206 lmitari
2066 3147 2195 3204 debemus
2207 3163 2286 3214 opera
2300 3149 2395 3206 Christi
2406 3149 2442 3202 Vl
2454 3149 2487 3202 03

499 3233 552 3284 006
571 3233 606 3284 00
622 3261 660 3272 -
677 3235 811 3300 apparitio
830 3235 925 3290 Christi
942 3235 1064 3300 exprimit
1082 3239 1138 3302 glo·
1173 3245 1215 3290 sto
1233 3239 1356 3290 convenit
1382 3239 1525 3292 ascendere
1548 3239 1696 3292 secundum
1723 3240 1813 3298 huma·
1850 3253 1875 3292 v.
1907 3237 2019 3292 16003
2048 3239 2078 3290 00
2101 3237 2241 3304 —Opera
2270 3239 2377 3292 humilia
2395 3237 2487 3292 Christi

419 3355 423 3368 .
486 3321 564 3386 ¹riam
586 3325 645 3386 post
672 3323 891 3376 resurrectionem
915 3323 1026 3376 0111030
1050 3323 1139 3376 08-
1173 3341 1236 3380 nam
1255 3329 1375 3378 naturam
1397 3327 1447 3380 033
1468 3325 1500 3378 07
1521 3323 1548 3378 3*
1568 3327 1758 3382 -600000601
1780 3327 1814 3380 de
1850 3329 1976 3380 imitanda
1997 3325 2047 3380 007
2070 3328 2100 3380 03
2120 3353 2156 3366 -
2173 3327 2306 3380 Christum
2325 3329 2420 3380 imitari
2444 3329 2488 3380 de·

499 3411 611 3476 imperat
629 3419 765 3476 capturam
780 3413 948 3478 piscium‚ut
962 3411 1083 3466 ostendat
1094 3415 1139 3468 do·
1174 3415 1246 3466 caele
1275 3413 1375 3466 ratione
1403 3419 1512 3466 naturae
1539 3413 1647 3468 divinae
1671 3417 1751 3468 relate
1780 3413 1813 3466 06
1851 3415 1947 3470 bamus
1961 3417 1983 3468 iu
1998 3413 2145 3468 actionibus
2157 3421 2181 3468 et
2195 3417 2360 3482 passionibus
2374 3419 2415 3470 Vll
2436 3417 2487 3470 376

498 3499 610 3554 minium
634 3489 714 3554 suum
740 3501 768 3554 in
792 3501 879 3554 omnia
910 3503 960 3554 106
980 3501 1013 3554 00
1032 3529 1067 3544 -
1086 3517 1137 3554 non
1174 3505 1327 3566 humanam,
1352 3503 1413 3568 quia
1442 3503 1814 3556 00000001000100000000060
1850 3505 1885 3558 66
1904 3533 1939 3542 -·
1958 3503 2098 3556 imitandus
2116 3505 2144 3556 00
2161 3507 2254 3558 ellectu
2274 3505 2433 3570 operationis
2445 3503 2490 3558 be·

497 3589 612 3644 ostendit
629 3603 659 3642 se
676 3589 764 3654 ipsum
792 3589 940 3656 discipulis,
960 3589 1007 3644 006
1026 3605 1074 3656 per
1092 3589 1138 3642 mi·
1175 3603 1282 3644 carnem
1306 3587 1368 3644 teto.
1397 3617 1432 3630 -
1460 3591 1579 3644 aseendit
1604 3591 1631 3644 in
1649 3605 1770 3660 earnem,
1787 3591 1815 3644 in
1850 3605 1908 3656 nae,
1928 3593 1956 3644 in
1973 3593 2065 3644 hahita
2090 3591 2294 3646 conversationis
2320 3599 2438 3660 sanctae,
2463 3593 2489 3644 in

499 3677 609 3732 rabilem
628 3683 766 3744 capturam
785 3679 898 3746 piscium
917 3679 1086 3746 cognescitur
1103 3679 1137 3732 Vl
1173 3691 1303 3742 crucem,
1314 3677 1349 3730 ab
1368 3677 1467 3742 interis,
1484 3681 1521 3732 ad
1538 3681 1641 3732 Patrem
1655 3679 1729 3730 6000
1748 3677 1815 3732 h-
1850 3681 1985 3732 tolerantia
2005 3679 2135 3746 passionis
2152 3677 2264 3734 acerbae
2282 3683 2334 3734 013
2352 3683 2387 3734 86
2408 3731 2412 3738 ,

500 3767 552 3820 600
581 3769 652 3820 6-
674 3765 789 3832 benigne
812 3767 907 3822 inritat
922 3767 1076 3834 discipulos
1103 3769 1138 3822 ad
1173 3767 1234 3818 lecit
1257 3767 1400 3820 circuitum
1422 3767 1607 3820 descendendo
1631 3767 1656 3818 in
1683 3767 1815 3820 mundum
1903 3797 1940 3808 -
1958 3767 2023 3820 Nulli
2041 3767 2177 3820 imitantur
2196 3767 2328 3822 Christum
2345 3769 2396 3824 nisi
2414 3769 2490 3836 qaia

497 3857 640 3924 prandium
669 3857 721 3908 603
748 3859 783 3912 00
800 3885 838 3898 ·-
856 3857 980 3910 mnniiice
1007 3855 1139 3912 distribuit
1173 3861 1201 3908 et
1218 3855 1386 3908 ascendendo
1406 3857 1439 3910 ad
1460 3857 1562 3908 Patrem
1589 3855 1632 3908 Vll
1656 3853 1709 3908 600
1726 3857 1762 3908 66
1779 3881 1816 3894 -
1850 3845 2487 3910 0000000000000000007360-1000000010-

417 3975 418 3980 1
497 3947 635 4012 discipulis
654 3943 750 4000 cibaria
770 3945 802 4000 ab.
823 3945 1083 4002 00-10000100010000
1094 3959 1138 4012 ap·
1174 3945 1271 3999 dicitur
1292 3945 1449 4010 ascendere,
1477 3943 1604 3998 obierat
1628 3943 1703 4010 prius
1726 3957 1817 3998 secun·
1850 3949 1890 3998 tas
1907 3945 2061 4012 imperfecta
2087 3945 2207 3998 imitandi
2233 3947 2382 4010 passionem
2399 3953 2441 4000 est
2461 3947 2490 3998 in

498 4035 633 4102 peritionis
653 4035 747 4106 Christi
766 4037 1020 4102 demonstratur-per
1032 4037 1137 4088 authen·
1173 4035 1237 4088 dum
1258 4033 1375 4088 divinam
1394 4039 1525 4098 naturam,
1543 4047 1595 4086 non
1613 4033 1761 4086 seeundum
1774 4045 1816 4086 ua·
1850 4033 1941 4100 nobie,
1959 4035 2006 4088 sed
2024 4039 2141 4100 potestas
2157 4035 2290 4100 completa
2302 4049 2349 4100 per
2363 4035 2490 4100 Spiritum

497 4123 580 4178 ticam
599 4121 778 4174 testimonium
796 4123 945 4188 scripturae
965 4129 989 4174 et
1009 4137 1055 4190 per
1075 4121 1137 4176 inlu·
1174 4129 1261 4176 turam
1280 4123 1442 4190 humanam,
1462 4135 1513 4176 nec
1529 4121 1602 4190 quod
1617 4121 1683 4174 inde
1701 4133 1816 4174 recesse-
1850 4121 2041 4176 sanctoniae
2063 4123 2150 4176 63-
2172 4123 2213 4178 Ad
2237 4123 2400 4192 sequendam
2419 4123 2492 4178 Chri·

498 4227 558 4266 snm
577 4213 666 4266 lumen
684 4211 866 4278 intelligentiae
885 4211 928 4264 Vll
948 4211 993 4264 600
1020 4211 1052 4266 66
1119 4253 1120 4256 ,
1173 4211 1216 4276 000,
1232 4213 1281 4264 006
1299 4211 1587 4264 secundumnaturam
1605 4211 1724 4262 divinam
1742 4211 1815 4262 clari·
1849 4217 1919 4266 stum
1941 4211 2023 4278 gratia
2040 4211 2088 4266 Dei
2106 4211 2185 4266 uobis
2202 4223 2307 4278 praesto
2330 4217 2376 4280 est,
2394 4211 2416 4264 si
2437 4225 2489 4266 nen

551 4329 590 4340 -
606 4301 635 4352 in
653 4301 844 4354 resurreetione
860 4301 979 4354 aseendit
996 4305 1056 4352 ante
1074 4313 1137 4368 nos,
1173 4299 1303 4354 beandam
1323 4307 1351 4352 ut
1369 4301 1508 4368 aequalem
1526 4299 1602 4364 Patri,
1616 4313 1677 4352 cum
1691 4299 1815 4352 incarnis
1850 4301 1917 4354 desit
1937 4301 2059 4354 voluntas
2085 4301 2131 4354 Vll
2155 4301 2206 4354 008
2226 4301 2261 4356 38
2279 4331 2316 4352 -,
2333 4301 2410 4356 Pauci
2431 4305 2491 4354 0000

501 4393 532 4442 00
548 4391 584 4442 06
601 4387 757 4454 erigendum
785 4403 834 4442 nos
854 4387 931 4444 nobis
960 4403 1069 4442 manum
1097 4403 1138 4442 ex·
1174 4389 1335 4444 assumtione
1362 4389 1497 4442 videretur
1527 4401 1586 4442 esse
1616 4387 1750 4442 humiliata
1780 4387 1814 4440 Vl
1849 4389 1995 4442 imitatores
2012 4387 2105 4442 Christi
2125 4391 2157 4442 vt
2178 4387 2265 4446 3306

502 4477 620 4532 00060000
638 4477 672 4532 06
690 4477 833 4532 trahendos
849 4483 968 4532 mortuos
985 4477 1021 4532 ab
1049 4477 1137 4532 inieris
1173 4477 1227 4532 337
1247 4475 1296 4528 003
1902 4503 1939 4520 —·
1956 4477 1998 4532 06
2015 4477 2171 4530 imitandum
2185 4475 2329 4542 Christum,
2342 4479 2423 4532 multa
2436 4491 2491 4532 me·

498 4567 534 4622 Vl
551 4567 599 4620 600
623 4565 640 4618 0
712 4559 713 4562 ’
935 4591 936 4594 ¹
1226 4565 1353 4618 -vadit
1366 4571 1425 4618 ante
1439 4579 1487 4618 nos
1505 4565 1537 4618 06
1552 4565 1599 4618 iter
1611 4563 1814 4630 expediendum,
1849 4571 1912 4620 vent
1931 4571 1956 4618 et
1982 4565 2092 4618 inritant
2121 4565 2162 4618 Vll
2186 4567 2238 4620 ,008
2267 4565 2311 4620 37.
2329 4569 2380 4620 000
2400 4565 2435 4618 00
2452 4593 2491 4606 --

551 4685 588 4696 -
605 4655 771 4708 Resurrectio
783 4655 877 4710 Christi
891 4655 1025 4720 divulgata
1037 4661 1078 4708 est
1090 4667 1138 4720 per
1173 4655 1209 4708 ad
1226 4645 1371 4720 hospitium
1391 4655 1618 4720 praeparandum,
1633 4653 1663 4706 ad
1678 4651 1812 4718 negotium
1848 4653 1970 4718 promisit
1998 4667 2025 4706 se
2054 4653 2214 4706 imitantibus
2240 4653 2429 4708 beatitudinem
2453 4655 2489 4708 Vl

502 4745 630 4812 Spiritum
657 4749 775 4798 sanctam
800 4745 892 4798 datum
918 4745 1050 4810 Apostolis
1078 4749 1138 4810 pest
1173 4741 1815 4810 ροοοιο0060000100301μ0000000010ιο
1850 4741 1901 4794 008
1922 4743 1951 4794 01
1974 4769 2009 4780 --
2027 4739 2203 4796 imitatoribus
2220 4739 2316 4796 Christi
2342 4743 2490 4796 ostenditur

499 4835 679 4888 ascensionem
700 4831 792 4886 Christi
812 4835 855 4886 Vll
875 4835 926 4886 600
946 4835 978 4886 60
991 4861 1028 4876 -
1042 4831 1152 4886 Christiv
1173 4833 1291 4886 aseendit
1317 4835 1377 4884 ante
1403 4845 1454 4884 nos
1480 4831 1516 4886 ad
1536 4829 1686 4896 hospitium
1705 4843 1816 4896 praepa·
1849 4843 1963 4896 regnum
1982 4829 2029 4882 Dei
2049 4843 2102 4896 perv
2116 4829 2235 4898 aliquam,
2257 4831 2490 4896 specialemreve·

499 4921 699 4976 resurrectionis
716 4927 793 4976 testes
820 4925 922 4976 luerunt
940 4921 1056 4988 Apostoli
1076 4919 1137 4976 ibid.
1173 4919 1286 4974 randum
1306 4921 1352 4972 601
1377 4921 1394 4974 6
1411 4949 1448 4958 -
1466 4919 1494 4972 10
1522 4919 1673 4974 0000000000
1697 4917 1815 4972 Christus
1850 4919 1971 4972 lationem
1992 4919 2019 4970 in
2038 4919 2087 4970 hae
2106 4919 2175 4988 rita,
2194 4923 2222 4972 ut
2250 4933 2340 4988 eorum
2361 4919 2490 4986 complea-

551 5039 590 5052 -
617 5025 760 5078 resurgens
788 5011 915 5078 dignitate
944 5009 1138 5078 glorificationis
1174 5009 1293 5066 000000οἰ0
1313 5009 1415 5074 primus
1436 5023 1451 5060 0
1469 5009 1575 5062 miseria
1592 5009 1621 5060 in
1639 5007 1813 5072 gloriamini
1850 5011 1893 5060 000
1910 5007 2072 5060 desiderium
2099 5007 2146 5064 Vll
2171 5009 2221 5060 000
2243 5009 2274 5060 00
2293 5035 2330 5050 -
2349 5009 2489 5060 Serrantes

499 5101 552 5154 iam
571 5105 627 5154 emt
645 5101 755 5156 idoneus
773 5101 810 5154 ire
829 5101 854 5154 00
875 5101 974 5156 caelum
990 5099 1137 5156 0060006
1174 5101 1245 5152 0-
1263 5099 1288 5152 in
1307 5099 1460 5152 ascensione
1484 5097 1627 5164 praecessit
1649 5095 1752 5150 00006
1774 5109 1815 5148 ae·
1850 5103 1999 5152 sermonem
2018 5095 2113 5150 Christi
2133 5111 2187 5150 non
2204 5097 2349 5162 gustabant
2368 5101 2490 5162 mortem,

498 5217 535 5228 —-
552 5189 579 5242 in
597 5203 646 5242 sua
663 5189 857 5246 resurrectione
872 5189 1011 5244 mundum·
1023 5189 1138 5244 deseruit
1174 5195 1248 5242 terna
1267 5187 1319 5240 300
1338 5189 1373 5240 33
1392 5185 1449 5256 (30)
1850 5187 1898 5240 006
1916 5185 2063 5240 transibunt
2079 5185 2115 5240 ad
2138 5187 2221 5240 vitam
2244 5185 2307 5242 1606.
2324 5213 2361 5224 -
2378 5199 2490 5252 sequen·

407 5329 409 5332 .
494 5283 527 5330 et
542 5279 577 5330 ad
595 5279 698 5336 Patrem
715 5279 831 5338 ascendit
842 5279 895 5332 066
914 5279 958 5334 00.
977 5281 1030 5334 600
1049 5281 1065 5332 0
1226 5307 1264 5318 -
1280 5279 1426 5330 ascendens
1444 5291 1522 5330 ovem
1541 5277 1677 5330 inventam
1690 5281 1776 5342 portat
1787 5275 1814 5328 00
1850 5283 1937 5330 00000
1957 5259 2052 5342 sanat,
2071 5275 2175 5330 instruit
2200 5279 2226 5328 00
2244 5277 2326 5330 reiicit
2345 5275 2453 5330 011686,
2474 5277 2490 5330 0

552 5369 724 5422 —sarbtraxit
736 5369 910 5434 praesentiam
924 5383 1000 5422 suam
1016 5369 1040 5420 in
1052 5381 1139 5422 aseen-
1174 5369 1285 5422 domum
1304 5371 1330 5420 et
1347 5371 1476 5420 convocat
1494 5367 1608 5432 angelos
1628 5365 1660 5420 06
1681 5365 1815 5422 concordi·
1850 5395 1887 5406 --
1904 5363 2079 5432 Sequentibus
2100 5365 2412 5432 Dominurnpromittitur
2430 5363 2491 5420 sub·

499 5453 571 5508 sione
597 5455 642 5508 Vll
665 5455 717 5508 073
737 5457 771 5510 03
790 5487 825 5496 -
842 5459 951 5510 recessit
974 5459 1004 5511 in
1026 5471 1137 5510 ascensu
1172 5463 1212 5510 ter
1231 5455 1404 5522 gaudendum
1424 5463 1533 5522 propter
1547 5457 1656 5510 salutern
1676 5455 1815 5508 hominum
1851 5455 1947 5508 limitas
1959 5453 2491 5520 honeris,possessiolrereditatis,lamen

500 5543 534 5596 ad
563 5543 663 5594 Patrem
683 5549 715 5616 Ι00
738 5545 818 5600 rediit
842 5545 870 5598 in
894 5545 1010 5598 adventu
1028 5545 1084 5598 eius
1103 5547 1137 5598 ad
1174 5547 1218 5598 Vll
1239 5545 1290 5598 386
1313 5545 1399 5604 13-
1418 5543 1536 5598 Christus
1556 5543 1816 5608 inescensionespo·
1851 5543 2018 5598 iucunditatis
2038 5549 2064 5596 et
2081 5543 2208 5598 securitas
2227 5543 2383 5598 aeternitatis
2399 5541 2436 5596 00.
2456 5543 2490 5596 00

499 5631 1023 5700 6000000000000000006000001000000οἸ
1037 5633 1089 5686 060
1103 5633 1137 5686 07
1175 5633 1248 5688 100000
1274 5633 1410 5686 diabolum
1431 5633 1481 5684 003
1508 5633 1541 5686 60
1561 5659 1596 5674 ·-
1614 5645 1660 5698 per
1689 5631 1815 5684 ascensio·
1905 5659 1941 5672 ·-
1964 5631 2045 5700 Sequi
2068 5633 2209 5686 Dominam
2239 5631 2263 5686 in
2293 5631 2423 5698 praesenti
2449 5639 2491 5686 est

552 5717 810 5786 -quadragesima
829 5721 872 5774 die
890 5727 950 5786 post
971 5721 1139 5774 resurrectio·
1175 5735 1235 5774 nem
1256 5719 1397 5778 Ecclesiam
1416 5721 1551 5774 ordinarit
1568 5721 1594 5774 in
1614 5719 1668 5774 suis
1688 5719 1815 5786 gradibus
1851 5723 2025 5776 honorificum
2045 5727 2070 5774 ct
2088 5729 2175 5774 tutum
2192 5735 2207 5774 a
2227 5723 2373 5786 perditione
2384 5729 2410 5774 et
2429 5735 2492 5786 pro·

500 5821 562 5862 nem
581 5807 697 5860 ascendit
714 5807 741 5858 in
759 5811 858 5862 eaelum
879 5809 920 5862 0111
935 5809 989 5862 603-
1001 5811 1042 5870 63,
1056 5807 1139 5860 di·-
1175 5807 1455 5864 60360-60000010
1464 5807 1559 5862 Christi
1572 5807 1664 5862 liberat
1677 5807 1710 5860 ab
1724 5823 1815 5862 amore
1851 5811 1950 5862 ficetum
1965 5809 2003 5864 ,010
2021 5807 2073 5862 636
2092 5811 2109 5862 0
2126 5837 2163 5848 -
2183 5809 2261 5876 Sequi
2286 5809 2417 5872 Christum
2442 5823 2492 5876 per
2576 5819 2580 5828 '

499 5897 698 5950 0000000οἰ000
723 5897 796 5948 veuit
824 5897 849 5948 in
873 5897 983 5948 domum
1009 5909 1139 5960 supernae
1175 5903 1349 5958 terrenorum,
1368 5897 1539 5948 illuminando
1553 5897 1587 5950 06
1600 5895 1815 5948 desideriumae·
1852 5899 2032 5962 paupertatem
2052 5903 2091 5948 est
2110 5897 2186 5950 raldc
2198 5891 2361 5962 honorabile,
2378 5897 2436 5954 licet
2453 5897 2500 5960 vi·¹

500 5987 640 6040 lerusalem
668 5985 720 6038 336
740 5985 772 6038 03
791 6011 828 6026 -
845 5985 962 6038 ascendit
990 5985 1023 6038 de
1049 5989 1139 6038 monte
1175 5989 1311 6036 teramum
1330 5981 1363 6036 011
1383 5983 1488 6034 30083
1508 5983 1565 6050 (80)
1851 5985 2013 6038 6001000010
2033 5985 2146 6040 Vll-228,
2167 5985 2199 6044 38
2211 5985 2406 6038 -01000000000
2418 5983 2493 6040 Chri·

500 6075 663 6130 0100000030
684 6073 726 6128 60.
749 6073 798 6128 000
818 6071 863 6128 66.
881 6071 933 6126 666
952 6071 981 6124 61
1205 6113 1206 6116 ,
1228 6099 1264 6108 -
1291 6075 1352 6134 post
1379 6069 1560 6124 ascensionem
1588 6071 1659 6122 misit
1687 6067 1815 6138 Spiritum
1851 6077 1891 6124 sto
1910 6071 2348 6142 estmaximehonoriheuunquia
2367 6073 2492 6128 deservo

529 6193 589 6206 .-
606 6163 724 6218 ascendit
743 6161 768 6218 in
786 6163 888 6216 caelum
906 6161 1023 6228 primurn
1047 6167 1074 6216 et
1090 6175 1139 6226 per
1176 6157 1295 6214 0000οι00
1315 6159 1357 6212 Vll
1377 6157 1430 6212 330
1448 6155 1535 6212 80(-
1555 6161 1580 6212 10
1597 6173 1701 6212 0000000
1721 6159 1814 6214 Christi
1851 6161 1881 6212 ht
1898 6161 1968 6214 illius
1987 6159 2019 6214 Vl
2040 6159 2091 6212 003
2111 6161 2142 6212 33
2164 6187 2198 6208 —·
2216 6161 2299 6214 Nemo
2311 6167 2401 6226 potest
2413 6161 2492 6214 simul
2546 6215 2547 6218 ,

498 6269 543 6316 00,
563 6253 714 6320 etpropria
732 6253 829 6308 virtute
845 6253 978 6318 elevatus,
992 6265 1042 6302 non
1057 6257 1140 6304 trans-
1175 6249 1299 6314 impletur
1314 6245 1457 6312 promissio
1478 6247 1589 6312 Spiritus
1607 6247 1689 6302 sancti
1708 6249 1743 6302 Vl
1763 6247 1815 6302 063
1853 6249 1952 6302 servire
1970 6245 2072 6302 Christe
2092 6253 2118 6300 et
2135 6247 2241 6302 diabolo
2260 6250 2304 6301 Vll
2323 6249 2374 6304 000
2394 6251 2424 6302 00

501 6339 789 6394 latus-velsubrcctus
809 6339 841 6392 Vl
862 6339 912 6392 630
933 6341 948 6392 0
967 6339 987 6392 h.
1004 6353 1139 6392 ⁴···ascen·
1178 6337 1209 6390 03
1230 6363 1265 6374 -
1283 6335 1332 6386 Per
1359 6335 1659 6388 ascensionemChristi
1682 6335 1759 6388 datus
1776 6345 1816 6386 est
1904 6363 1941 6380 -
1957 6335 2067 6388 Animae
2091 6335 2179 6390 tidelis
2206 6335 2336 6394 meritum¹
2359 6341 2397 6390 est
2416 6321 2491 6404 sequi

502 6429 540 6482 dit
559 6443 606 6494 per
626 6429 750 6482 virtutem
774 6428 823 6482 361
855 6429 888 6482 33
907 6441 945 6466 ·-
960 6425 1093 6482 serebatur
1111 6429 1139 6482 in
1177 6425 1254 6492 plene
1270 6423 1384 6488 Spiritus
1411 6429 1515 6478 sauctus
1532 6425 1578 6476 0111
1598 6424 1631 6477 00
1652 6425 1685 6476 00
1702 6449 1740 6472 0-
1762 6437 1815 6476 000
1853 6425 1985 6480 Christum
2008 6425 2044 6478 Vl
2070 6423 2122 6476 633
2153 6425 2163 6476 0
2186 6425 2319 6494 -Sequi
2349 6425 2490 6490 Dominum

500 6517 603 6572 caelum
623 6515 718 6572 0000000
737 6517 858 6584 propria,
878 6517 1008 6572 serviente
1019 6509 1144 6572 ereatura
1176 6511 1287 6568 decebat
1306 6511 1398 6566 dotare
1416 6527 1479 6566 suos
1498 6513 1653 6578 servitores,
1673 6517 1814 6580 essequam
1853 6513 1980 6570 imitando
2006 6511 2149 6582 requiritur
2176 6513 2210 6566 06
2231 6515 2424 6590 perlectionem
2446 6515 2491 6568 Vll

482 6629 489 6636 ¹·
502 6611 555 6658 tam
575 6605 701 6670 spirituali
719 6619 801 6672 quam
821 6607 949 6670 corporali
968 6605 1014 6660 Vll
1032 6607 1084 6658 603
1104 6603 1144 6660 et
1167 6607 1317 6670 appareret
1333 6601 1468 6668 gloriosus.
1483 6603 1516 6656 Vl
1537 6603 1587 6656 060
1608 6601 1641 6654 00
1847 6601 1905 6656 063
1925 6603 1952 6658 01
2097 6665 2099 6668 ,
2432 6667 2452 6674 „

500 6721 536 6735 -
555 6695 628 6746 solos
645 6701 730 6758 potest
749 6695 890 6748 ascendere
918 6695 945 6748 in
960 6695 1065 6748 ‘caelum
1091 6709 1140 6762 per
1229 6717 1266 6732 -·
1283 6691 1328 6744 dat
1357 6689 1483 6758 Spiritum
1505 6694 1625 6746 sanctum
1648 6691 1683 6745 Vl
1709 6693 1761 6744 000
1781 6691 1815 6742 03
1890 6689 2092 6760 &Christum
2111 6689 2241 6746 debemus
2258 6691 2350 6760 sequi,
2369 6697 2398 6746 ut
2411 6693 2496 6760 pessi·
2546 6697 2547 6700 ’

497 6797 543 6852 se,
563 6789 588 6836 et
605 6797 699 6836 omnes
714 6785 853 6850 perillum
872 6785 904 6838 vt
919 6781 969 6840 080
984 6785 1026 6840 03.
1040 6785 1090 6840 033
1106 6785 1139 6840 07
1177 6809 1212 6824 -
1231 6779 1398 6836 credentibus
1425 6781 1452 6836 in
1477 6793 1505 6836 se
1523 6779 1661 6848 ··premittit
1688 6779 1814 6848 Spiritum
1853 6781 1936 6836 simus
1964 6781 2090 6850 consequi
2118 6779 2233 6842 011066
2251 6781 2286 6834 00
2303 6809 2340 6830 -
2358 6781 2497 6852 Christum.
