5916 8276
671 835 736 890 888
1067 753 1104 818 IN
1067 751 1422 824 leOthENTARlOS
1445 757 1476 824 S.
1500 757 1728 828 sctitPTtlltlt
2045 851 2117 908 Boii
2341 761 2405 830 678

401 975 403 980 ¹
436 951 473 962 -
491 927 531 974 est
548 923 806 978 communicativum
827 925 870 978 044
884 923 937 978 487
951 923 1035 980 34-
1079 953 1099 956 -3
1127 955 1162 968 -·
1181 929 1324 994 spiritualia
1352 935 1552 1000 multiplicanda
1577 941 1639 990 sunt
1656 935 1721 992 libe·
1756 937 2407 1014 03303333303333033303333333304103

386 1017 428 1068 est
444 1011 602 1066 dilihsivum
620 1013 662 1068 sui
683 1013 715 1064 Vl
730 1013 789 1066 084
808 1027 836 1066 3.
857 1013 873 1064 0
976 1039 977 1044 ¹
1073 1015 1122 1066 rall
1141 1015 1326 1072 distributione
1343 1019 1388 1074 Vll
1409 1021 1460 1078 877
1480 1025 1562 1076 l8-
1572 1025 1719 1082 Fideliusu
1757 1033 1812 1082 stus
1832 1029 1895 1082 dicit
1913 1031 2139 1084 contemnendum
2159 1029 2212 1084 600
2228 1019 2289 1082 74

426 1107 524 1154 ·-334
536 1099 812 1172 primumeppctihile
827 1103 867 1154 04
876 1102 975 1154 34-
939 1117 1036 1176 -ge
1067 1109 1100 1156 et
1109 1103 1307 1168 dispensatione
1319 1107 1637 1178 honorumspmtuatmm
1649 1125 1719 1170 com·
1808 1143 1846 1156 -
1862 1115 1972 1172 aeterne
1996 1121 2067 1174 suni
2085 1119 2166 1172 muita
2192 1125 2219 1172 et
2246 1119 2304 1172 sine
2330 1121 2403 1172 omni

382 1197 459 1246 neret
467 1205 586 1254 amorem
597 1193 655 1246 sive
665 1193 814 1258 appetitum
823 1189 1035 1248 thid.·-8mnia
1070 1191 1385 1262 ,missorum2aequiritur
1409 1213 1523 1266 regnum
1547 1203 1595 1256 030
1613 1201 1718 1256 47847
1756 1207 1928 1272 corruptione
1955 1205 2000 1260 Vii
2030 1207 2082 1260 403
2103 1207 2136 1260 ip
2156 1223 2201 1248 ..¹
2219 1213 2323 1262 33333,
2342 1215 2405 1262 guni

381 1279 630 1352 0000033οο00
646 1283 664 1334 7
683 1295 711 1352 q·
731 1283 747 1334 8
767 1295 825 1348 arg-¹
845 1283 871 1334 3¹
897 1283 949 1334 004
973 1281 1036 1344 3334
1070 1307 1109 1322 ¹-
1122 1281 1319 1340 manifestanda
1338 1285 1372 1340 ad
1385 1287 1595 1346 aedificationem
1607 1291 1719 1346 aliorum
1757 1273 1902 1362 sublimia,
1914 1295 2070 1362 temporalia
2086 1311 2153 1352 vero
2177 1297 2268 1350 intima
2291 1303 2355 1358 sunt
2378 1301 2404 1352 30

381 1401 418 1412 -
437 1371 531 1436 Omne,
550 1373 626 1440 quod
644 1377 693 1436 est,
713 1373 747 1426 ad
761 1371 963 1426 honumtendit
983 1373 1035 1426 447
1074 1369 1109 1422 08
1130 1371 1182 1422 400
1201 1385 1311 1426 -non
1329 1377 1721 1442 suntretieeudasedannun·
1752 1389 1941 1438 momentanea
1962 1387 1997 1438 ‘Vl
2027 1385 2073 1438 440
2096 1385 2170 1438 7-
2189 1387 2299 1440 Dextera
2327 1391 2354 1440 et
2372 1385 2405 1438 si·

380 1475 409 1514 ·.v
417 1463 525 1524 43
549 1469 576 1516 30
603 1463 663 1514 0303
692 1463 770 1516 idem
792 1463 844 1514 Vll
868 1461 915 1514 460
947 1463 981 1514 37
998 1489 1037 1504 -
1073 1459 1164 1512 tianda
1184 1459 1237 1520 406
1256 1461 1346 1514 60-
1310 1463 1509 1528 ——spiritualia
1527 1481 1581 1520 non
1599 1475 1661 1522 sunt
1677 1469 1721 1522 ah·
1758 1471 1838 1526 nistra
1856 1473 1922 1526 dant
1939 1471 2166 1540 intelligerebcn'a
2180 1455 2286 1538 aeterna
2300 1481 2325 1528 et
2339 1481 2403 1528 tem·

383 1551 492 1604 Bonitas
514 1551 546 1602 io
576 1551 662 1604 rebus
693 1551 830 1616 diligenda
855 1555 903 1604 est
933 1551 968 1606 Vl
1001 1551 1030 1606 30
1071 1547 1230 1602 scandenda
1250 1547 1303 1608 477
1325 1551 1722 1622 t8-extenorasuntquas1
1753 1561 1958 1624 popitanae.
1979 1565 1995 1616 8
2377 1577 2378 1580 ¹

382 1655 411 1694 v.
439 1641 519 1692 8·-
547 1653 684 1694 summum
714 1641 802 1700 nullus
829 1643 935 1710 potest
947 1641 1037 1696 odisse
1073 1637 1185 1706 quidam
1216 1639 1284 1692 rami
1313 1639 1348 1694 Vl
1369 1641 1420 1694 033
1440 1657 1467 1700 v.
1487 1643 1567 1694 4-
1594 1643 1753 1700 Dominus
1811 1675 1847 1688 --
1864 1649 1979 1706 Cornelis
1996 1667 2113 1720 ponqog
2114 1653 2280 1714 nosciipopa
2294 1661 2402 1708 aeterna

383 1729 436 1784 466
457 1731 472 1780 8
491 1753 527 1768 ·-·-
546 1727 668 1796 diligitur
694 1743 743 1796 per
762 1729 899 1784 caritatem
915 1729 961 1788 ¹Vll
983 1729 1035 1784 400
1073 1741 1135 1780 333
1145 1727 1317 1794 reprehendit
1336 1727 1482 1786 honitatem
1506 1739 1678 1798 apparentem
1698 1741 1724 1790 et
1760 1739 1800 1790 Vl
1812 1723 1845 1790 38
1865 1753 1892 1790 v
1910 1741 1995 1792 88-
2007 1745 2112 1802 aeterna
2131 1757 2185 1798 non
2204 1749 2402 1808 cognoscuntur

383 1821 417 1874 88
437 1849 473 1858 -
491 1817 595 1876 minora
614 1833 665 1886 pro
683 1817 832 1874 maioribus
851 1821 1035 1886 postponenda
1070 1817 1242 1880 evidentem,
1270 1817 1317 1872 sed
1346 1819 1528 1886 sophisticam·
1543 1827 1574 1874 34
1601 1835 1654 1894 333
1672 1823 1725 1878 exi·
1760 1825 1863 1882 303430
1881 1841 1912 1880 33
1925 1829 1982 1896 ,qui
1995 1829 2114 1886 elevatur
2132 1833 2167 1886 ad
2186 1831 2331 1898 spiritualia
2344 1847 2406 1886 con·

379 1913 444 1964 suni
469 1909 522 1978 250
542 1907 594 1962 403
618 1939 654 1948 ¹-
673 1911 753 1976 piare
777 1907 954 1974 paucioribus
972 1915 1037 1968 sunt
1075 1911 1189 1960 stentem
1220 1907 1262 1960 Vll
1283 1907 1335 1962 306
1356 1909 1389 1962 88
1409 1911 1550 1968 -Homo
1572 1925 1626 1964 non
1645 1911 1725 1968 debet
1760 1917 1911 1982 temptanda
1923 1915 1986 1970 0000.
2000 1919 2050 1970 070
2063 1933 2091 1972 v.
2105 1921 2403 1988 t8-hetema,quae

381 1997 470 2066 magis
484 1997 609 2064 eligenda
630 1999 663 2054 Vl
681 1999 718 2068 88
737 2013 765 2052 v.
784 1999 800 2052 6
819 2027 855 2038 -
874 1999 942 2052 44030
960 2013 1036 2066 3333-
1073 2009 1132 2050 esse
1151 2009 1253 2064 pronus
1272 1999 1389 2052 credere¹
1401 1999 1436 2054 de
1448 2015 1478 2054 33
1490 1999 1562 2054 0333
1576 2001 1609 2054 00
1624 1999 1677 2054 467
1690 2001 1723 2054 84
1760 2017 1815 2056 non
1828 2003 1965 2068 videntur,
1982 2011 2043 2058 sunt
2054 2011 2258 2076 contemplanda
2270 2011 2304 2064 88
2319 2025 2345 2064 v.
2360 2011 2403 2064 88.

383 2087 524 2144 ferendum
543 2093 584 2142 ost
601 2087 643 2142 alii
663 2087 839 2152 ratione-sui,
859 2089 987 2156 quodde
1006 2101 1037 2144 se
1113 2113 1164 2126 ··-
1186 2087 1259 2140 Licet
1286 2087 1358 2144 0333
1385 2103 1482 2156 magna
1511 2105 1564 2144 non
1587 2089 1724 2156 ostendat,
1762 2093 1806 2144 Vll
1826 2093 1878 2144 8l7
1901 2093 1935 2144 44
1955 2121 1989 2132 -·
2007 2093 2118 2150 4303333
2141 2099 2280 2152 aestimare
2304 2105 2343 2152 est
2363 2113 2404 2152 sa-

382 2177 447 2234 dicit
466 2179 526 2246 plus
544 2179 579 2234 03
597 2177 669 2234 0333
689 2179 724 2234 60
743 2177 801 2246 q.l
876 2191 897 2212 ¹·
956 2221 976 2224 ¹¹
1073 2183 1164 2228 tamen
1182 2189 1281 2242 magna
1308 2185 1428 2232 reservat
1456 2179 1531 2252 iustis
1554 2179 1599 2233 Vll
1619 2177 1719 2234 40464
1762 2181 1890 2246 pientiae,
1909 2189 2078 2236 contemnere
2096 2187 2216 2240 stultitiae
2233 2189 2268 2240 Vl
2286 2189 2320 2240 88
2340 2189 2402 2240 u.8

380 2311 385 2318 .
410 2283 413 2288 ·
435 2295 472 2308 ·-
490 2269 590 2324 Omnes
608 2273 747 2324 creaturae
772 2267 885 2324 tendunt
905 2269 939 2322 ad
965 2285 1051 2342 sum·¹
1072 2291 1110 2306 -·
1128 2265 1218 2318 omnia
1246 2271 1308 2320 sunt
1336 2267 1479 2336 iustorum,¹
1506 2269 1549 2322 vel
1574 2269 1600 2324 in
1619 2283 1663 2334 re,
1682 2271 1725 2324 vel
1761 2289 1797 2310 ⁴-
1816 2271 1953 2336 sapientes
1971 2271 2088 2336 cogitant
2105 2279 2130 2326 et
2148 2277 2258 2340 eupiunt
2275 2275 2344 2330 bona
2364 2291 2404 2330 33·

381 2375 457 2416 mum
477 2359 579 2414 033033
598 2373 654 2414 333
666 2359 749 2414 modo
769 2361 803 2412 Vl
818 2359 848 2418 ¹8·
857 2373 885 2428 q.
905 2361 921 2414 8
941 2359 1035 2426 arpa
1073 2353 1250 2420 inspeciem
1269 2357 1413 2412 -omnia
1437 2371 1485 2432 per
1505 2357 1725 2420 caritatisbene-
1762 2365 1850 2426 terna,
1868 2367 1896 2414 et
1912 2363 1983 2420 stulti
1999 2365 2157 2430 ¹temporalia
2175 2365 2208 2418 88
2227 2381 2256 2426 3.,
2273 2367 2289 2418 4

381 2477 417 2508 «¹—
431 2449 540 2504 uuicum
554 2455 732 2510 etsummum
752 2447 915 2520 indivisibile
926 2455 981 2516 est,
1001 2451 1036 2504 in·
1073 2445 1218 2500 volentiam
1237 2447 1448 2508 sunt-iustorum
1468 2447 1515 2502 404
1540 2449 1570 2504 00
1594 2477 1629 2486 -
1648 2463 1725 2516 supe·
1763 2493 1772 2510 ,
1815 2451 1919 2506 -Per
1941 2451 2104 2510 desiderium
2129 2459 2297 2508 aeternorum
2321 2453 2406 2510 tidelis

383 2539 547 2594 tendendum
567 2539 645 2594 oculo
663 2537 779 2606 simplici
799 2539 843 2594 Vll
863 2537 927 2592 887⁴
944 2539 987 2604 78¹
1000 2537 1052 2580 -‘
1073 2535 1143 2588 34333
1161 2541 1230 2598 sunt
1242 2535 1295 2590 viri
1313 2535 1383 2596 iusti¹
1394 2537 1430 2598 30
1448 2539 1606 2606 fruendum,
1630 2551 1727 2606 aequa·
1763 2539 1890 2606 pertingit
1901 2541 1937 2600 ad
1949 2541 2052 2594 caelum
2068 2543 2115 2598 Vll
2135 2543 2188 2596 347
2207 2543 2236 2596 40
2253 2549 2407 2602 -aeterna

381 2629 461 2684 Solus
473 2633 562 2702 tectus
574 2627 674 2698 estqui
687 2627 772 2682 tendit
784 2627 1034 2684 adsummumhc-
1073 2625 1391 2700 liaadcoadiuvandum,
1405 2627 1575 2688 interioraad
1594 2629 1724 2684 utendum
1762 2629 1861 2684 iaciunt
1879 2627 1987 2684 beatum
2003 2631 2041 2684 Vt
2061 2631 2076 2684 3
2097 2633 2107 2684 4
2126 2661 2162 2672 -
2175 2631 2286 2686 heterna
2303 2631 2407 2686 deside·

381 2733 447 2784 num
466 2717 529 2774 4000.
548 2747 585 2760 --
602 2719 710 2774 Bonitas
728 2733 778 2786 per
801 2717 951 2774 essentiam
974 2719 1035 2774 lacit
1073 2721 1100 2768 et
1117 2715 1386 2782 0334333033404
1406 2717 1449 2772 60,
1537 2743 1538 2746 ¹
1712 2733 1713 2736 ¹
1761 2719 1845 2774 33303
1865 2721 1986 2786 exemplo
2006 2717 2101 2780 Christi
2120 2723 2173 2778 388
2193 2723 2237 2774 83.
2249 2721 2295 2774 040
2306 2719 2358 2774 380
2372 2721 2406 2774 66

370 2807 475 2864 033033
493 2807 624 2870 3003333
643 2809 701 2866 lot
716 2809 749 2864 37
763 2835 807 2862 ·-.
824 2809 1034 2876 paramentum
1127 2833 1163 2846 —
1181 2807 1415 2874 aequejeveniunt
1443 2807 1566 2868 4334330
1583 2809 1724 2876 peccatori
1762 2835 1799 2850 -
1816 2809 1947 2870 0330333
1966 2811 2160 2864 contemnenda
2172 2815 2199 2864 30
2216 2815 2322 2864 aeterua
2341 2809 2408 2864 desi-

381 2903 422 2954 330
449 2901 635 2976 quaerendum
663 2899 732 2954 sicut
759 2899 829 2954 linis
853 2899 942 2954 omnis
970 2899 1035 2958 boui
1073 2897 1108 2950 Vl
1126 2893 1156 2948 74
1181 2911 1209 2950 3.
1227 2897 1302 2950 8-
1320 2897 1452 2954 Dominus
1469 2903 1507 2954 tot
1525 2903 1552 2952 et
1570 2903 1641 2954 tanta
1654 2899 1724 2954 hona
1762 2899 1879 2954 deranda
1892 2899 2014 2966 exemplo
2027 2897 2124 2954 Christi
2139 2899 2304 2966 3333333303
2311 2899 2345 2954 04
2355 2899 2407 2952 640

380 2987 629 3052 4000-0334343
647 2991 705 3044 solo
724 2989 784 3050 033Ι
799 2993 840 3044 est
858 2987 974 3044 4000.-
986 2991 1035 3044 Bo·
1073 2987 1134 3048 iacit
1149 2987 1230 3050 malis
1248 2987 1317 3042 sicut
1336 2987 1414 3044 03343
1433 2987 1514 3058 733.
1535 2987 1657 3048 43*·-
1658 2991 1725 3050 Do·
1762 2991 1827 3044 4-·
1841 2991 2043 3044 perseveranter
2054 2987 2220 3044 tendendum
2233 2989 2268 3044 ad
2280 2987 2351 3044 hona
2366 3001 2409 3042 33·

380 3091 545 3134 3333333333
568 3079 689 3140 ordinari
706 3079 789 3136 03030
806 3077 914 3134 abono
928 3095 1034 3148 peres
1073 3077 1161 3132 miuus
1179 3075 1251 3130 hona
1271 3077 1340 3134 lecit
1350 3085 1461 3146 propter
1480 3077 1568 3138 houos
1586 3077 1621 3134 88
1640 3093 1669 3134 v.
1680 3081 1725 3136 46
1762 3085 1834 3138 terna
1855 3079 1899 3134 Vll
1919 3077 1971 3134 444
1991 3077 2079 3134 64-
2045 3079 2149 3148 -Qui
2168 3079 2225 3134 3300
2243 3077 2409 3134 aeternaliter

379 3169 491 3224 sentiam
502 3173 528 3224 30
546 3171 696 3228 secundum
715 3169 830 3226 4003030
837 3171 878 3224 30
885 3169 960 3236 30030
972 3171 1034 3226 alio·
1049 3193 1107 3218 ¹-
1126 3167 1154 3222 03
1172 3167 1306 3234 praesenti
1325 3167 1379 3224 vita
1409 3169 1490 3224 mala
1507 3167 1584 3230 lionis
1605 3173 1634 3224 30
1652 3167 1723 3226 bona
1760 3181 1870 3224 mertare
1887 3173 2007 3238 oportet,
2030 3169 2106 3236 quod
2129 3157 2338 3236 intransitoriis
2355 3181 2408 3222 333

380 3261 447 3330 quin
466 3259 563 3314 desinit
581 3275 641 3318 esse
666 3259 769 3314 honum
787 3257 906 3316 4040.·-
869 3275 987 3336 -per
991 3275 1033 3324 es-
1071 3257 1154 3316 malis
1171 3257 1332 3324 3334433330
1359 3259 1441 3328 88q.
1468 3261 1484 3314 8
1514 3261 1533 3314 4.
1551 3257 1623 3314 i·-
1641 3259 1724 3316 Bonis
1760 3263 1900 3330 moretur,-
1910 3257 1959 3314 sed
1970 3273 2016 3318 aa
2027 3257 2177 3314 deserendo
2193 3263 2307 3314 transeat
2319 3257 2354 3314 30
2366 3269 2407 3312 33

380 3351 493 3406 sentiam
512 3351 598 3414 solum
618 3355 658 3408 est
685 3349 894 3424 desiderandum
913 3347 1032 3410 ibt'd.-·-¹
1070 3347 1137 3402 mah
1157 3347 1306 3404 succedunt
1324 3353 1353 3404 et
1364 3347 1523 3408 malisbona
1543 3349 1619 3404 88r.
1629 3347 1722 3404 tl-
1758 3355 1830 3406 terna
1851 3347 1905 3406 887
1923 3347 2012 3406 88
1979 3349 2090 3418 -Qoi
2102 3335 2163 3406 ruit
2173 3361 2235 3404 esse
2253 3347 2409 3404 03303303-

380 3443 402 3496 ll
422 3455 528 3496 summo
548 3439 620 3496 bono
639 3439 732 3508 incipit
749 3421 870 3496 doctrina
884 3453 1001 3506 morum
1005 3445 1032 3500 at
1068 3435 1146 3494 03433
1165 3437 1294 3492 estmalis
1307 3437 1416 3494 evenire
1429 3437 1500 3494 hona
1513 3445 1540 3518 et
1552 3437 1630 3494 honis
1642 3438 1720 3508 mala,
1757 3437 1803 3494 het
1830 3439 1917 3494 030333
1946 3427 2015 3494 hona
2043 3437 2156 3506 diligere
2183 3443 2208 3494 ct
2235 3443 2407 3494 contemnere

380 3531 461 3588 totius
478 3531 663 3600 philosophiae
682 3531 789 3596 moralis
809 3529 864 3592 tot
883 3529 1031 3602 87-Qoi
1069 3541 1151 3596 quarn
1180 3527 1247 3596 ipsis
1274 3527 1506 3584 3303333333433
1534 3527 1569 3584 73
1594 3545 1628 3598 q,
1647 3527 1664 3584 3
1684 3557 1720 3570 --
1757 3527 1905 3600 praesentia
1934 3527 1967 3584 Vl
1995 3529 2011 3582 8
2042 3527 2052 3580 l
2081 3557 2118 3572 -·
2143 3527 2183 3590 Ad
2213 3527 2406 3584 beatitudinem

379 3627 453 3676 amat
464 3619 567 3674 bonum
581 3617 772 3676 commutabile
785 3635 867 3688 supra
881 3621 1032 3676 433303333-
1069 3617 1143 3672 ltlalis
1161 3617 1232 3672 hona
1252 3619 1396 3686 provenire
1407 3619 1515 3674 videtur
1529 3619 1668 3686 indiguum
1683 3619 1718 3674 00
1756 3617 1953 3690 acquirendam
1966 3631 2076 3676 necesse
2094 3625 2148 3686 est,
2166 3625 2272 3674 aeterna
2286 3617 2361 3686 diligi
2381 3625 2408 3674 et

380 3711 562 3778 tabilediligit
580 3711 746 3782 iniquitatem
767 3711 820 3768 446
839 3711 893 3768 66Ι
984 3761 985 3764 ,
1069 3723 1101 3762 ru
1117 3707 1151 3762 44
1165 3737 1205 3750 ¹—
1223 3707 1289 3762 Boni
1307 3721 1323 3762 a
1338 3707 1428 3764 malis
1455 3719 1572 3776 possent
1588 3707 1719 3776 discerni,
1756 3705 1906 3776 praesentia
1919 3707 2019 3776 despici
2033 3713 2060 3762 30
2071 3707 2162 3764 debite
2174 3707 2327 3764 conversari
2342 3707 2358 3760 8
2373 3709 2406 3762 l8

434 3831 472 3842 -
494 3815 591 3856 vertam
617 3803 713 3862 dicitur
737 3801 810 3858 illud
825 3801 912 3872 quod
925 3817 1033 3872 semper
1070 3799 1092 3852 si
1111 3797 1192 3854 bonis
1205 3797 1353 3856 evenirent
1362 3797 1430 3854 mala
1450 3803 1476 3854 et
1499 3799 1575 3854 molis
1594 3797 1664 3854 bona
1683 3799 1718 3856 73
1754 3825 1796 3840 -
1804 3805 1909 3854 aeterna
1923 3799 2100 3866 exspectanda
2114 3803 2176 3854 suut
2183 3797 2351 3866 ‚spiritualia
2365 3811 2406 3852 ex·
2420 3835 2423 3846 ¹¹

381 3901 481 3954 manet
491 3893 534 3956 Vll
554 3891 616 3952 400
627 3893 716 3946 48-
734 3905 831 3946 verum
850 3895 891 3946 est
908 3893 956 3946 Dei
975 3907 1034 3962 gra-
1070 3905 1098 3958 q
1118 3889 1168 3942 3
1295 3927 1306 3936 ¹¹
1707 3889 1884 3972 perieuda
1903 3889 2048 3944 66683·
2066 3887 2196 3944 felicitatis
2214 3893 2338 3944 aeternae
2363 3901 2407 3940 ac-

381 3983 464 4038 04330
475 3981 581 4050 gloria,
600 3983 663 4038 vel
671 3983 761 4050 potius
785 3983 845 4050 ipse
872 3983 944 4046 Deus
969 3981 1032 4040 thid.
1124 4007 1160 4018 -
1179 3953 1353 4042 memoranda
1371 3983 1493 4046 tempora
1511 3979 1582 4034 malo
1601 3979 1646 4034 000
1666 3979 1719 4034 664
1756 3983 1899 4050 quiruntur
1924 3995 1974 4046 per
2001 3979 2070 4034 mala
2095 3979 2251 4046 temporalia
2280 3979 2325 4034 Vll
2355 3979 2406 4032 444

381 4073 593 4140 -temporalia
605 4073 702 4128 omnia
723 4085 792 4128 vana
810 4077 880 4128 sont
886 4069 1002 4128 ibid.
1072 4067 1115 4124 47
1135 4067 1198 4122 680
1208 4069 1296 4128 40-
1314 4069 1343 4124 03
1361 4067 1458 4124 003033
1483 4051 1567 4130 bonis
1579 4067 1719 4124 33333033·
1755 4071 1807 4136 64,
1820 4071 1862 4124 88
2092 4083 2094 4088 ·

435 4193 472 4202 --
496 4165 607 4220 honesta
631 4169 694 4218 sunt
720 4161 792 4218 bona
816 4159 974 4228 simpliciter
997 4163 1034 4220 00
1070 4159 1136 4214 dum
1154 4163 1195 4212 est
1212 4159 1357 4248 malorum,
1376 4159 1427 4214 et'
1420 4175 1447 4214 m
1465 4157 1563 4214 diebus
1580 4159 1659 4214 matrs
1670 4157 1757 4214 ho·
1810 4189 1846 4200 -·-
1874 4155 2038 4230 {temporalis
2061 4159 2096 4214 03
2120 4173 2150 4218 se
2174 4171 2223 4212 nec
2247 4157 2317 4214 bona
2343 4163 2407 4212 sunt

381 4255 443 4312 408
453 4267 480 4308 v
501 4253 602 4308 88-
626 4253 700 4308 utilia
722 4259 761 4308 et
776 4251 949 4316 delectabilia
970 4259 1033 4308 suut
1070 4263 1167 4310 norum
1187 4249 1220 4302 Vl
1246 4249 1276 4302 80
1306 4261 1344 4302 v
1354 4251 1424 4304 8’--·
1442 4249 1494 4318 Qui
1512 4263 1620 4316 semper
1639 4247 1720 4304 hahet
1757 4247 2277 4316 333333004473733333330333
2290 4251 2409 4302 333333

382 4343 465 4406 botta
474 4345 641 4406 secundum
655 4325 737 4412 quid
752 4341 870 4400 4000-
887 4345 1032 4410 honestum
1070 4337 1151 4394 hona
1149 4337 1305 4408 cognoscit
1331 4339 1492 4402 distantiam
1504 4337 1592 4394 inter
1604 4337 1720 4402 houset
1756 4339 1858 4406 bonus,
1874 4337 1981 4406 abusus
2004 4337 2227 4394 3031330040-
2246 4343 2348 4390 terrena
2368 4337 2406 4388 43

380 4433 552 4500 cognoscitur
569 4449 584 4488 a
602 4433 672 4494 solis
683 4401 860 4498 rationalibus
866 4429 973 4508 8888.
1070 4429 1141 4492 mala
1167 4427 1282 4496 simplici
1300 4429 1399 4488 notitia
1424 4427 1462 4488 64
1490 4445 1526 4498 q.
1544 4429 1560 4482 8
1590 4409 1675 4484 8⁸¹-
1694 4435 1720 4484 34
1756 4431 1830 4484 ciunt
1846 4443 1947 4508 vanum
1966 4427 2028 4482 34.
2047 4427 2099 4482 87.
2108 4443 2134 4492 v.
2154 4429 2225 4482 8-
2238 4427 2405 4494 temporalia

435 4553 471 4582 -¹-·
491 4523 618 4596 Suntmae
633 4523 762 4586 bonitati
770 4519 907 4590 ,33333334
927 4517 1032 4590 peccasti
1070 4521 1171 4582 malum
1190 4533 1255 4574 non
1262 4517 1434 4584 discernitur
1454 4535 1470 4572 3
1493 4517 1625 4582 damnatis
1643 4517 1719 4582 78a
1756 4501 1929 4586 3333334330
1946 4517 2073 4586 animam,
2083 4517 2210 4580 sederant
2198 4517 2295 4572 tsicut
2311 4515 2409 4570 umbra

381 4613 509 4684 iniquitas
535 4591 591 4668 Vll
601 4613 657 4668 388
682 4613 777 4676 443-
774 4613 917 4678 8333303
928 4609 1031 4670 honum
1069 4608 1247 4664 -0333344
1265 4609 1446 4690 recordantur
1460 4609 1593 4664 bonorum
1612 4623 1666 4664 non
1685 4611 1719 4666 30
1757 4607 1862 4664 47-
1824 4607 2117 4676 -eoncupiscentiam
2136 4611 2236 4674 augent
2225 4607 2292 4670 0040
2306 4607 2358 4660 308
2374 4607 2407 4658 48

380 4719 443 4760 non
452 4707 541 4776 potest
567 4705 654 4772 iacere
678 4673 779 4772 malum
804 4701 843 4756 Vl
863 4703 929 4754 388
938 4703 1032 4766 78-
1028 4769 1029 4772 Ἴ
1069 4699 1270 4790 solatiumsed
1285 4699 1499 4758 adtormeutum
1515 4699 1563 4754 Vll
1583 4697 1683 4772 44464
1756 4725 1793 4748 .-
1810 4685 1865 4754 nou
1885 4697 1984 4752 iaciunt
2003 4695 2121 4750 animam
2134 4697 2271 4754 meliorem
2289 4693 2353 4752 thid.
2372 4721 2410 4736 ·-

380 4793 504 4856 Divinam
523 4793 696 4854 0334030333·
689 4799 851 4862 impugnant
840 4791 947 4858 433303
960 4791 1032 4848 0433·
1074 4837 1077 4842 .
1122 4793 1218 4844 ⁸¹·-est
1237 4791 1384 4856 temporale
1402 4795 1429 4844 30
1456 4795 1596 4844 aeternum
1614 4791 1655 4844 Vl
1667 4791 1715 4844 8l
1757 4793 1821 4868 sunt
1838 4787 1945 4844 alterius
1966 4791 2092 4842 3343333
2099 4785 2220 4842 0040.-
2237 4785 2408 4852 7333333443

379 4883 477 4946 0433043
497 4889 523 4938 30
540 4883 706 4962 detrahentia
724 4883 774 4946 Vll
790 4883 837 4938 440
862 4883 933 4936 64
1068 4881 1305 4946 -appetendum
1325 4885 1376 4946 aut
1388 4885 1429 4934 est
1446 4881 1604 4948 temporale,
1618 4885 1665 4934 aut
1677 4893 1721 4934 ae·
1757 4893 1810 4934 non
1829 4877 1926 4932 4303334
1943 4891 1989 4930 cor
2014 4875 2067 4928 nisi
2091 4877 2240 4930 secundum
2264 4875 2409 4942 phantasti-

402 5025 403 5028 ,
431 5003 470 5012 -
488 4987 624 5030 summum
653 4979 693 5030 est
720 4987 825 5034 merces
852 4977 961 5038 3303333
984 4947 1030 5028 040
1068 4975 1175 5038 ternum
1203 4971 1259 5024 044
1267 4969 1413 5026 8788-
1410 4971 1587 5038 ¹t-emporale
1604 4972 1649 5025 est
1665 4985 1722 5024 cor·
1758 4983 1818 5024 cam
1838 4967 2048 5048 similitudinem
2066 4963 2190 5024 40000·-
2213 4965 2330 5020 hominis
2354 4979 2410 5018 non

379 5063 432 5132 378
448 5063 534 5120 88
537 5063 642 5130 8mnis
655 5063 719 5120 honi
737 5063 934 5120 consummatio
953 5063 1032 5132 estin
1070 5063 1161 5128 porale
1179 5061 1221 5118 vel
1239 5061 1376 5132 spirituale
1388 5059 1501 5118 ahtd
1464 5061 1648 5132 quaedam
1660 5069 1722 5116 suot
1759 5067 1836 5126 3334,
1856 5071 1928 5126 quae
1944 5045 2036 5112 secum
2061 5059 2168 5120 auterre
2191 5069 2246 5110 uon
2267 5061 2355 5122 potest
2374 5053 2409 5110 00.

379 5155 488 5210 ursione
496 5153 543 5210 Dor
557 5155 608 5210 360
627 5155 713 5210 74·-
725 5155 861 5210 Bonorum
874 5155 1031 5210 3300343303
1070 5153 1231 5220 superiora,
1254 5153 1389 5220 quaedam
1417 5153 1559 5220 interiora,
1586 5151 1721 5220 quaedam
1760 5153 1850 5206 38-
1869 5147 2034 5216 temporalia
2042 5147 2167 5202 dicuntur
2186 5147 2284 5214 aliena,
2301 5145 2365 5216 qnia
2378 5159 2409 5198 ea

379 5247 437 5302 est
431 5261 456 5310 m
470 5245 543 5300 caelo
554 5245 606 5306 404
617 5245 651 5300 44
665 5273 699 5286 -
712 5245 918 5312 nullpmdeest,
932 5243 980 5300 304
993 5249 1034 5300 est
1070 5243 1256 5310 3334340460
1274 5269 1311 5294 -.-
1321 5243 1395 5296 Bona
1409 5243 1641 5310 temporaliasuut
1652 5239 1723 5298 03333
1761 5231 1902 5306 nobiscum
1931 5253 1981 5294 nec
2005 5239 2100 5292 afferre
2117 5249 2272 5306 possumus
2290 5249 2340 5294 nec
2362 5249 2410 5290 au-

380 5333 512 5398 Domirrus
529 5335 564 5396 Vl
584 5335 649 5396 444
656 5335 690 5390 34
709 5361 746 5390 -
764 5349 846 5406 omrre
863 5331 1034 5404 haheturad·
1070 5333 1177 5400 intima,
1186 5333 1324 5388 naturalia
1343 5333 1447 5402 media,
1473 5333 1588 5402 gratuita
1617 5341 1725 5388 summa
1762 5335 1830 5388 terre
1850 5331 1956 5390 44040
1976 5357 2011 5370 -···
2029 5333 2134 5384 terrena
2152 5331 2289 5388 nonsunt
2303 5335 2409 5396 nostra,

380 5427 517 5498 haerendo
536 5427 591 5482 033
610 5419 656 5482 044
675 5425 728 5484 474
746 5425 839 5480 74-
857 5427 932 5482 43333
950 5429 1033 5482 caele·
1070 5423 1107 5480 Vl
1127 5399 1187 5478 466
1198 5439 1226 5480 v.
1239 5423 1330 5492 88-
1319 5421 1599 5486 commutabiteast
1603 5423 1725 5490 interius,
1763 5422 1826 5492 quia
1844 5435 1894 5478 uec
1909 5417 2049 5478 nobiscum
2068 5421 2180 5476 veniunt
2203 5433 2253 5474 nec
2280 5419 2410 5476 recedunt

378 5519 441 5590 3043
439 5523 651 5588 proponuntur
654 5530 731 5588 pou
733 5515 889 5636 cogendo,
898 5515 977 5582 sed
970 5517 1057 5574 mvi·
1055 5515 1194 5588 paterius
1204 5520 1231 5571 30
1249 5483 1358 5572 interius
1376 5515 1421 5570 Vll
1440 5515 1521 5572 808.
1542 5513 1593 5570 484
1613 5515 1655 5582 40
1763 5511 2411 5586 aequeterrenitantomhominesreputantesse

254 5635 256 5640 ¹
301 5649 321 5672 „
378 5605 460 5670 3333
479 5609 545 5674 333
546 5607 636 5668 sq
682 5679 684 5682 Ι
891 5631 894 5642 ¹
1099 5633 1162 5648 ¹-
1168 5609 1310 5664 noenum
1321 5611 1380 5674 est,
1388 5605 1434 5662 ad
1442 5603 1519 5678 quod
1536 5603 1725 5668 sumusoraati
1763 5609 1812 5664 sua
1833 5605 1879 5664 060
1903 5605 1937 5664 08
2053 5615 2055 5618 ·

385 5697 594 5758 ····330303
691 5703 757 5762 0333
771 5695 1057 5768 34433033033333·
1070 5701 1098 5754 30
1115 5695 1298 5768 praeordinati
1314 5701 1342 5754 et
1364 5695 1442 5768 3330
1457 5699 1626 5766 permicat
1648 5695 1726 5764 33304
1817 5725 1853 5738 ·-·
1871 5693 2028 5766 temporalia
2046 5693 2207 5766 danturpro
2221 5693 2316 5750 merito
2329 5697 2413 5750 traus-

377 5781 415 5848 na
431 5775 525 5856 damni
543 5769 597 5856 Vl¹
1025 5787 1117 5854 Vll
1138 5787 1203 5870 400
1209 5787 1279 5846 40
1277 5799 1322 5834 ·’-·
1328 5791 1462 5846 nostrum
1483 5791 1535 5866 est
1551 5783 1672 5844 Christus
1700 5791 1727 5842 at
1763 5787 1842 5846 itorlo
1856 5787 1907 5846 004
1922 5785 1975 5844 444
1995 5783 2085 5842 00-
2102 5785 2162 5844 033
2180 5783 2326 5854 denegabit
2349 5789 2413 5840 tam·

377 5879 519 5952 recedens
525 5877 566 5936 00
574 5877 674 5952 33333
682 5875 785 5940 403
788 5879 867 5936 0
829 5879 988 5948 cratiae
1007 5859 1056 5936 et
1070 5891 1190 5958 regnum
1201 5877 1263 5936 elus
1283 5873 1402 5936 828¹-
1413 5861 1545 5948 ertdam
1555 5879 1726 5940 retrahuntur
1763 5873 1866 5948 perella
1884 5875 1931 5948 qul
1951 5875 2016 5950 0333
2040 5881 2148 5940 aeterna
2166 5881 2276 5946 paratus
2303 5879 2343 5932 est
2362 5873 2414 5932 888

377 5975 489 6028 naturae
506 5967 682 6038 dissipantur
681 5971 738 6044 per
755 5951 866 6042 paccata
884 5969 1055 6052 3304034043
1070 5965 1209 6026 30034303
1208 5965 1504 6040 proptermemortam
1509 5963 1651 6032 honorum
1662 5961 1729 6036 tem
1766 5969 1863 6026 tit-¹·
1890 5973 1945 6024 non
1967 5959 2029 6024 sunt
2052 5965 2169 6036 petenda
2192 5971 2319 6038 tanquam
2345 5963 2415 6022 hone

378 6059 608 6130 00438814οῳ
621 6063 749 6118 3303333
754 6071 827 6132 333
826 6057 957 6116 omnino
962 6051 1057 6128 0343·
1059 6057 1218 6132 paralium,
1224 6045 1349 6128 quidem
1359 6063 1482 6130 propter
1493 6055 1638 6128 03004333
1642 6049 1725 6124 boae
1762 6061 1869 6128 nostra,
1892 6057 1956 6122 etsi
1971 6051 2120 6114 uacessmla
2142 6053 2275 6114 888·-
2299 6053 2415 6126 Opotou-

378 6157 422 6218 tor
440 6165 489 6222 per
508 6127 603 6206 vitium
622 6155 649 6206 et
662 6151 793 6236 potest
784 6141 906 6222 33340333
926 6133 1034 6228 lustum
1065 6145 1144 6216 ram
1142 6145 1345 6218 spiritualium,
1361 6143 1494 6230 quidam
1492 6147 1626 6218 proptor
1625 6145 1725 6224 03333
1763 6145 1815 6212 ttae
1828 6147 1986 6268 mrrpdtutre
2000 6145 2139 6226 04333030
2146 6143 2234 6202 laona
2237 6147 2362 6254 fortunae
2381 6143 2415 6202 Vl

377 6239 607 6302 3003333407
628 6241 661 6310 44
737 6235 757 6282 ,¹
921 6291 923 6294 .
1054 6235 1220 6298 rationem
1229 6239 1410 6306 aeternorum
1427 6235 1476 6300 Vl
1490 6235 1633 6302 608,οι3·-
1650 6247 1725 6294 eom
1762 6235 1860 6306 070»
2075 6265 2076 6268 ¹
2180 6271 2181 6274 ¹
2286 6261 2288 6272 ¹
2378 6265 2379 6268 ¹

428 6363 469 6382 ¹¹-
494 6333 678 6404 4033040333
703 6327 769 6386 0334
792 6299 931 6398 perfecti
930 6301 1031 6400 433333
1069 6305 1198 6402 mutabile
1216 6331 1257 6384 est
1274 6327 1413 6402 motivum
1436 6327 1471 6392 ud
1485 6323 1668 6398 peccandum
1679 6325 1723 6384 Vll
1782 6389 1783 6392 ¹
1814 6349 1853 6390 ,·····
1860 6325 2042 6396 7333333043
2054 6331 2116 6382 3330
2124 6323 2224 6382 umbra
2243 6281 2414 6384 aeternorum

377 6405 487 6500 animae
508 6431 549 6482 est
574 6423 742 6484 0303333303
770 6419 804 6478 04
831 6419 897 6478 407
911 6419 1031 6476 ml-
996 6447 1055 6492 ,·-·
1070 6419 1140 6476 888
1219 6455 1223 6468 ¹
1275 6437 1276 6440 ¹
1344 6443 1347 6462 ÷
1383 6441 1384 6446 ¹
1430 6453 1431 6456 ¹
1649 6453 1682 6478 ¹¹
1761 6417 1796 6486 Vl
1817 6417 1923 6474 77¹¹-
1943 6417 2112 6494 Temporalia
2132 6415 2327 6472 contemnenda
2353 6419 2415 6472 suot

324 6565 327 6578 ¹¹
377 6493 475 6576 Forma
493 6507 614 6588 perlecti
628 6513 691 6572 boni
715 6509 858 6570 consistit
851 6525 884 6566 m
899 6511 1030 6580 sapientia
1073 6537 1086 6570 ,3
1124 6537 1159 6558 -¹···
1177 6509 1276 6582 timore
1295 6507 1359 6566 boni
1376 6505 1479 6582 privati
1498 6479 1578 6588 340343
1604 6509 1667 6580 quis
1694 6521 1724 6566 se
1761 6515 1890 6578 tanquam
1915 6507 2026 6562 minima
2050 6507 2094 6562 Vll
2114 6503 2166 6562 408
2192 6505 2280 6560 ¹77¹-
2243 6505 2415 6574 »Tempo-

377 6605 498 6676 abici.-
515 6605 626 6664 44330333
651 6605 698 6662 030
722 6605 795 6678 dona
818 6607 880 6660 sunt
907 6601 1030 6672 felicitas,
1069 6601 1166 6670 ipsum
1177 6599 1263 6668 diligit
1284 6599 1326 6662 Vll
1346 6598 1409 6664 446
1424 6599 1472 6660 66
1478 6625 1515 6642 ····
1534 6599 1617 6656 Amor
1635 6599 1724 6668 priva·
1760 6599 1824 6656 ralia
1843 6611 1898 6666 non
1916 6603 1980 6654 sunt
1997 6597 2111 6660 multum
2135 6595 2251 6652 amanda
2269 6595 2323 6650 360
2342 6597 2358 6650 8
2378 6613 2416 6638 -··

376 6697 489 6772 caritas
487 6677 532 6760 et
537 6697 636 6768 iustitia
663 6697 721 6754 Vll
729 6695 781 6752 408
801 6695 846 6762 48
854 6721 891 6736 ····
908 6693 1031 6764 arrepta
1069 6689 1232 6768 tusdividit
1242 6689 1387 6756 coniuncta
1403 6689 1456 6746 300
1477 6691 1512 6746 44
1525 6675 1656 6750 e-hmor
1670 6689 1725 6758 pri·
1761 6689 1966 6758 corporalenun
1980 6685 2062 6742 03030
2079 6685 2416 6754 desiderarinisipropter

377 6793 447 6858 sunt
452 6787 537 6864 hope
545 6795 674 6860 3303333,
692 6787 843 6860 acceptiora
871 6783 943 6842 bona
972 6797 1031 6854 gra·
1070 6781 1124 6840 vati
1143 6761 1217 6850 honi
1225 6785 1272 6842 est
1279 6779 1611 6848 musaimmisericordiae
1624 6779 1724 6836 44636
1760 6775 1913 6848 spirituale
1912 6777 2035 6834 4788

380 6881 448 6958 tiae,
465 6861 659 6962 acceptissima
687 6881 767 6940 hona
787 6869 889 6948 gloriae
915 6875 948 6940 04
978 6875 1031 6932 480
1078 6941 1081 6950 γ
1070 6873 1206 6928 -hmor
1217 6869 1318 6940 privati
1337 6869 1402 6940 0334
1421 6869 1537 6944 maxime
1555 6867 1704 6938 regnabit·
1696 6885 1764 6926 m
1776 6905 1777 6908 ¹
1816 6897 1854 6912 -·
1860 6869 1948 6938 impii
1973 6867 2025 6924 0334
2049 6867 2203 6924 desiderant
2227 6833 2319 6936 03343,
2345 6881 2417 6938 quae

378 6985 408 7028 r.
426 6969 461 7034 04
479 6999 516 7014 ····
534 6959 605 7034 Tam
622 6961 695 7028 hona
719 6971 839 7042 03303333
856 6981 940 7040 quam
958 6971 1033 7022 natu
1055 6965 1123 7020 033
1142 6963 1236 7020 mundi
1257 6961 1309 7016 446
1329 6963 1363 7018 66
1382 6989 1419 7004 -··
1439 6961 1490 7032 Qui
1508 6961 1550 7016 sui
1569 6975 1662 7016 amore
1676 6959 1726 7016 im·
1762 6921 1825 7016 sunt
1844 6961 1877 7016 Vl
1903 6959 1937 7016 88
1961 6975 1990 7016 v.
2015 6961 2087 7012 l-
2104 6959 2163 7016 44344
2189 6961 2314 7014 linuntur
2339 6957 2418 7014 bonis

301 7125 303 7128 ¹
378 7077 426 7126 rae
451 7077 536 7136 quant
565 7063 645 7124 etiam
658 7061 777 7144 gratiae
804 7065 867 7118 sunt
889 7059 962 7116 dona
980 7057 1057 7116 034
1072 7055 1209 7130 moderato
1227 7053 1344 7108 34433040
1353 7055 1441 7120 Deum
1460 7053 1538 7106 simul
1552 7051 1641 7118 perdit
1658 7051 1726 7108 divi·
1763 7049 1952 7120 praesentibus
1971 7051 2067 7106 4443.
2087 7051 2160 7106 6-
2123 7049 2331 7128 -3333333043
2348 7049 2421 7106 laeti·

380 7153 415 7208 48
434 7153 501 7224 034
702 7197 705 7202 .
816 7201 818 7204 ,
875 7193 877 7196 .
1070 7161 1132 7202 nam
1151 7145 1301 7202 felicitatem
1314 7151 1341 7202 30
1353 7145 1458 7200 animae
1478 7145 1591 7212 salutem
1610 7139 1727 7198 4040-
1764 7143 1845 7198 licant
1856 7157 1912 7198 non
1923 7141 2070 7210 cogitantes
2084 7143 2172 7198 lutura
2184 7141 2255 7196 mala
2264 7141 2308 7196 Vll
2321 7139 2373 7196 406
2384 7139 2418 7194 66
