5900 8266
319 3989 375 4048 Quid
392 3989 452 4034 dilla-

344 4045 418 4088 matio.

467 519 534 586 tut

394 773 399 782 ,
469 697 517 764 vel
542 695 620 762 male
642 691 777 772 retinet,
803 694 852 760 vel
874 693 957 760 male
973 693 1113 780 accipit,
1129 695 1180 760 vel
1196 693 1280 762 male
1295 693 1423 780 dispen-

467 807 531 868 sat.
562 799 648 866 Unde
680 797 834 864 Glossa1:
863 797 1061 884 «Dissipatio
1084 803 1157 878 θεῖ,
1187 795 1313 884 quando
1343 797 1424 864 male

377 925 447 970 narrt.
469 911 717 992 congregantur,
740 905 791 972 vel
812 923 875 970 non
899 905 980 972 bene
1001 903 1229 988 expenduntur
1243 931 1275 970 r.
1293 903 1328 970 Et
1345 903 1424 970 ratio

467 1011 564 1078 huius
586 1016 651 1090 θεῖ,
683 1009 756 1096 quia
780 1009 862 1078 bona
885 1009 1068 1096 temporalia
1092 1015 1182 1090 sunt,
1207 1015 1244 1076 ut
1268 1027 1323 1094 per
1348 1011 1424 1078 haec

467 1115 675 1200 acquirantur
696 1115 779 1182 hona
801 1123 937 1182 aeterna.
962 1117 1040 1182 Cum
1064 1133 1138 1200 ergo
1167 1117 1244 1182 haec
1269 1121 1424 1198 tempora-

467 1221 507 1288 lia
531 1221 575 1288 sic
599 1221 775 1300 habentur,
800 1223 883 1306 quod
908 1229 1038 1306 propter
1059 1221 1113 1288 illa
1134 1227 1262 1288 aeterna
1286 1219 1425 1304 perdun-

305 1345 450 1458 wssrffirrgppn
467 1333 540 1404 tur;
564 1331 639 1394 tunc
663 1319 792 1412 absque
805 1325 902 1394 dubie
925 1325 1146 1410 dissipantur.
1172 1325 1231 1408 Qui
1254 1343 1331 1410 ergo
1348 1327 1424 1392 haec

470 1431 650 1518 temporalia
674 1433 753 1498 bona
777 1433 821 1498 sic
845 1431 1047 1516 expendunt,
1070 1433 1158 1516 quod
1180 1449 1242 1500 non
1265 1439 1425 1516 quaeruut

467 1537 499 1606 iu
523 1537 568 1606 eis
591 1537 740 1606 meritum
762 1537 889 1624 salutis,
915 1537 969 1606 sed
992 1536 1137 1602 solatium
1162 1537 1282 1618 «tarnis,
1306 1543 1425 1624 tempo·

468 1645 546 1712 ralia
575 1663 637 1712 non
671 1645 862 1730 disparamur
892 1643 933 1710 ad
963 1643 1092 1710 modurn
1123 1643 1193 1710 booi
1227 1643 1338 1724 villici,
1370 1645 1425 1712 sed

468 1751 633 1836 dissipant
656 1751 694 1818 ad
719 1751 845 1816 modum
869 1751 925 1816 filii
949 1749 1151 1834 prodigi,·de
1175 1769 1239 1834 quo
1258 1767 1357 1834 supra
1371 1749 1425 1816 de·

468 1855 551 1922 civno
572 1853 708 1938 quintot
733 1855 867 1934 dicitur,
890 1855 976 1940 quod
1004 1855 1197 1942 «dissipavit
1218 1855 1425 1924 substantiam

469 1981 558 2028 suam
583 1961 714 2028 vivendo
744 1961 909 2028 luxuriose
926 1989 956 2026 ε.
982 1961 1096 2028 Contra
1119 1981 1198 2048 quos
1222 1961 1298 2029 dicit
1318 1963 1426 2030 Domi·

469 2085 529 2134 uus
560 2083 618 2152 per
647 2067 728 2134 Osee
752 2067 939 2152 Prophetaut
971 2067 1050 2136 Osee
1073 2065 1232 2136 secundo:
1261 2069 1368 2137 «Dedi
1396 2069 1425 2136 ei

469 2173 663 2240 trumentum
695 2179 726 2238 et
748 2171 857 2240 vinum
888 2179 921 2240 et
953 2174 1059 2242 oleum
1091 2181 1122 2242 et
1155 2181 1320 2260 argentum
1344 2175 1426 2242 mul-

469 2279 605 2366 tiplicavi
634 2279 663 2346 ei
694 2287 725 2346 et
758 2299 892 2360 aurum,
926 2299 1017 2368 quae
1037 2281 1181 2350 iecerunt
1202 2281 1283 2350 Baal.
1309 2281 1426 2350 Idcirco

469 2393 635 2452 convertar
671 2391 701 2452 et
737 2403 858 2452 sumam
891 2387 1088 2456 frumentum
1123 2407 1230 2456 meum
1259 2395 1291 2454 et
1317 2389 1427 2456 vinum

470 2509 574 2560 meum
598 2491 629 2558 in
654 2497 796 2578 tempore
827 2511 885 2560 suo
908 2499 939 2560 et
962 2493 1101 2562 liberabo
1132 2495 1234 2560 lanam
1265 2513 1368 2560 meant
1394 2501 1428 2560 et

469 2599 567 2666 linum
590 2617 714 2680 meum,
729 2657 730 2660 ,
748 2617 828 2686 quae
859 2601 1040 2686 operiebant
1065 2599 1264 2684 ignominiam
1289 2599 1368 2668 eius.
1390 2601 1428 2668 ttt

470 2701 615 2770 revelabo
638 2703 804 2770 stultitiam
827 2705 894 2770 eius
919 2707 949 2770 io
981 2705 1080 2770 oeulis
1112 2711 1287 2770 amatorum
1311 2703 1379 2770 eius
1394 2731 1426 2770 ».

469 2809 556 2876 Unde
578 2809 651 2894 quia
677 2809 783 2894 plures
808 2815 882 2878 sunt
910 2809 1113 2894 dissipatores
1134 2814 1165 2875 et
1189 2809 1278 2892 pauci
1304 2807 1427 2892 dispen-

468 2921 605 2992 satores,
630 2915 745 2982 dicitur
761 2915 881 2998 primae
895 2915 935 2980 ad
950 2913 1128 2980 Corinthios
1150 2913 1312 2998 quartoi:
1340 2937 1357 2970 a
1374 2913 1428 2980 llio

467 3019 528 3088 iam
546 3019 710 3106 quaeritur
726 3019 809 3084 inter
823 3019 1070 3102 dispensatores
1086 3023 1124 3082 ot
1137 3017 1239 3082 fidelis
1254 3017 1325 3100 quis
1339 3017 1428 3082 inve-

304 3113 456 3198 aauanaen·
469 3127 575 3192 niatur
587 3151 618 3190 »,
635 3163 678 3172 -
695 3127 781 3190 Τεεε
798 3129 903 3190 autem
920 3123 998 3190 haec
1013 3121 1197 3208 temporalia
1211 3121 1291 3190 bene
1307 3121 1429 3208 dispen-

311 3199 365 3242 satio
376 3207 456 3240 eorum.

468 3237 596 3308 saotur,
614 3229 739 3316 quando
755 3229 785 3294 in
803 3247 897 3314 opera
920 3227 1152 3296 misericordiae
1176 3227 1426 3308 distribuuntur,

468 3337 642 3418 secundum
674 3317 751 3402 tttbo
782 3353 880 3420 supra
909 3335 1116 3402 duodecimo:
1152 3361 1169 3394 <r
1185 3335 1278 3418 quie,
1316 3341 1426 3420 putas,

467 3451 516 3510 est
538 3443 732 3532 dispensator
756 3441 856 3510 fidelis
888 3445 919 3508 ct
950 3441 1107 3526 prudenS,
1139 3459 1233 3526 quem
1265 3441 1428 3508 coustituit

468 3549 621 3616 Dominus
644 3565 738 3634 super
761 3547 908 3616 familiam
935 3565 1023 3616 suam
1040 3575 1057 3608 »
1085 3555 1143 3616 eto.
1169 3547 1238 3616 ldeo
1254 3547 1344 3616 istius
1360 3547 1428 3616 dis-

468 3655 645 3740 sipationis
668 3655 762 3740 oripo
778 3663 811 3720 et
825 3661 926 3720 mater
942 3661 989 3722 est
1004 3655 1278 3732 immisericordia;
1297 3661 1427 3742 propter

469 3759 554 3844 quod
578 3761 821 3826 proverbiorum
845 3761 997 3846 vigesimo
1020 3763 1149 3826 nono4:
1181 3759 1301 3826 «Novit
1323 3761 1427 3828 iustus

470 3883 595 3934 causam
612 3883 807 3952 pauperum,
824 3867 939 3952 impius
953 3867 1077 3952 ignorat
1091 3869 1267 3946 scientiam,
1284 3867 1428 3936 homiues

468 3971 648 4056 pestilentes
671 3971 823 4058 dissipant
845 3973 1004 4040 civitatem
1020 4001 1050 4038 ».
1076 4009 1119 4022 ....
1142 3973 1229 4040 Tunc
1253 3977 1359 4040 autem
1376 3973 1426 4040 hic

469 4077 593 4144 villicus
616 4077 702 4162 apud
723 4077 892 4144 Dominum
916 4075 1137 4166 rliffomotnr,
1160 4077 1285 4164 quando
1310 4077 1428 4146 elamor

392 4261 396 4276 ι
469 4201 646 4270 pauperum
670 4183 809 4252 ascendit
832 4183 870 4252 ad
893 4185 1079 4264 Dominum;
1096 4185 1180 4254 unde
1196 4185 1312 4252 dicitur
1328 4185 1427 4252 lacohi

470 4291 627 4376 quintal:
656 4315 672 4348 ε
689 4291 774 4376 hgite
797 4309 900 4370 nunc,
923 4291 1053 4370 divitae,
1078 4293 1199 4376 plorate
1220 4291 1381 4358 ululantes
1395 4291 1428 4356 in

470 4397 621 4476 miseriis,
653 4417 733 4482 quae
765 4397 930 4466 advenient
961 4399 1049 4464 vobis
1067 4423 1096 4480 »;
1127 4405 1271 4484 etpost:
1301 4399 1427 4478 «Eece,

470 4521 591 4570 meroes
622 4505 856 4588 operariorum,
889 4503 944 4592 qui
974 4509 1176 4572 messuerunt
1207 4503 1349 4590 regiones
1380 4519 1429 4570 ve·

472 4615 574 4690 stras,
597 4627 678 4696 quae
701 4609 845 4678 fraudata
867 4618 914 4678 est
938 4631 957 4678 a
979 4611 1086 4690 vohis,
1103 4613 1235 4690 clamat,
1258 4615 1288 4678 et
1312 4611 1428 4678 clamor

470 4735 582 4810 eorum
604 4717 636 4784 in
659 4735 754 4784 aures
777 4717 901 4786 Domini
923 4717 1058 4784 Sabaoth
1077 4717 1217 4786 introivit
1233 4743 1265 4782 r.
1290 4717 1328 4782 Et
1349 4735 1428 4802 quo-

471 4819 553 4886 niam
578 4821 714 4888 crudelis
737 4827 783 4888 est
804 4821 858 4906 qui
875 4821 990 4888 famam
1008 4821 1152 4906 negligit,
1169 4827 1202 4888 et
1216 4819 1318 4888 omnis
1334 4819 1428 4886 houm

425 4997 428 5002 ,
470 4925 608 4992 maxime
632 4927 741 4992 horret
765 4927 945 5006 infamiam3
968 4925 1038 4994 ideo
1061 4927 1132 4994 talis
1147 4927 1303 4994 bonorum
1320 4923 1428 4992 abusio

471 5035 519 5098 est
540 5031 694 5110 cavenda,
718 5051 757 5098 oe
779 5049 822 5098 ex
844 5031 1045 5116 dissipatione
1061 5033 1218 5098 honorum
1233 5031 1428 5114 dispensator
1449 5061 1451 5066 ·

471 5137 559 5202 cadat
583 5137 613 5202 in
638 5137 843 5220 opprobrium
866 5141 899 5202 et
918 5135 1105 5202 derisionem
1123 5135 1299 5220 publicam,
1318 5151 1428 5200 secun-

542 5489 549 5522 ¹
572 5491 673 5544 Scilicet
690 5489 890 5556 interlinearis,
909 5489 935 5540 in
954 5505 1007 5556 qua
1025 5491 1046 5542 ll
1066 5503 1127 5542 cum
1148 5495 1217 5542 textu
1235 5489 1356 5556 originali
1370 5503 1427 5546 con·

471 5581 602 5648 prepotur
621 5593 669 5644 pro
689 5581 905 5646 congregantur,
932 5583 959 5630 et
977 5575 1139 5646 empettditnr
1157 5591 1207 5644 pro
1226 5577 1426 5648 rependuntur.

472 5669 530 5722 Vat.
548 5673 608 5734 post
625 5665 732 5736 qnando
751 5665 825 5720 addit
843 5665 903 5734 ipsu
920 5663 1000 5720 bona.

541 5751 551 5784 ²
574 5761 645 5810 tere.
666 5755 714 5818 ts,
732 5761 890 5820 postquem
909 5753 976 5806 Osce
995 5757 1026 5820 2,
1044 5755 1116 5806 eto.

458 5899 462 5906 Δ
542 5841 552 5872 ²³
572 5847 647 5900 tters.
666 5847 690 5896 2.
711 5873 744 5882 -
764 5843 887 5910 Sequitur
905 5845 966 5896 Luc.
990 5845 1035 5908 12,
1055 5843 1098 5896 ta.

541 5931 552 5962 ⁴
573 5937 648 5988 vers.
665 5933 690 5986 t.
710 5937 735 5986 et
754 5935 780 5986 8.
798 5959 835 5972 -
853 5935 980 5998 Superius
998 5947 1047 5998 pro
1060 5931 1121 5986 ideo
1135 5929 1214 5988 istius
1228 5919 1286 5986 rat.
1295 5933 1332 5988 Et
1343 5929 1427 5998 istius,

472 6029 496 6076 et
515 6023 576 6078 dein
595 6025 683 6088 plores
703 6023 782 6076 codd.
801 6021 889 6092 (etiarn
904 6021 1100 6090 CDprimitus)
1113 6029 1311 6092 prosequuntur
1325 6021 1428 6092 dispen-

471 6111 583 6168 sationis
602 6111 677 6182 oripo
696 6115 723 6166 et
739 6115 828 6166 muter
845 6115 884 6166 θεῖ
902 6111 930 6166 in
949 6109 1146 6166 misericordia.

542 6197 552 6228 ⁵
573 6203 647 6254 Vere
668 6201 690 6252 t.
711 6205 735 6252 et
755 6199 780 6254 l.
797 6227 834 6238 -
851 6201 941 6254 Glossa
969 6199 1171 6254 interlinearis:
1200 6199 1248 6254 tito
1271 6199 1427 6270 diffamatus

471 6291 509 6342 est
528 6289 603 6358 opud
619 6287 713 6352 illum,
733 6291 797 6340 haec
815 6289 946 6342 accusatio
966 6289 1007 6354 nt,
1026 6289 1133 6356 quando
1152 6285 1237 6356 [quis]
1256 6301 1307 6340 nou
1327 6293 1428 6342 exercet
1493 6301 1495 6304 ·

472 6389 551 6442 opera
571 6377 673 6440 pietatis
691 6389 755 6442 erga
775 6375 831 6428 illos
849 6375 947 6442 quibos
967 6373 1075 6428 debuit..

542 6461 552 6494 ⁶
572 6465 647 6518 Vers.
668 6463 709 6516 li.
728 6469 753 6516 et
773 6463 813 6516 ts.
835 6479 889 6532 seq.
908 6493 944 6506 -
964 6465 1090 6530 Superius
1113 6479 1163 6530 pro
1181 6463 1351 6534 dispensator
1370 6467 1426 6520 l'at.

471 6551 695 6622 aspersator-un.
1185 6555 1186 6558 ’

543 6637 552 6670 ²
573 6643 663 6696 Glossa
681 6639 873 6698 interlimoris.
891 6643 999 6710 hayna,
1019 6643 1068 6696 loc.
1088 6643 1147 6694 cit:
1166 6641 1308 6708 Dupliciter
1321 6657 1367 6694 nos
1381 6655 1428 6696 vo·

473 6733 513 6780 cat
533 6731 615 6784 Deus:
633 6731 660 6784 in
680 6731 809 6796 praesenti
824 6733 858 6784 ad
870 6731 1054 6796 poenitentiam
1069 6739 1095 6786 et
1107 6733 1134 6784 in
1148 6735 1233 6786 tuturo
1246 6733 1281 6784 ad
1293 6731 1428 6784 iudicium.

473 6841 507 6853 -
527 6817 649 6882 Sequitur
668 6821 759 6874 Erech.
779 6823 810 6884 3,
831 6821 871 6872 ῖ2.

1051 515 1243 584 ccultant.
1269 515 1306 582 IN
1330 513 1567 586 Evauoettutt
1592 515 1710 584 LUChE
1732 517 1765 584 C.
1789 515 1863 582 XVI.

1487 695 1564 762 dum
1589 693 1666 760 illud
1694 691 1898 762 Ecclesiastioi
1921 691 2117 778 vigesimoi:
2150 697 2277 762 «Fatavo
2298 715 2361 764 uon
2386 695 2447 762 erit

1488 797 1625 878 amicus,
1659 803 1689 864 et
1713 815 1774 862 non
1796 797 1858 864 erit
1880 797 1980 884 gratia
2003 795 2035 862 in
2057 795 2149 864 bonis
2170 797 2256 864 illius
2271 825 2301 866 r.
2333 799 2448 882 «Quo-

1490 901 1548 970 ties
1569 910 1602 970 et
1623 901 1733 988 quanti
1764 901 1953 970 deridebunt
1981 895 2082 970 eurhr
2110 903 2218 988 Neque
2247 905 2331 970 enim
2361 903 2447 988 quad

1488 1007 1668 1084 habendum
1691 1015 1760 1074 erat
1783 1007 1902 1074 directo
1923 1025 2020 1074 sensu
2040 1005 2219 1086 distribuit,
2241 1009 2386 1076 similiter
2414 1015 2448 1072 et

1489 1113 1574 1200 quod
1598 1131 1661 1180 non
1682 1117 1750 1180 erat
1775 1113 1951 1182 habendum
1969 1141 1998 1180 r.
2405 1165 2407 1168 .

1578 1219 1609 1284 lv.
1646 1219 1746 1300 (vers.
1784 1221 1839 1302 2.).
1873 1219 1980 1288 Tertio
2009 1225 2163 1306 quantum
2195 1219 2232 1284 ad
2265 1219 2445 1288 districtio·
2464 1237 2568 1302 territa,
2584 1239 2611 1282 aa

1489 1345 1559 1390 nem
1578 1323 1755 1412 aeqtaitatis
1773 1325 1907 1392 diuinae
1923 1325 2052 1392 cuilibet
2066 1323 2322 1412 forntt’dondam
2338 1323 2445 1394 subdi·
2477 1291 2593 1388 fflffiffiffn'

1489 1437 1563 1498 turz
1591 1431 1628 1496 at
1653 1431 1782 1498 occavit
1804 1429 1900 1498 illam
1922 1439 1953 1498 et
1975 1431 2026 1498 uit
2046 1431 2116 1498 illi:
2150 1429 2236 1516 Quid
2260 1429 2319 1498 liae
2342 1429 2445 1498 audio

1489 1537 1529 1602 de
1551 1535 1607 1602 te?
1628 1535 1784 1602 Glossat:
1812 1561 1829 1594 θ
1853 1537 1968 1614 Vocat,
1998 1537 2124 1624 quando
2157 1537 2270 1604 incutit
2298 1537 2444 1604 timorem

1489 1649 1635 1710 aeternae
1651 1641 1866 1708 'damnationis
1882 1665 1914 1720 »3
1930 1641 1970 1708 de
1985 1661 2048 1726 qua
2063 1643 2225 1710 vocatione
2237 1643 2355 1710 dicitur
2370 1643 2445 1710 Eze-

1490 1747 1600 1816 chielis
1622 1747 1736 1814 tertio:
1765 1775 1782 1806 a
1799 1747 1836 1812 tt
1856 1747 1961 1814 audivi
1991 1753 2061 1830 pest
2091 1767 2141 1816 me
2172 1765 2282 1816 vocem
2309 1767 2447 1816 commo-

1490 1851 1583 1920 tionis
1606 1871 1753 1940 magnae:
1772 1853 1934 1920 Benedicta
1949 1853 2048 1938 gloria
2062 1853 2186 1918 Domini
2203 1855 2240 1920 de
2257 1855 2325 1920 loco
2341 1873 2399 1922 suo
2414 1879 2445 1920 a.

1490 1963 1551 2028 llac
1574 1979 1650 2028 voce
1673 1967 1803 2028 vocatur
1826 1959 1881 2046 qui
1906 1959 1943 2026 ad
1961 1957 2220 2028 considerandum
2235 1957 2380 2026 laturum
2398 1959 2447 2026 iu-

1490 2065 1606 2134 dicium
1630 2065 1806 2148 excitatur,
1832 2067 1885 2134 ubi
1908 2073 2059 2152 arguetur
2075 2083 2136 2132 εεε
2155 2065 2253 2134 solum
2273 2063 2445 2132 secundum

1489 2175 1621 2254 lamam,
1644 2173 1698 2242 sed
1714 2173 1887 2242 secundum
1907 2173 2135 2242 conscientiam.
2156 2209 2195 2224 -
2214 2173 2345 2258 Propter
2359 2169 2445 2256 quod
2471 2191 2535 2236 natu
2547 2191 2597 2236 raa.

1490 2281 1595 2350 addit:
1619 2283 1728 2350 Redde
1750 2281 1916 2350 rationem
1929 2281 2142 2350 villicationis
2160 2291 2243 2350 tuae.
2262 2281 2343 2346 Haeo
2357 2295 2445 2346 nam·
2484 2243 2598 2352 Ξὲἓῗιῗοὲθ

1491 2407 1553 2476 que
1575 2409 1638 2458 vox
1668 2389 1698 2456 in
1732 2409 1809 2458 aure
1844 2389 2010 2458 cuiuslibet
2032 2389 2135 2456 dehet
2171 2403 2337 2464 resonare,
2370 2385 2446 2470 quia

1490 2495 1609 2578 absque
1631 2493 1728 2560 dubio
1749 2493 1855 2560 diviua
1876 2493 2017 2578 aequitas
2042 2493 2193 2560 rationem
2218 2491 2322 2578 exiget
2338 2491 2375 2560 de
2393 2491 2445 2556 bo·

1490 2599 1545 2664 nis
1566 2601 1770 2678 commissis,
1796 2599 1875 2666 sicut
1899 2597 2042 2664 innuitur
2064 2599 2209 2666 Matthaei
2226 2599 2347 2666 decimo
2361 2605 2445 2662 octa-

1492 2701 1576 2770 vo⁸:
1607 2731 1622 2762 «ι
1643 2703 1749 2770 Simile
1780 2711 1825 2770 est
1859 2721 1989 2788 regnum
2022 2703 2181 2770 caelorum
2213 2703 2331 2770 homiui
2360 2705 2444 2790 regi,

1491 2807 1546 2892 qui
1569 2809 1670 2872 voluit
1699 2807 1852 2872 rationem
1870 2825 1998 2890 „ponere
2030 2825 2102 2872 cum
2132 2807 2232 2874 servis
2254 2797 2320 2872 suis
2338 2833 2367 2872 ε,
2401 2809 2445 2876 De
2531 2817 2532 2820 ’

1492 2911 1590 2978 nantis
1614 2911 1785 2988 dirtaissis‚·
1808 2911 1952 2978 Matthaei
1978 2911 2097 2978 decimo
2119 2919 2249 2978 octavo:
2281 2911 2349 2978 «aa
2371 2929 2444 2980 cum

1492 3015 1642 3100 caepisset
1668 3013 1818 3082 rationem
1842 3033 1977 3100 ponere,
2000 3015 2122 3082 oblatus
2145 3023 2193 3082 θεῖ
2216 3015 2243 3082 θῖ
2267 3033 2368 3096 εεεε,
2390 3017 2444 3102 qui

1492 3121 1623 3188 debebat
1645 3121 1674 3188 ei
1697 3121 1805 3188 decem
1827 3121 1925 3188 millia
1940 3121 2127 3188 talentorum
2145 3147 2175 3188 ε,
2198 3149 2214 3182 «
2231 3121 2374 3190 ῖῖῖεθεῖεε
2389 3143 2446 3190 au·
2543 3205 2544 3208 Ἴ

1493 3235 1554 3294 tevn
1576 3227 1722 3312 dominus
1746 3225 1826 3294 servi
1845 3227 1946 3306 illius,
1962 3227 2078 3294 dimisit
2095 3247 2167 3296 eum
2183 3253 2214 3310 »;
2239 3235 2269 3296 et
2287 3235 2357 3314 post
2370 3231 2445 3298 sub-

1491 3335 1593 3414 ditur,
1620 3333 1703 3420 quod
1726 3334 1764 3401 de
1787 3335 1848 3402 hoc
1872 3335 2023 3402 rationem
2048 3335 2163 3420 exegit.
2179 3337 2225 3402 De
2241 3333 2332 3400 bonis
2349 3333 2441 3402 etiam

1492 3439 1644 3518 omissis;
1669 3439 1813 3508 llatthaei
1837 3441 1988 3526 vigesimo
2009 3441 2168 3526 quinto⁹:
2189 3467 2204 3500 «
2222 3441 2294 3508 Post
2307 3441 2444 3508 multum

1492 3547 1640 3632 temporis
1664 3547 1749 3612 venit
1769 3547 1916 3614 dominus
1938 3565 2103 3616 servorum
2131 3547 2257 3614 illorum
2285 3553 2314 3614 et
2342 3547 2445 3632 posuit

1491 3651 1641 3719 rationem
1674 3671 1746 3718 cum
1769 3653 1870 3720 servis
1892 3653 1957 3718 suis
1973 3677 2005 3732 »3
2029 3659 2061 3720 et
2083 3653 2189 3720 subdit
2211 3653 2250 3718 de
2273 3671 2366 3720 servo
2397 3651 2446 3736 pi-

1482 3777 1564 3854 gra,
1587 3757 1673 3844 quod
1702 3757 1862 3844 proiectus
1888 3767 1937 3826 ost
1963 3785 1980 3820 θ
1997 3759 2027 3826 ῖε
2052 3759 2196 3826 tenebras
2221 3757 2443 3826 exteriores».

1490 3867 1533 3932 De
1556 3865 1654 3932 mulis
1679 3865 1770 3932 etiarn
1791 3865 1992 3952 perpetratis
2002 3889 2025 3944 ;w
2039 3863 2157 3950 primae
2174 3865 2253 3932 Petri
2271 3871 2385 3950 quarto
2400 3865 2443 3928 ¹⁰:

1496 3997 1512 4030 r
1527 3969 1647 4036 Sufficit
1676 3969 1758 4036 enim
1790 3969 1995 4056 praeteritum
2026 3977 2150 4054 tempus
2181 3969 2220 4036 ad
2251 3969 2445 4036 voluntatem

1492 4075 1630 4162 gentium
1654 4075 1933 4144 consummandam
1955 4075 2006 4142 his
2021 4075 2075 4162 qui
2091 4075 2333 4142 ambulaverunt
2349 4075 2380 4140 in
2396 4075 2446 4142 lu·

1492 4181 1613 4260 εεεῖῖε,
1646 4179 1827 4258 εθεῖῖῖθεῖῖε,
1863 4179 2058 4260 vinolentiiS,
2092 4179 2370 4248 comessationibus
2396 4205 2442 4260 »;

1498 4285 1582 4372 rqui
1607 4285 1738 4354 reddent
1761 4285 1912 4354 rationem
1937 4285 1963 4354 ei
1989 4285 2043 4372 qui
2067 4291 2196 4372 εεεεῖεε
2227 4291 2273 4354 θεῖ
2305 4285 2444 4354 iudicare

1493 4391 1580 4460 vivos
1601 4399 1633 4460 et
1656 4399 1799 4458 ruortuos
1815 4419 1845 4458 ε.
1871 4393 1932 4460 Νθε
1953 4397 2075 4458 tantum
2108 4393 2146 4460 de
2177 4391 2311 4480 artopnis
2336 4391 2445 4472 maliS,

1492 4497 1709 4566 verumetiam
1725 4498 1764 4565 de
1778 4497 1908 4582 porois,
1927 4497 2098 4566 secuudum
2116 4497 2192 4564 illud
2206 4495 2353 4564 Matthaei
2369 4495 2445 4564 due

1492 4605 1611 4674 decimo
1627 4607 1672 4670 11:
1703 4607 1778 4672 «De
1802 4605 1884 4672 omni
1910 4605 2007 4672 verbo
2029 4605 2144 4686 otioso,
2167 4605 2251 4692 quod
2266 4603 2363 4672 locuti
2378 4603 2446 4672 iue-

1493 4713 1557 4780 rint
1579 4711 1738 4792 homines,
1769 4711 1900 4780 reddent
1924 4711 2075 4780 rationem
2098 4711 2131 4778 in
2153 4711 2202 4780 die
2225 4711 2331 4780 iudicii
2348 4737 2379 4776 r.
2402 4711 2447 4778 hh
2465 4733 2599 4780 uastata

1493 4819 1551 4886 hoo
1575 4837 1650 4904 ergo
1673 4819 1776 4886 villico
1800 4817 1898 4902 exigit
1913 4817 2067 4884 rationem
2083 4817 2278 4884 villicationis
2292 4821 2447 4902 quantum

1493 4925 1656 4990 adomnia
1688 4929 1824 5008 quatuor
1855 4921 2030 5008 praedicta,
2063 4923 2154 5005 quia,
2184 4921 2445 5006 quemadmodum

1492 5029 1567 5094 dicit
1589 5029 1827 5106 Bernardus12,
1855 5053 1872 5086 «
1888 5027 1968 5092 εῖθεῖ
1985 5043 2041 5092 aec
2058 5027 2190 5110 capillus
2204 5025 2244 5092 de
2258 5027 2358 5110 capite
2375 5043 2447 5110 per-

1491 5133 1566 5212 ibit,
1590 5133 1635 5200 sio
1658 5151 1715 5200 neo
1739 5139 1933 5200 momentum
1955 5131 1995 5200 de
2011 5139 2150 5218 tempore
2167 5131 2297 5212 transit,
2320 5131 2359 5200 de
2381 5151 2446 5220 quo

1562 5487 1665 5542 8ῖθεε.
1688 5491 1735 5554 23,
1764 5497 1928 5560 postquem
1957 5507 1983 5544 v.
2012 5491 2055 5544 il.
2075 5491 2118 5544 27.
2143 5499 2168 5544 et
2189 5493 2230 5546 32.
2250 5507 2322 5560 seqq.
2340 5519 2379 5534 ··-
2395 5491 2447 5548 Cir.

1491 5583 1518 5634 S.
1536 5581 1651 5644 Bonam,
1679 5581 1832 5632 incendium
1859 5581 1971 5644 amoris,
2000 5595 2023 5634 c.
2052 5585 2078 5634 2.
2096 5611 2132 5620 -
2150 5581 2276 5648 Superius
2301 5587 2361 5648 post
2379 5593 2448 5638 cont·

1490 5667 1582 5722 anissis
1600 5669 1659 5722 Vat.
1678 5669 1753 5722 addit
1770 5667 1807 5722 od
1826 5667 2048 5740 dispensandum,
2069 5677 2093 5722 et
2111 5667 2223 5722 subinde
2244 5683 2291 5736 pro
2311 5671 2347 5724 De
2367 5671 2448 5726 mulis

1490 5755 1608 5812 dimissis
1627 5755 1760 5810 substituit
1778 5757 1815 5812 Da
1833 5755 1913 5812 aeolis
1933 5755 2095 5822 commissis,
2117 5759 2163 5810 sed
2183 5765 2272 5812 contra
2285 5763 2448 5822 contextum

1491 5845 1551 5898 vide
1571 5845 1649 5912 paulo
1666 5845 1782 5900 interius.

1561 5931 1665 5988 ¹'Vere
1687 5937 1728 5988 te.
1748 5943 1774 5990 et
1790 5935 1889 5990 deiude
1905 5953 1932 5988 v.
1953 5937 1995 5988 30.

1562 6019 1585 6052 ¹⁰
1603 6025 1676 6076 Vers.
1697 6025 1722 6076 3.
1740 6031 1767 6078 et
1784 6025 1811 6078 5.
1827 6021 2141 6080 trosti-easaetenatone
2158 6025 2237 6078 codd.
2255 6031 2449 6092 prosequuntur

1491 6111 1539 6182 qui
1556 6111 1699 6168 ambulant
1716 6113 1744 6168 in
1763 6113 1913 6180 decidatis,
1936 6113 1964 6168 in
1982 6111 2102 6168 inaurit's
2123 6121 2186 6178 ete.;
2205 6113 2254 6182 qni
2268 6111 2383 6168 reddent
2397 6119 2448 6168 etc.

1563 6199 1740 6256 11Venelli.

1562 6289 1585 6320 1²
1604 6289 1791 6344 Declantation.
1811 6289 1867 6358 (clv.
1880 6303 1959 6354 supra
1972 6291 2113 6356 pag-228,
2127 6295 2188 6344 nota
2202 6289 2235 6356 8.)
2258 6289 2345 6342 xttv.
2357 6303 2385 6342 n.
2398 6289 2448 6342 bl:

1490 6379 1574 6444 Sede,
1598 6385 1737 6446 computa,
1757 6379 1822 6448 quid
1840 6379 1935 6432 diebos
1957 6379 2065 6446 singulis
2083 6379 2218 6448 acquirere
2236 6379 2340 6442 valeas,
2362 6383 2450 6434 certus

1490 6469 1631 6536 equidem,
1650 6469 1721 6534 apud
1739 6469 1824 6522 Deum
1847 6469 1947 6520 nullum
1974 6469 2084 6520 cannino
2107 6467 2209 6522 bonum
2227 6469 2448 6522 irremuneratum

1377 6589 1380 6598 ·
1490 6559 1560 6622 tore,
1581 6563 1605 6610 et
1623 6559 1691 6610 sicut
1709 6559 1807 6610 nullum
1829 6557 1951 6622 capillum
1970 6557 2004 6610 de
2023 6571 2134 6622 corpore
2153 6557 2211 6622 [etr.
2229 6559 2291 6610 Luc.
2314 6557 2355 6622 2ῖ,
2378 6555 2449 6624 ῖ8.],

1491 6643 1530 6698 sic
1548 6657 1596 6698 nec
1614 6655 1779 6698 momentum
1797 6643 1969 6710 detempore
1988 6645 2145 6710 periturum.
2157 6665 2193 6686 -’-
2207 6645 2255 6698 Pro
2273 6641 2393 6712 accipitur·
2405 6657 2451 6696 ru·

1492 6733 1529 6788 tio
1547 6733 1662 6788 Acuti
1679 6733 1804 6802 calpetus·
1826 6733 1853 6802 [F
1871 6731 2011 6802 eaipoiar]
2030 6733 2109 6788 ratio.
