5900 8266
340 1469 471 1516 Uolandum.

353 2635 471 2688 Indignatio

386 2689 432 2732 itii.

490 541 556 624 6611

491 721 521 784 66
545 717 682 784 manium
705 719 816 784 Petrus
838 722 870 784 et
890 719 1024 796 PauluS,
1049 719 1103 802 qui
1121 735 1183 784 nou
1198 723 1321 784 lautum
1339 717 1446 796 verbu,

490 823 720 890 verumetiam
754 823 901 906 exemplo
932 823 1126 898 clamabant,
1162 821 1334 888 secundum
1370 821 1447 886 illud

490 927 612 1012 primae
633 927 673 992 ad
695 927 894 994 Timotheum
912 927 1056 1012 primo1:
1085 925 1262 992 «Christus
1286 927 1371 992 lesus
1394 943 1447 992 ve-

491 1033 538 1100 uit
560 1033 591 1098 in
615 1033 700 1098 bunc
725 1031 896 1110 mundum,
920 1039 1100 1116 peccatores
1122 1031 1224 1096 salros
1240 1029 1357 1108 lacere,
1373 1047 1447 1114 quu-

491 1155 564 1204 666
587 1137 710 1224 primus
734 1145 791 1222 ego
813 1155 894 1204 sum.
921 1137 981 1204 Sed
1010 1135 1080 1204 ideo
1105 1133 1350 1202 misericordiam
1373 1153 1447 1200 oon-

492 1249 619 1312 seculus
638 1261 728 1324 sum,
758 1249 796 1310 ut
825 1243 858 1308 in
881 1261 933 1312 me
963 1243 1067 1330 primo
1095 1241 1273 1308 ostenderet
1304 1241 1449 1310 Christus

493 1349 577 1416 lesus
599 1367 722 1416 omnem
756 1349 956 1434 patientiam,
982 1349 1019 1414 ad
1055 1347 1306 1414 informationem
1336 1365 1448 1414 eorum

493 1453 547 1540 qui
571 1453 719 1522 credituri
755 1459 829 1520 sunt
864 1453 907 1518 illi
940 1453 972 1518 in
1002 1453 1099 1520 vitam
1115 1443 1290 1518 'aeternam
1306 1479 1336 1518 n.
1362 1453 1447 1522 Unde

492 1565 522 1626 el
545 1567 675 1644 propter
703 1567 884 1644 peccatores
914 1559 1055 1636 dicebat,
1077 1556 1221 1624 vitulum
1252 1557 1448 1644 supinatum

492 1685 560 1732 csse
589 1665 753 1744 occisum,
776 1681 850 1732 cum
881 1663 1005 1732 dicebat
1038 1663 1077 1730 ad
1109 1663 1261 1730 Romanos
1293 1663 1402 1750 quinto
1417 1669 1446 1732 ²:

498 1761 1045 1838 «116666666166166166616666
1070 1787 1158 1834 suam
1184 1771 1266 1838 Deus
1292 1771 1322 1838 in
1346 1771 1446 1852 nobis

492 1877 653 1962 quoniam,
680 1875 881 1944 66666666
909 1883 1089 1960 peccatores
1122 1893 1279 1958 essemus,
1304 1879 1448 1948 Christus

491 1981 661 2068 pronubis
686 1987 831 2048 mortuus
855 1986 912 2050 est.
930 1983 1026 2072 llullo
1050 1981 1146 2070 igitur
1170 1985 1268 2072 magis
1285 2003 1383 2066 nunc,
1400 1985 1448 2052 iu-

491 2087 615 2158 stificati
637 2089 669 2154 in
693 2089 844 2174 sauguine
868 2089 985 2174 ipsius,
1010 2089 1086 2158 salvi
1112 2091 1230 2160 erimus
1253 2094 1293 2161 ab
1320 2093 1369 2160 ira
1390 2111 1447 2178 per

491 2197 594 2280 ipsum
611 2219 641 2274 »;
665 2201 696 2262 61
719 2197 814 2282 paulo
843 2203 933 2282 post:
961 2223 978 2256 r
994 2197 1050 2266 Ubi
1082 2201 1254 2268 abundavit
1281 2201 1446 2278 delictum,

491 2301 759 2386 superabundavit
781 2309 813 2370 et
835 2305 952 2388 gratia3
978 2313 1032 2386 ul,
1058 2305 1139 2374 sicut
1163 2305 1306 2392 regnarit
1339 2323 1448 2390 pecca-

491 2415 560 2476 tum
583 2407 615 2474 in
638 2413 788 2490 mortem,
814 2409 857 2476 ila
880 2413 981 2498 gratia
1004 2419 1116 2500 regnet
1136 2431 1194 2500 per
1217 2413 1415 2480 iustitiam».

578 2515 632 2580 17.
656 2515 757 2600 (Vers.
782 2517 860 2598 26).
885 2517 921 2584 Et
944 2517 1019 2602 quia
1043 2519 1159 2596 iustus,
1178 2517 1215 2584 de
1239 2517 1305 2584 suis
1328 2515 1448 2584 meritis

491 2635 711 2704 praesumem,
736 2621 817 2688 hanc
839 2621 990 2688 iustitiam
1015 2641 1076 2688 non
1100 2627 1258 2704 acceptat,
1281 2623 1377 2686 immo
1392 2639 1448 2706 po-

492 2725 555 2794 tius
578 2725 758 2812 indignatur
780 2735 891 2794 contra
915 2725 1161 2794 misericordiam
1186 2725 1260 2804 Uei,
1276 2725 1365 2812 quasi
1388 2725 1448 2790 ini-

490 2849 553 2914 que
568 2839 639 2918 agat
653 2833 813 2898 reddendo
828 2833 910 2898 bona
927 2849 984 2916 pro
1002 2831 1108 2908 malis;
1133 2829 1201 2896 ideo
1217 2829 1337 2896 subdit:
1355 2829 1448 2896 Indi-

486 2947 613 3022 gnatus
629 2945 672 3028 est
697 2943 808 3002 cutem
830 2945 860 3002 et
878 2935 1007 3002 nolebat
1022 2935 1170 3000 introire.
1196 2935 1255 3016 Qui
1278 2935 1362 3000 enim
1385 2953 1447 3000 nou

491 3049 632 3126 acceptat
653 3041 846 3106 affluentiam
871 3039 1103 3106 misericordiae
1128 3039 1194 3118 liei,
1217 3039 1270 3106 sed
1287 3039 1446 3106 sufficien-

492 3145 566 3212 tiam
588 3145 724 3212 iustitiae
749 3163 841 3224 suae,
867 3153 930 3212 666
954 3151 1057 3228 potest
1087 3145 1218 3212 introire
1250 3145 1287 3212 ad
1319 3145 1449 3212 unitatis

450 3307 462 3310 ..
491 3251 715 3318 ecclesiasticae
740 3251 919 3328 caritatem;
944 3257 973 3316 et
998 3253 1057 3316 buo
1081 3251 1254 3336 est,.quod
1277 3249 1392 3316 dicitur
1409 3251 1449 3318 ad

334 3585 472 3630 Ι1661666666.

491 3359 643 3422 Romanos
677 3355 885 3424 decimariis
915 3355 1047 3424 talibus:
1077 3357 1290 3442 «Ignorantes
1320 3357 1376 3424 Dei
1398 3357 1448 3424 iu·

491 3463 607 3530 stillam
633 3469 662 3528 et
687 3481 775 3528 suam
800 3463 942 3530 volentes
964 3469 1122 3542 statuere,
1146 3463 1283 3531 iustitiae
1307 3463 1362 3528 Uei
1385 3483 1449 3530 666

491 3575 567 3636 sunt
588 3565 719 3634 subiecti
737 3595 767 3632 s.
792 3567 879 3636 Unde
900 3575 933 3634 et
963 3569 1022 3636 bac
1046 3569 1083 3634 66
1116 3587 1209 3636 causa
1240 3561 1449 3652 666616616-

490 3673 597 3740 doicus
621 3691 683 3740 non
707 3673 775 3740 vult
797 3673 930 3742 introire
953 3673 987 3738 in
1015 3673 1254 3742 ecclesiasticam
1284 3673 1449 3754 unitatem,

491 3779 581 3864 quia,
604 3777 789 3864 superbiens
805 3779 843 3846 de
859 3797 917 3846 sua
941 3779 1070 3860 iustitia,
1093 3799 1155 3846 non
1178 3783 1318 3864 acceptat
1333 3781 1448 3848 summi

491 3885 590 3954 Patris
614 3883 858 3952 misericordiam
883 3885 1100 3970 peccatoribus
1124 3885 1306 3970 impensam.
1324 3887 1360 3952 El
1376 3905 1449 3954 cou-

491 3999 540 4058 tra
573 3991 648 4058 tales
683 3991 798 4058 dicitur
830 3991 868 4058 ad
902 3991 1056 4058 Romanos
1088 3991 1227 4058 tertiolr
1259 3991 1448 4060 «lustilicati

489 4097 588 4184 gratis
614 4115 671 4182 per
700 4097 832 4184 gratiam
866 4097 979 4182 ipsius,
1005 4115 1061 4182 per
1091 4097 1450 4186 redemptionemque

491 4209 538 4270 cst
561 4203 602 4270 inw
616 4201 741 4290 Christo
764 4204 849 4282 lesu,
869 4221 969 4290 quem
993 4203 1156 4288 proposuit
1192 4205 1275 4270 Deus
1298 4205 1449 4290 propitia-

489 4317 591 4376 torem
614 4309 786 4394 perfidem
812 4309 844 4374 in
869 4309 1020 4396 sanguine
1051 4309 1149 4396 ipsius
1164 4335 1242 4390 »με
1259 4311 1449 4396 utsttipse

489 4413 594 4482 iustus
615 4413 842 4502 etiuslilicans
865 4421 939 4492 eum
962 4415 1016 4502 qui
1040 4422 1089 4482 est
1112 4423 1153 4482 en
1179 4415 1332 4484 fidelesu
1356 4417 1450 4484 Chri-

489 4521 539 4588 sti.
565 4519 621 4588 Ubi
635 4529 794 4608 asterga
812 4523 956 4608 gloriatio
978 4529 1083 4590 tuan?
1107 4529 1139 4588 et
1160 4523 1324 4608 sequitur:
1345 4525 1449 4590 ‘rr-Un-

492 4627 581 4694 clusa
602 4633 651 4694 est
665 4641 696 4692 s.
725 4627 956 4694 «arbitramur
977 4627 1077 4708 euim,
1100 4627 1273 4696 iustificari,
1287 4627 1447 4696 bominem

491 4731 664 4816 perfidem
690 4735 769 4820 siue.
786 4733 949 4820 operibus·
967 4733 1056 4820 Legis
1073 4759 1101 4798 r.
1129 4735 1188 4800 lste
1217 4733 1332 4820 igilur,
1355 4753 1449 4822 prae·

491 4857 620 4908 sumens
643 4839 681 4906 de
704 4839 823 4912 iustitia
835 4845 877 4906 el
899 4839 1065 4926 indignans
1081 4857 1140 4924 pro
1154 4839 1369 4908 misericordia
1385 4841 1449 4908 lra-

423 4977 426 4982 ·
490 4945 533 5010 tri
555 4945 713 5030 impensa,
736 4963 797 5014 non
822 4947 963 5014 ambulat
991 4943 1164 5014 secundum
1196 4945 1361 5026 iustitiam,
1394 4947 1448 5014 sed

490 5051 664 5116 seeundum
688 5051 893 5130 iniustitiam,
913 5051 1007 5136 quia,
1031 5049 1272 5118 Proverbiorum
1297 5053 1449 5134 vigesimo

489 5155 608 5234 66665,
639 5181 654 5212 r
669 5155 723 5240 qui
747 5155 785 5224 ad
809 5153 1034 5240 indignandum
1058 5154 1157 5221 facilis
1172 5161 1220 5220 est
1235 5153 1295 5220 erit
1319 5155 1357 5220 66
1374 5163 1446 5240 pec-

491 5267 560 5326 cata
584 5261 751 5344 proclivior
764 5287 793 5326 n.
823 5301 845 5308 η
934 5281 936 5288 1
1261 5291 1262 5294 ¹
1331 5281 1332 5286 ¹

562 5595 571 5626 ¹
592 5599 666 5650 Vecs,
687 5599 728 5652 lb.
748 5599 835 5652 6116
1101 5669 1103 5674 ,

560 5683 573 5714 ²
592 5689 666 5740 Vers.
686 5691 711 5740 8.
730 5703 785 5756 seq.
804 5689 946 5740 66661666
965 5705 990 5740 v.
1013 5689 1056 5740 26.
1076 5695 1100 5740 66
1120 5691 1163 5740 21.

560 5773 665 5830 ³Vors.
685 5779 710 5830 3.
728 5807 763 5818 -
782 5779 896 5842 Hieron,
914 5779 993 5844 Epist.
1015 5779 1057 5830 21.
1086 5777 1160 5844 (alias
1180 5779 1189 5830 l
1199 5777 1250 5846 ts.)
1271 5795 1296 5832 6.
1316 5781 1358 5832 3t.
1378 5797 1447 5848 seq:

454 5883 456 5890 ·
489 5863 575 5920 Causa
586 5865 856 5936 166616166,666(1666
871 5867 897 5920 in
910 5867 956 5920 Uei
968 5869 1059 5920 laudes
1072 5867 1125 5920 tolo
1139 5867 1204 5920 orbe
1214 5883 1279 5930 voce
1293 5871 1448 5936 concinitur,

490 5955 560 6008 salus
580 5959 617 6018 est
631 5957 762 6022 gentium,
776 5957 846 6010 salus
858 5961 898 6010 est
911 5959 1080 6022 peccatorum
1088 5977 1095 6020 ;
1108 5957 1236 6010 laetantur
1247 5957 1348 6022 Angeli,
1361 5959 1449 6010 omnis

489 6043 518 6096 in
537 6045 663 6110 garulium
682 6053 800 6100 creatura
819 6047 961 6112 consentit,
979 6051 1005 6100 et
1024 6047 1124 6100 desolo
1139 6047 1337 6100 diciturlsrael:
1355 6049 1448 6100 lrutrrs

489 6134 685 6190 6616666166
712 6135 824 6190 irritare.
852 6137 984 6202 irascitur,
1004 6151 1033 6190 se
1059 6133 1180 6200 absente,
1207 6139 1311 6188 tratrem
1332 6151 1390 6190 esse
1407 6151 1449 6190 su-

491 6231 639 6292 sceptum...
658 6233 682 6280 66
700 6241 771 6280 nunc
789 6227 851 6284 loris
869 6231 919 6278 slat
939 6227 1015 6278 lsrael
1034 6233 1085 6280 etc.
1106 6231 1110 6258 ·’

561 6313 577 6344 1
593 6317 668 6370 Vers.
689 6317 786 6380 26-28,
804 6313 924 6382 pluribus
944 6323 1032 6368 lamen
1048 6315 1161 6368 omissis.
1181 6317 1245 6368 Fere
1265 6327 1356 6368 omnes
1369 6313 1447 6368 codd.

490 6405 595 6470 legunt:
614 6403 744 6458 lustilicali
765 6403 846 6468 gratis
865 6417 912 6468 per
937 6403 1047 6470 gratiam
1074 6401 1110 6458 ud
1137 6403 1264 6456 1166666
1282 6415 1330 6468 per
1348 6403 1449 6454 redem-

490 6493 607 6558 ptionem
627 6493 726 6562 ipsius,
745 6507 813 6562 quoe
833 6499 871 6546 esi
892 6493 917 6544 in
937 6493 1053 6556 Cluisto,
1074 6491 1101 6546 in
1113 6505 1193 6562 prtem
1203 6491 1296 6562 posuit
1308 6493 1377 6544 Deus
1386 6505 1450 6562 pro·

487 6583 657 6652 pitirtlr'orterrt
674 6597 723 6648 per
740 6583 849 6636 iidem...
869 6589 897 6636 66
925 6583 959 6636 sit
986 6583 1042 6646 ipse
1062 6583 1159 6644 iustuS,
1179 6581 1335 6644 iustilicauS,
1354 6583 1449 6648 quiex

490 6673 543 6724 lide
560 6679 601 6726 est
617 6677 675 6728 lesu
694 6673 816 6730 Cbrisll...
835 6673 998 6726 rlrbilramur
1012 6669 1095 6738 66166,
1109 6669 1242 6724 homoinem
1263 6671 1396 6724 iustillcari
1414 6685 1450 6724 66

488 6761 542 6830 666
560 6763 615 6814 siue
635 6763 770 6828 operibus

561 6845 573 6876 b
593 6847 666 6904 vers.
685 6853 728 6904 22.
1154 6845 1173 6912 ¹⁰
1191 6847 1242 6900 Cir.
1263 6861 1342 6912 Sllpl'a
1361 6861 1387 6900 ll.
1407 6847 1451 6902 lb.

1074 545 1267 610 COlldlENT.
1293 545 1329 610 IN
1356 543 1592 610 evidentium
1615 539 1731 608 LUCbE
1753 537 1787 604 C.
1809 541 1872 608 XV.

1601 719 1653 784 18.
1677 715 1781 782 Prtler
1807 735 1884 804 erpo
1918 717 2007 786 iltius
2039 735 2188 802 egressus
2222 721 2280 784 elo.
2312 695 2383 782 Post
2413 715 2468 782 de·
2484 729 2633 784 secundun

1511 823 1661 908 scriptam
1684 821 1911 906 impatientiam
1940 823 1995 890 filii
2029 823 2065 890 ad
2097 821 2340 908 indignationem
2363 787 2634 894 conci-iiiiiiiiiii

1510 927 1655 1012 piendam
1685 929 1740 994 bic
1766 929 1935 996 secundo6
1960 913 2134 996 ostenditur
2164 927 2335 994 clementio
2355 895 2529 1012 putris¹'¹³'

1511 1033 1558 1100 66
1565 1083 1566 1086 ,
1580 1033 1841 1120 indignationem
1862 1033 2082 1120 placendum,
2105 1033 2160 1100 ubi
2183 1033 2246 1100 tria
2261 1031 2468 1100 introducun-

1511 1145 1574 1205 tur.
1604 1139 1703 1206 Primo
1728 1141 1809 1206 enim
1835 1141 2049 1226 praemittitur
2078 1149 2119 1206 en
2153 1148 2241 1226 parte
2265 1139 2362 1226 patris
2385 1139 2433 1206 ull
2453 1177 2468 1188 -

1511 1245 1600 1312 cutio
1619 1247 1700 1332 pio,·
1726 1245 1878 1324 secunde,
1896 1251 2019 1330 aparte
2035 1245 2089 1312 lilii
2107 1245 2275 1332 responsio
2288 1253 2446 1330 proterva
2456 1269 2468 1322 ,·

1511 1353 1607 1420 tertio
1628 1351 1832 1438 subiungitur
1852 1351 2030 1438 persuasio
2048 1351 2230 1438 plurativo.

1602 1459 1704 1524 Primo
1729 1457 1824 1542 igitur
1860 1463 2011 1542 quantum
2048 1459 2086 1524 ad
2116 1459 2216 1542 patris
2244 1457 2467 1524 allocutionem
2498 1471 2605 1536 orirerur

1511 1565 1682 1648 piissimam
1704 1561 1794 1630 dicit:
1819 1561 1922 1628 Pater·
1951 1581 2029 1648 erpo
2059 1561 2152 1630 illius
2184 1581 2337 1650 egressus
2364 1561 2467 1648 coepit
2486 1539 2523 1582 ¹²¹³
2541 1531 2617 1582 pam&

1511 1689 1633 1756 ropure
1658 1689 1732 1736 curn
1745 1669 1766 1732 ¹.
1795 1667 1973 1754 Egreditur
1994 1673 2100 1734 autem
2130 1677 2221 1754 pater
2243 1669 2285 1736 66
2306 1669 2468 1748 exteriora

1511 1795 1569 1860 per
1594 1773 1899 1852 condescensionem,
1928 1771 2102 1840 secuudum
2134 1773 2213 1840 illud
2236 1775 2377 1842 Habacuc
2403 1781 2467 1840 ter-

1511 1879 1600 1946 tio⁸:
1628 1879 1812 1962 «Egressus
1835 1895 1869 1944 es
1891 1877 1924 1942 in
1946 1877 2079 1944 salutem
2105 1879 2212 1964 populi
2237 1881 2283 1946 tui
2306 1885 2339 1946 et
2361 1879 2392 1944 in
2418 1897 2468 1946 sa-

1511 1985 1610 2052 lutem
1633 2001 1706 2050 cum
1731 1983 1856 2052 Christo
1877 1989 1932 2050 666
1949 2009 1980 2066 »;
1997 2001 2144 2070 egressus
2175 1983 2292 2052 scilicet
2317 1985 2376 2050 iste
2405 2003 2467 2052 non
2485 2001 2625 2058 666666-

1511 2097 1559 2158 est
1580 2089 1668 2158 aliud
1690 2089 1749 2158 uisi
1772 2091 1971 2160 manifestare
1987 2109 2019 2158 se
2035 2089 2179 2158 exterius
2194 2091 2226 2156 in
2243 2107 2355 2170 carne;
2370 2091 2468 2158 Isaiae
2532 2067 2577 2098 Μ’

1511 2197 1706 2284 sexagesimo
1731 2201 1884 2266 secundo:
1916 2227 1931 2258 «
1946 2199 2074 2284 Propter
2108 2197 2178 2266 Sion
2210 2217 2272 2266 non
2298 2197 2406 2266 tacebo
2435 2205 2468 2264 66

1511 2309 1640 2392 propter
1664 2307 1832 2374 ierusalem
1864 2325 1926 2374 non
1955 2305 2132 2392 quiescam,
2158 2305 2254 2374 donec
2287 2303 2467 2390 egrediatur

1511 2417 1550 2476 ut
1571 2411 1718 2496 splendor
1742 2413 1845 2480 iustus
1868 2399 1936 2480 eius
1952 2439 1968 2472 »
1997 2421 2055 2480 616.
2072 2449 2115 2460 -
2139 2413 2175 2478 Et
2197 2413 2272 2498 quia
2296 2411 2347 2478 bic
2363 2429 2467 2494 egres-

1511 2537 1566 2584 sus
1589 2517 1648 2586 luit
1673 2537 1713 2586 en
1739 2537 1851 2606 magna
1872 2521 1988 2604 pietate
2009 2519 2049 2584 ad
2082 2519 2242 2584 hominem
2265 2515 2466 2596 salvandum,

1511 2623 1579 2690 ideo
1604 2623 1690 2690 dicit:
1717 2623 1825 2708 Coepit
1848 2641 1970 2710 rogare
1993 2641 2086 2698 6666
2110 2623 2148 2688 66
2172 2623 2325 2690 Hebraeos
2350 2623 2468 2690 66666--

1511 2731 1590 2794 6166
1605 2731 1635 2794 9:
1666 2731 1858 2812 «Tanquam
1880 2727 1953 2792 tiliis
1978 2743 2009 2792 se
2033 2727 2124 2792 ollert
2146 2727 2235 2794 robis
2255 2727 2382 2794 Deus».
2411 2731 2468 2794 lto-

1511 2841 1563 2918 gat
1584 2851 1675 2918 ergo,
1698 2833 1723 2896 si
1755 2839 1867 2898 contra
1900 2831 2003 2914 ipsum
2039 2831 2260 2914 dedignamur,
2294 2833 2468 2900 secundum

1510 2935 1587 3002 illud
1613 2937 1705 3004 isaiae
1730 2937 1905 3022 trigesimo:
1935 2935 2078 3002 «Audies
2096 2935 2229 3002 verbum
2245 2943 2314 3022 post
2339 2945 2465 3022 tergum

1510 3041 1686 3106 intonantis:
1709 3041 1789 3106 llaec
1812 3049 1860 3106 est
1875 3039 1926 3106 ria
1939 3039 2040 3120 bona,
2056 3041 2214 3106 ambulate
2231 3041 2260 3106 in
2278 3059 2313 3106 ea
2328 3067 2361 3108 ».
2378 3043 2466 3110 Unde
2487 3055 2620 3100 Notandum.

1511 3145 1577 3232 ipse
1600 3147 1685 3214 Deus
1706 3145 1797 3214 Pater
1820 3151 1931 3212 contra
1952 3145 2057 3230 ipsum
2073 3145 2173 3212 tilium
2189 3145 2382 3230 indignatum
2403 3163 2464 3214 non

1511 3251 1710 3336 indignatur,
1736 3251 1789 3318 sed
1813 3251 1917 3336 potius
1940 3269 2013 3316 eum
2039 3255 2127 3336 rogat
2150 3257 2181 3316 61
2203 3251 2401 3328 consolatur,
2429 3261 2467 3318 ut

1511 3359 1680 3442 impleatur
1691 3357 1767 3424 illud
1781 3357 1877 3424 isaiae
1891 3357 2087 3444 sexagesimo
2105 3365 2193 3424 sexto
2207 3357 2250 3422 1⁰:
2273 3357 2463 3440 «Quomodo

1512 3465 1536 3532 si
1562 3465 1613 3532 oui
1635 3471 1743 3532 mator
1766 3463 1962 3544 blandiatur,
1988 3465 2031 3532 ita
2064 3481 2121 3550 ego
2155 3463 2339 3532 consolabor
2363 3481 2420 3532 ros
2435 3493 2466 3544 »3

1512 3571 1761 3650 necimmerito,
1778 3571 1869 3656 quia,
1884 3571 1965 3638 sicut
1990 3571 2104 3638 dicitur
2127 3571 2281 3640 secundae
2298 3571 2335 3636 ad
2360 3571 2467 3640 Curin-

1512 3677 1594 3742 thius
1629 3677 1750 3762 primu,
1789 3703 1806 3734 «
1822 3675 1887 3760 ipse
1919 3682 1965 3742 est
1996 3683 2083 3762 pater
2115 3675 2403 3742 misericordiarum
2435 3687 2467 3746 et

1512 3785 1595 3850 Deus
1620 3783 1714 3850 totius
1739 3781 1970 3862 consolationis
1989 3783 2043 3868 qui
2060 3783 2240 3850 consolatur
2254 3799 2312 3848 nos
2333 3781 2365 3850 16
2381 3787 2467 3850 6661

1512 3889 1713 3956 tribulatione
1737 3895 1843 3954 nostra
1860 3913 1889 3954 n.
1914 3887 2000 3956 Unde
2022 3889 2170 3958 Ieremiae
2193 3889 2325 3954 tertio1,1
2350 3889 2466 3956 dicitur

1511 3995 1550 4062 66
1573 3997 1633 4064 bac
1654 3995 1858 4062 allocutione:
1889 4021 1904 4052 n
1923 3997 2001 4080 Urgo
2023 3997 2134 4062 saltem
2157 3993 2268 4060 amodo
2298 4013 2373 4062 roca
2396 4013 2465 4062 me:

1512 4103 1601 4168 Pater
1625 4117 1731 4180 meuS,
1755 4099 1824 4166 dun
1851 4099 2039 4186 virginitatis
2069 4117 2155 4168 meae
2192 4105 2227 4166 tu
2251 4117 2316 4166 cs»
2347 4105 2405 4168 etc.
2431 4101 2466 4168 Et

1512 4207 1556 4276 sio
1571 4207 1727 4294 impletur
1752 4207 1828 4274 illud
1853 4207 1903 4276 lob
1928 4207 2167 4274 decimonono:
2197 4229 2212 4266 r
2230 4205 2467 4282 Orabamlilios

1512 4313 1592 4380 uteri
1617 4313 1678 4398 mei
1695 4339 1725 4378 »,
2084 4355 2086 4360 6

1536 4427 1538 4432 ’
1599 4421 1651 4486 itt.
1679 4417 2048 4504 (16662266666666
2077 4425 2231 4504 quantum
2261 4419 2301 4486 ad
2330 4417 2467 4504 611616-
2494 4433 2622 4528 setsronssip

1511 4525 1716 4612 sponsionem
1746 4533 1939 4612 protervum
1969 4525 2089 4592 subdit:
2115 4529 2158 4590 Ar
2189 4525 2243 4594 ille
2263 4525 2465 4610 respondens
2480 4499 2577 4542 ‘'W“
2592 4499 2631 4528 ¹¹¹⁶

1512 4633 1595 4700 diruit
1616 4633 1713 4718 putri
1733 4643 1818 4702 suo:
1843 4635 1941 4714 Ecce,
1966 4639 2011 4700 166
2045 4633 2144 4698 annis
2177 4631 2283 4698 scruto
2309 4631 2386 4708 tibi;
2411 4633 2464 4700 ubi

1511 4743 1657 4822 proterve
1673 4739 1863 4824 respondet,
1880 4745 1909 4804 et
1926 4739 2001 4824 quia
2015 4755 2049 4802 se
2066 4737 2177 4822 ipsum
2192 4739 2298 4804 666161
2312 4737 2350 4804 de
2370 4735 2465 4804 iusti-

1489 4899 1490 4902 .
1513 4843 1718 4924 66616666,
1743 4845 1827 4930 quod
1850 4845 1942 4930 longo
1965 4849 2106 4928 tempure
2129 4843 2465 4928 6666161666166666

1512 4955 1614 5016 tannen
1637 4949 1704 5032 ipse
1727 4951 1818 5016 Pater
1839 4949 1991 5034 obsequio
2024 4953 2133 5014 nostro
2156 4967 2216 5014 non
2242 4947 2393 5032 indigeat,
2419 4965 2466 5014 se-

1512 5053 1648 5120 cundum
1673 5051 1752 5120 illud
1773 5053 1886 5122 Psalmi
1898 5055 1943 5118 1²:
1972 5079 1989 5110 «
2006 5053 2076 5118 Dixi
2094 5053 2243 5120 Domino:
2267 5053 2352 5120 Deus
2376 5069 2463 5120 meus

1512 5173 1544 5224 es
1569 5163 1627 5236 16,
1652 5159 1801 5242 quoniam
1832 5159 1989 5226 bonorum
2021 5177 2164 5226 meorum
2198 5179 2260 5226 non
2292 5177 2410 5244 egesr3
2436 5169 2466 5228 et

1437 5299 1439 5302 -
1512 5261 1564 5328 lob
1587 5261 1746 5348 trigesimo
1769 5263 1895 5348 quinto:
1926 5291 1943 5324 «
1958 5265 2072 5346 Porm,
2096 5265 2121 5332 si
2144 5265 2227 5334 iuste
2251 5267 2367 5352 egeris,
2390 5267 2465 5352 quid

1582 5601 1590 5632 ²
1611 5609 1646 5658 lta
1665 5605 1743 5658 ctiam
1764 5605 1878 5670 Hierum,
1896 5609 1975 5674 Epist.
2006 5609 2047 5660 21.
2068 5607 2140 5674 (alias
2166 5607 2236 5674 116.)
2257 5623 2281 5660 6.
2304 5611 2350 5670 33;
2371 5609 2418 5662 clr.
2439 5611 2465 5662 U.

1511 5691 1605 5746 albert.
1626 5699 1650 5746 et
1669 5695 1697 5746 S.
1715 5695 1809 5746 'lbom
1829 5693 1893 5760 (Cat.
1912 5709 1991 5746 aurea
2011 5695 2037 5746 iu
2060 5697 2124 5746 Luc.
2152 5695 2237 5746 166.
2257 5695 2384 5762 6.),1166.
2404 5709 2465 5748 cnm

1512 5781 1623 5848 Vulgata
1644 5781 1731 5836 illum.

1582 5869 1592 5900 ⁸
1611 5873 1686 5924 Vens,
1706 5871 1747 5922 13.
1766 5899 1802 5910 -
1821 5869 1938 5924 Subinde
1964 5873 2090 5936 allegatur
2116 5869 2172 5924 lsai.
2198 5871 2289 5936 62,1,
2310 5899 2343 5910 -
2373 5871 2460 5924 Glossa

1511 5959 1692 6014 interlinearis
1706 5959 1746 6026 (ex
1761 5959 1890 6022 imbros,
1904 5959 1956 6012 Vll.
1968 5959 1994 6010 in
2007 5959 2069 6012 Luc.
2078 5973 2100 6010 c.
2120 5959 2157 6010 16.
2171 5959 2295 6026 626166
2309 5961 2389 6014 Putet·
2400 5973 2465 6028 erpo

1497 6047 1584 6108 ,illius
1602 6061 1728 6118 egressus
1748 6053 1809 6110 666,
1827 6049 1904 6100 61166
1924 6049 1994 6100 6666
2012 6047 2097 6100 bouus
2117 6055 2190 6112 pater
2204 6049 2306 6100 salvare
2320 6047 2400 6112 cupit.
2414 6047 2466 6100 Clr.

1512 6139 1629 6202 Hieron,
1642 6139 1690 6188 loc.
1704 6131 1760 6186 cit:
1773 6135 1857 6202 Quam
1873 6135 2003 6202 benignus
2015 6139 2039 6188 el
2051 6138 2165 6188 clemens
2179 6139 2267 6200 patent
2285 6141 2362 6198 rogat
2375 6135 2464 6200 lilium,

1512 6233 1539 6280 ut
1557 6225 1669 6280 laetitiae
1688 6223 1783 6276 domus
1802 6223 1934 6286 particeps
1952 6223 1997 6274 dut
2015 6229 2069 6278 etc.

1583 6313 1687 6366 ⁹Vers.
1706 6309 1729 6360 7.
1749 6337 1784 6350 -
1804 6311 1926 6376 Sequitur
1945 6313 2000 6364 lsai.
2020 6311 2069 6374 30,
2087 6313 2130 6364 21.

1583 6399 1605 6434 ¹⁰
1625 6405 1701 6456 Vers.
1722 6397 1943 6460 13,6616666.;
1963 6397 2096 6462 0666166
2115 6397 2196 6452 sicuti
2207 6401 2292 6450 rrrnler·
2308 6395 2466 6450 blandiatur

1512 6487 1709 6566 6116666166
1732 6489 1760 6538 et
1784 6499 1833 6552 epo
1855 6485 2015 6540 consolabor
2042 6499 2105 6550 uos,
2135 6487 2181 6538 clr.
2206 6499 2284 6550 supra
2316 6499 2376 6552 pag.
2396 6487 2463 6550 385,

1513 6589 1572 6636 nora
1596 6583 1635 6635 15,
1655 6607 1692 6620 -
1711 6575 1827 6628 Subinde
1845 6577 1971 6640 allegatur
1990 6577 2017 6628 ll.
2035 6575 2095 6628 Cor.
2116 6577 2146 6640 l,
2165 6575 2190 6626 3.
2209 6583 2265 6640 seq.
2304 6579 2305 6582 ’

1584 6671 1604 6702 ¹¹
1628 6673 1701 6724 Vers.
1720 6661 1745 6720 i.
1764 6667 1788 6714 el
1807 6663 1903 6716 deinde
1921 6663 1966 6716 lob
1986 6665 2031 6728 lii,
2053 6665 2094 6714 tt.

1585 6757 1605 6790 ¹²
1625 6757 1719 6812 Psalm.
1739 6749 1787 6814 ⁴5,
1807 6751 1838 6812 2,
1856 6757 1915 6814 post
1934 6763 2013 6816 quem
2031 6751 2077 6802 lob
2096 6751 2145 6812 35,
2162 6747 2188 6798 7.
2208 6775 2241 6784 —
2264 6747 2388 6808 Superius
2406 6751 2466 6798 anic

1515 6847 1579 6918 quin
1602 6863 1632 6904 se
1654 6843 1743 6912 rpsrurt
1769 6835 1849 6890 166161
1875 6839 1931 6890 Uat.
1957 6837 2050 6888 omittit
2075 6839 2112 6902 rt,
2138 6835 2209 6898 quod
2232 6835 2466 6900 explicatamque
