5908 8266
487 629 553 694 ‘518

487 803 580 884 luda;
603 821 646 872 ex
669 809 702 872 ῖθ
723 803 809 872 euim
839 803 1020 890 egredietur
1056 803 1110 890 qui
1145 803 1188 870 sit
1215 803 1394 872 dominator
1417 805 1449 872 in

489 911 600 992 lsrael;
626 916 656 978 et
679 929 826 996 egressus
847 911 916 980 eins
941 911 979 978 ab
1004 911 1107 990 initio,
1124 911 1268 978 adiehus
1282 911 1450 978 aeternita-

490 1015 579 1082 tis».
602 1015 672 1082 Ιεῖθο
697 1013 735 1082 θεῖ
761 1019 912 1084 Romanos
937 1015 1038 1100 primo
1052 1017 1081 1082 1:
1112 1041 1129 1074 o
1144 1015 1203 1100 Qui
1227 1015 1329 1082 lacius
1352 1021 1398 1082 est
1424 1017 1450 1082 ei

490 1139 531 1188 en
556 1121 673 1190 semiue
698 1121 795 1190 David
820 1123 995 1190 secundum
1018 1139 1164 1202 carnem,
1190 1121 1245 1208 qni
1278 1115 1450 1206 praedesti-

491 1235 585 1294 natus
607 1233 654 1296 est
678 1225 774 1296 Filius
797 1227 852 1296 Dei
877 1229 907 1294 in
944 1229 1080 1308 virtute,
1104 1229 1276 1296 secundum
1304 1227 1449 1312 spiritum

491 1331 776 1400 sanctificationis»
807 1339 882 1414 etc.;
905 1339 938 1402 et
959 1335 1000 1402 ad
1021 1333 1179 1400 Romanos
1196 1351 1302 1412 nono:
1335 1359 1351 1392 r
1369 1335 1452 1418 Quo-

491 1457 567 1506 rum
589 1445 638 1508 θεῖ
658 1439 783 1526 adoptio
809 1439 946 1508 liliorum
979 1447 1011 1508 et
1040 1439 1141 1526 gloria
1177 1445 1206 1508 et
1230 1445 1450 1508 testamentum

491 1553 523 1614 et
558 1547 709 1632 legislatio
741 1553 772 1614 el
803 1547 1006 1634 obsequium
1031 1551 1064 1612 et
1095 1547 1277 1630 promissa,
1313 1563 1449 1632 quorum

491 1658 615 1738 patrea,
639 1653 822 1736 exquibus
852 1657 899 1720 θεῖ
932 1651 1075 1720 Christus
1107 1651 1280 1720 secundum
1307 1669 1449 1732 caruem,

492 1759 546 1844 qui
571 1765 738 1844 estsuper
761 1757 866 1826 omnia
887 1759 1072 1826 benedictus
1095 1757 1224 1826 Deus».
1253 1757 1288 1826 Εῖ
1313 1759 1371 1826 hoc
1393 1775 1450 1826 ex-

493 1883 600 1950 presse
632 1863 749 1932 dicitur
775 1865 897 1934 loannis
926 1863 1072 1950 prino2:
1102 1865 1167 1930 «ln
1194 1865 1351 1952 principio
1383 1871 1452 1932 erat

493 1973 681 2054 Verhnm»;
703 1979 735 2040 et
764 1979 853 2060 post:
890 1999 906 2032 r
923 1973 1062 2042 Verbum
1085 1989 1160 2040 caro
1193 1971 1311 2040 iactum
1347 1979 1392 2042 est
1422 1979 1452 2042 et

494 2079 645 2160 habitavit
668 2079 699 2144 in
734 2079 841 2160 nobis,
868 2083 897 2146 et
934 2079 1070 2146 ricinus
1102 2079 1235 2164 gloriam
1263 2081 1332 2146 eius
1349 2105 1365 2160 a
1391 2087 1450 2148 etc.

495 2185 654 2252 Postremo
679 2187 746 2270 ipse
774 2185 936 2264 Christus,
972 2185 1093 2252 loannis
1117 2185 1269 2253 octanoiz
1304 2187 1452 2256 «Princi-

399 2351 402 2354 .
492 2291 599 2378 pium,
625 2291 679 2378 qui
702 2297 734 2358 et
757 2293 870 2380 loquor
891 2291 984 2360 robis
998 2315 1029 2372 ¹³3
1048 2299 1077 2360 et
1093 2291 1293 2378 Apocalypsis
1321 2295 1451 2362 ultimo:

342 2625 473 2672 Notandum.

500 2423 514 2456 ε
526 2399 589 2484 Ego
603 2415 675 2464 snm
686 2397 779 2484 alpha
793 2405 822 2466 et
834 2417 953 2486 omega,
968 2399 1091 2486 primns
1107 2407 1137 2468 et
1152 2401 1353 2482 novissimae,
1367 2401 1452 2488 prin-

497 2501 615 2588 cipium
637 2509 669 2572 et
691 2503 807 2572 finis».
834 2533 852 2566 «
870 2507 931 2594 Ego
953 2525 1023 2576 sum
1049 2507 1140 2576 radix
1166 2513 1196 2576 et
1220 2525 1320 2594 genus
1336 2507 1452 2588 David,

495 2611 582 2678 stella
598 2609 759 2694 splendida
773 2621 806 2680 et
818 2613 975 2698 matutina
987 2641 1016 2680 ».
1033 2653 1072 2662 -
1086 2615 1121 2682 ln
1135 2615 1196 2682 hoc
1211 2615 1310 2700 igitur
1331 2639 1348 2672 <c
1360 2615 1453 2696 duem

496 2715 656 2786 coustituit
681 2735 756 2786 suae
777 2719 939 2788 doctrinae
953 2747 987 2802 a,
1010 2721 1092 2788 sicut
1122 2721 1197 2786 dicit
1229 2719 1452 2798 ambrosiana

402 2853 403 2856 ¹
495 2825 570 2910 quia
590 2823 624 2890 in
645 2825 706 2892 lroc
743 2831 789 2894 θεῖ
817 2825 1077 2912 fundamentum
1113 2825 1302 2892 christianae
1329 2823 1454 2906 religio-

496 2931 559 3010 θῖε,
581 2929 616 2996 in
637 2949 701 3016 qno
722 2933 885 3000 radicatur
909 2939 941 2998 et
963 2931 1122 2998 clauditur
1137 2947 1231 2996 omne
1250 2927 1454 3008 credendum,

496 3035 615 3126 scilicet
636 3035 722 3122 qum
746 3037 892 3104 credatur
919 3035 1063 3102 Christus
1086 3035 1181 3100 homo
1204 3041 1236 3100 θῖ
1258 3035 1354 3100 Dens.
1376 3033 1453 3098 Nam

496 3159 605 3208 ramnes
627 3141 752 3207 articuli
775 3143 824 3208 vel
850 3141 887 3206 ad
912 3139 1113 3206 Divinitatem
1142 3139 1191 3206 vel
1215 3137 1253 3206 θεῖ
1279 3137 1455 3206 hnmanita-

497 3255 560 3314 tem
581 3245 801 3326 reducuntur;
824 3253 857 3314 et
878 3245 948 3314 ideo
983 3245 1107 3312 dicebat
1138 3245 1304 3330 apostolus
1334 3243 1455 3328 primae

496 3353 534 3420 ad
558 3351 737 3418 Corinthios
757 3349 894 3418 tertioi:
925 3351 996 3416 «Ut
1018 3349 1142 3434 sapiens
1166 3349 1359 3416 architectus
1379 3349 1455 3416 iuu-

496 3457 678 3524 damentnrn
702 3457 810 3542 posui;
844 3457 1083 3524 fondamentum
1115 3461 1220 3524 autem
1254 3455 1342 3522 alind
1363 3473 1455 3524 nemo

497 3569 599 3652 potest
620 3581 739 3650 ponere
759 3569 885 3650 praeter
903 3563 934 3630 id
949 3563 1035 3648 quod
1057 3563 1194 3648 positum
1214 3567 1276 3642 est,
1300 3563 1384 3650 quod
1410 3567 1457 3630 θεῖ

497 3669 641 3738 Christus
665 3671 750 3738 lesus
765 3697 798 3738 ».
822 3671 860 3737 Et
881 3669 948 3756 ipse
973 3667 1065 3736 etiam
1091 3676 1137 3738 est
1166 3669 1454 3756 complementum,

497 3777 671 3842 secundum
704 3775 783 3842 illud
813 3775 1020 3844 Ecclesiastici
1052 3775 1296 3862 quadragesimo
1318 3775 1454 3844 tanim:

502 3909 517 3942 «
535 3881 630 3948 ltlulta
653 3881 789 3950 dicimus
810 3889 843 3950 et
859 3881 1023 3950 deficimus
1039 3881 1070 3948 in
1088 3881 1211 3962 narnis,
1229 3881 1458 3950 consummatio

497 3995 605 4054 autem
627 4005 809 4056 sermonum
833 3989 901 4076 ipse
924 3994 973 4056 est
988 4015 1017 4052 a.

573 4213 727 4304 lniormaiio
745 4215 928 4288 discipulorum
947 4217 981 4272 ad
997 4217 1175 4292 prudentiam,
1194 4217 1226 4274 de
1243 4234 1295 4290 qua
1312 4217 1375 4274 iria.

589 4417 639 4482 ca.
674 4415 837 4484 audiente
869 4423 982 4484 nartem
1016 4417 1109 4484 omni
1133 4417 1258 4504 populo
1283 4421 1341 4484 etc.
1372 4421 1458 4486 Post-

497 4521 790 4608 quamcouiutanit
823 4523 1006 4592 Pharisaeos
1042 4529 1184 4592 errantes
1220 4541 1262 4592 ex
1286 4525 1404 4593 malitia
1425 4531 1460 4592 et

498 4627 693 4718 Sadducaeos
730 4637 872 4698 errantes
905 4649 944 4700 ex
970 4631 1160 4718 ignorantia,
1182 4631 1235 4700 hic
1264 4631 1382 4700 tertio¹
1406 4633 1458 4700 in-

497 4733 625 4822 formet
650 4733 830 4820 discipulos
851 4737 897 4802 od
915 4737 1144 4822 prudentium.
1162 4737 1197 4803 Et
1215 4737 1362 4824 qnoniam
1379 4757 1459 4824 pru-

450 4901 453 4906 .
498 4841 605 4908 dantia
625 4841 660 4910 in
681 4841 787 4910 trihus
809 4843 967 4924 consistit,
994 4843 1113 4912 scilicet
1141 4843 1171 4910 iu
1199 4842 1331 4910 enuteln
1355 4833 1458 4924 moli,

499 4945 653 5034 elipentin
675 4947 752 5014 loni
776 4955 805 5018 ct
818 4949 1032 5036 providentio
1046 4947 1163 5036 futuri
1173 4949 1209 5028 ⁸,·
1223 4949 1293 5018 ideo
1307 4967 1383 5036 pars
1399 4949 1473 5044 ista

499 5053 597 5120 habet
617 5059 683 5122 tres
707 5063 822 5140 parles.
849 5056 880 5121 ln
905 5073 1042 5142 quarum
1065 5055 1168 5140 prima
1196 5054 1345 5122 informat
1365 5055 1460 5122 disci-

497 5159 594 5244 pulos
612 5159 653 5226 ad
675 5161 841 5228 colneium
863 5159 1053 5240 malornm·
1077 5161 1108 5226 in
1133 5159 1272 5228 secunda
1293 5159 1405 5226 invitat
1419 5161 1461 5226 ad

498 5261 701 5348 eligentium·
721 5249 915 5344 ocellorum,
946 5263 1033 5330 ilai¹:
1056 5261 1245 5348 Respiciens
1277 5267 1387 5328 entem
1407 5261 1461 5342 ¹ci-

573 5701 584 5732 1
603 5703 678 5756 Vens.
698 5703 723 5754 3.
742 5717 798 5770 seq.
818 5710 844 5757 et
861 5701 960 5756 deinde
977 5703 1010 5766 9,
1030 5703 1054 5756 l.
1074 5717 1140 5770 seq,
1152 5701 1199 5757 nui
1212 5717 1260 5770 pro
1278 5705 1304 5758 et
1311 5701 1461 5772 promisso,

467 5807 471 5814 ·
502 5805 619 5860 coortam
637 5793 729 5860 potres
747 5791 831 5846 ACD
849 5795 873 5846 el
894 5789 1056 5862 promissio,
1084 5805 1203 5862 quornm
1226 5795 1292 5846 cnoel
1316 5791 1355 5862 [iu
1381 5791 1400 5846 C
1423 5807 1462 5846 se

501 5881 589 5936 cunda
606 5895 702 5934 manus
720 5881 822 5936 addidit
836 5879 955 5952 perires}
1205 5879 1215 5910 ¹
1233 5883 1311 5936 Vens.
1331 5883 1353 5936 l.
1373 5887 1400 5936 et
1418 5883 1461 5936 ld.

574 5969 678 6026 3ῖῑθεε.
700 5973 745 6034 25,
766 5977 923 6038 postquem
944 5975 1026 6038 Apoc.
1043 5975 1094 6038 22,
1114 5973 1156 6026 l3.
1175 5977 1203 6026 et
1222 5975 1230 6024 t
1239 5975 1264 6026 6.

573 6059 672 6116 4ῖῖῖῖε.
691 6063 725 6116 Χ.
742 6061 772 6116 ῖθ
788 6065 851 6116 Luc.
877 6077 901 6116 c.
927 6063 972 6116 20.
990 6077 1017 6114 n,
1037 6065 1068 6126 l;
1093 6063 1167 6116 cuius
1193 6061 1346 6116 sententiam
1370 6065 1463 6116 Glossa

503 6147 647 6204 ordinario
665 6149 690 6200 in
711 6151 773 6206 Luc.
791 6153 842 6216 20,
859 6149 905 6204 li.
929 6151 965 6204 ita
989 6149 1106 6206 exhibet:
1133 6149 1370 6206 consummaturus
1388 6165 1462 6218 prae·

388 6311 392 6314 „
503 6245 579 6306 cepla
597 6239 724 6294 Dominus
741 6239 770 6292 in
795 6241 848 6294 line
870 6241 1019 6294 testamenti
1043 6239 1086 6294 sui
1103 6239 1183 6294 iidem
1204 6241 1348 6302 concludit,
1367 6245 1397 6294 ul
1413 6241 1463 6294 Do·

502 6329 606 6382 mirram
623 6329 711 6382 lesum
728 6343 824 6384 verum
842 6329 926 6382 Deum
956 6335 981 6382 el
999 6343 1094 6382 verum
1120 6329 1257 6382 hominem
1275 6329 1309 6382 ad
1328 6329 1462 6382 dexteram

502 6419 586 6472 Patris
602 6419 697 6470 sedere
716 6419 864 6472 credamus.
884 6447 918 6458 -
938 6417 1057 6472 Subinde
1076 6431 1125 6484 pro
1151 6419 1215 6488 puio
1232 6415 1263 6472 in
1280 6417 1331 6474 icoc
1347 6419 1462 6472 Adule

504 6503 569 6576 patin
587 6503 638 6572 liic,
659 6511 684 6560 et
703 6521 750 6572 pro
770 6507 913 6562 radiculae·
938 6509 963 6560 et
985 6505 1125 6562 clauditur
1145 6507 1196 6560 CD
1214 6521 1227 6558 a
1248 6507 1363 6560 secunda
1383 6521 1463 6560 manu

503 6591 661 6648 radicaliter
680 6593 829 6650 clauditur.
863 6637 864 6640 ,
999 6661 1002 6668 ι

576 6679 682 6734 ⁶Vers:
702 6683 741 6734 tc.
764 6689 787 6736 et
807 6683 849 6734 lt.
869 6683 921 6738 Cir.
941 6685 978 6736 lll.
1000 6683 1071 6736 Seni.
1090 6681 1116 6734 d.
1137 6683 1179 6736 25.
1199 6697 1224 6734 a.
1245 6683 1309 6752 tq.
1324 6685 1347 6736 t.
1367 6685 1464 6738 etBre·

505 6769 769 6836 mmpdci

508 6887 509 6890 =
577 6857 588 6886 ¹
606 6859 681 6910 vers.
701 6861 748 6922 29,
768 6859 815 6914 nbi
833 6875 882 6926 pro
900 6857 1017 6916 'dicimos
1034 6867 1062 6914 et
1080 6857 1218 6930 deficimus
1237 6861 1296 6914 Vnt.
1323 6875 1385 6914 curn
1403 6863 1464 6916 Vul-

418 6953 419 6956 ’
506 6947 567 7008 gata
585 6941 705 6998 dicemur
722 6951 748 6998 et
767 6947 945 7016 deficiemus„

1079 625 1272 694 COllllENT.
1297 627 1334 694 IN
1358 627 1595 698 EVANGELIUM
1620 627 1738 696 LUCAE
1761 627 1794 692 C.
1818 617 1881 692 XX.

1513 803 1564 872 dit
1577 811 1653 884 etc.;
1673 781 1703 870 in
1719 803 1814 870 tertia
1827 819 1923 880 vero,
1939 803 1979 868 ad
1991 803 2237 888 procidentium
2258 803 2470 890 interorum,

1512 909 1575 974 ilai:
1600 911 1640 976 m
1663 907 1865 996 quibusdum
1886 905 2067 974 dicentibus
2093 909 2136 974 de·
2154 909 2268 996 templo
2294 917 2352 976 etc.

1682 1135 1830 1190 Informaiio
1850 1137 1883 1192 ad
1900 1137 2029 1192 cautelam
2049 1137 2159 1208 quatuor
2176 1137 2306 1194 malorum.

1606 1327 1773 1416 lrnformcl
1798 1351 1873 1422 ergo
1894 1333 2075 1422 discipulos
2108 1331 2154 1400 od
2182 1333 2349 1400 eocatelnm
2369 1333 2474 1400 annio-

1514 1457 1614 1516 rnm,
1637 1457 1720 1524 quae
1744 1445 1833 1508 erant
1857 1443 1887 1508 iu
1912 1441 2023 1509 sericis
2048 1445 2076 1508 et
2101 1439 2291 1520 Pharnace,
2307 1457 2348 1508 ue
2363 1459 2474 1508 eornm

1513 1543 1661 1630 exemplo
1693 1545 1887 1616 diverterent
1919 1567 1937 1614 θ
1974 1547 2100 1616 tramite
2128 1545 2271 1614 veritatis
2287 1547 2334 1630 ¹¹3
2359 1553 2390 1614 et
2413 1547 2474 1614 hoc

1514 1649 1641 1736 quidem
1667 1653 1740 1722 iacit
1761 1655 1937 1724 revocando
1961 1655 2129 1738 discipulos
2145 1673 2165 1722 a
2179 1655 2376 1740 quadruplici
2399 1655 2475 1724 nitio
2547 1715 2549 1718 .

1515 1757 1710 1842 scribarum,
1736 1761 1893 1828 sciliceta
1917 1759 2006 1826 enlin
2031 1761 2187 1838 cortinae,
2214 1761 2391 1830 ambitione
2419 1759 2475 1828 lao-
2491 1769 2622 1824 sannarum

1514 1883 1656 1946 norum,
1682 1867 1829 1954 oppetitae
1854 1865 2052 1934 diviliarum
2074 1871 2106 1932 et
2128 1863 2342 1934 simulatione
2366 1869 2475 1934 eiren-

1516 1979 1597 2058 tnm.
1628 1973 1767 2040 Primum
1802 1975 1922 2056 spectat
1950 1969 1990 2036 θεῖ
2021 1969 2196 2050 lasciviam,
2230 1973 2405 2040 secondum
2435 1973 2475 2038 ad

1515 2099 1629 2146 vanam
1652 2079 1800 2164 gloriam,
1823 2075 1954 2144 tertium
1985 2075 2025 2144 θεῖ
2054 2075 2233 2156 avaritiam,
2262 2083 2414 2162 quartum
2435 2077 2475 2144 θεῖ

1514 2183 1778 2264 fraudulentiam
1802 2183 1841 2248 ad
1865 2201 1944 2268 quae
1977 2189 2114 2270 quatuor
2145 2187 2292 2268 tanquam
2324 2183 2363 2250 ad
2399 2201 2476 2270 qua-

1516 2289 2070 2358 tuorrotasourrnsPharaonis11
2096 2287 2202 2356 reduci
2232 2289 2350 2358 habent
2370 2287 2477 2356 omnia
2550 2279 2551 2282 ’

1517 2399 1610 2466 mala.
2102 2459 2121 2480 ,
2456 2385 2462 2390 ’

1609 2505 1661 2574 dc.
1685 2507 1788 2592 (Vers.
1810 2509 1864 2574 ld.
1897 2507 1975 2590 lc).
2007 2507 2111 2574 Primo
2146 2525 2222 2590 ergo
2249 2513 2407 2592 *qnantum
2437 2505 2475 2572 ad
2494 2513 2618 2580 Culusa·

1517 2613 1644 2678 ΟΜΝ
1668 2613 1822 2692 ”emittit
1849 2613 1903 2696 [lui
1930 2619 1997 2678 erat
2031 2611 2208 2678 scribarum
2232 2613 2344 2678 vitium
2366 2611 2477 2678 moni·
2519 2573 2590 2614 amm

1517 2715 1660 2802 fertum,
1682 2717 1774 2782 dicit:
1798 2717 1962 2782 audiente
1984 2723 2096 2782 mntem
2117 2715 2212 2780 omni
2224 2717 2364 2802 popolo,
2390 2717 2477 2784 (lircil

1518 2821 1692 2906 discipulis
1715 2821 1805 2886 araia:
1831 2819 1992 2886 Attendite
2008 2819 2183 2898 maenidia,
2202 2821 2261 2906 qni
2276 2821 2390 2888 colent
2405 2839 2475 2888 om-

1520 2923 1636 2990 dnlnre
1672 2923 1708 2990 in
1738 2923 1839 2990 stolia.
1874 2925 1944 2991 Ideo
1975 2931 2080 2992 antem
2109 2923 2211 2990 dixit:
2234 2927 2327 2992 omni
2351 2927 2494 3012 populo.

1519 3029 1689 3110 mediante,
1715 3031 1790 3116 qnia
1811 3029 1871 3098 lroc
1896 3035 1965 3098 erat
1985 3029 2098 3098 vitium
2120 3029 2337 3114 manifestum,
2360 3031 2476 3100 etideo
2655 3047 2656 3050 ’

1518 3133 1551 3200 ῖθ
1574 3135 1738 3202 manifesto
1761 3135 2034 3220 redarguendum,
2056 3137 2230 3204 secundnm
2255 3137 2335 3206 iliud
2355 3137 2476 3222 primae

1520 3239 1559 3308 ad
1583 3239 1782 3308 Timotheum
1805 3241 1917 3328 quinto
1928 3243 1976 3308 12:
1996 3229 2013 3300 n
2031 3243 2194 3310 Peccantes
2211 3261 2314 3312 coram
2333 3245 2478 3314 omnibus

1519 3365 1636 3432 argue,
1662 3353 1697 3414 ut
1721 3353 1750 3414 et
1776 3347 1869 3416 ceteri
1896 3347 2040 3416 timorem
2063 3347 2200 3416 habeant
2217 3371 2245 3428 a;
2272 3355 2300 3418 et
2325 3351 2385 3416 hoc
2402 3349 2476 3434 ipsis

1521 3453 1738 3538 praesentibus
1757 3453 1854 3536 dixit,
1869 3473 1911 3522 ne
1925 3455 2042 3524 iaceret
2062 3461 2172 3524 contra
2187 3455 2267 3524 illud
2282 3455 2409 3524 levitici
2423 3457 2476 3524 de-

1520 3559 1603 3626 cimo
1625 3579 1726 3628 nono:
1754 3587 1772 3620 α
1787 3563 1852 3628 Νθθ
1868 3561 2037 3630 maledicas
2052 3561 2179 3630 surdo»
2204 3569 2262 3630 etc.
2286 3563 2355 3632 ldeo
2371 3569 2475 3632 autern

1520 3667 1618 3752 magis
1641 3667 1679 3734 de
1711 3667 1822 3734 scribis
1853 3667 2013 3754 loquitur,
2036 3671 2110 3754 quia
2140 3669 2331 3740 eliicaciores
2359 3671 2400 3738 ad
2421 3689 2477 3738 no-

1521 3775 1657 3842 cendum
1679 3781 1788 3854 eraut,
1819 3773 1895 3862 quia
1927 3773 2115 3842 videbantur
2140 3775 2200 3842 viri
2233 3775 2295 3846 lide
2327 3777 2410 3862 digni
2438 3763 2477 3846 win

1521 3881 1619 3950 verbo
1643 3887 1674 3950 et
1697 3881 1839 3950 imitandi
1859 3881 2016 3968 exemplo.
2033 3881 2118 3950 Unde
2135 3881 2242 3950 Glossa
2258 3885 2298 3950 1³:
2323 3883 2474 3968 «Duplici

1522 3989 1643 4056 ratione
1666 3989 1814 4056 iubemur
1839 3989 1998 4056 attendere
2023 4005 2040 4052 θ
2069 4007 2166 4056 nanae
2199 3989 2316 4076 gloriae
2339 3989 2476 4076 cupidis,

1521 4111 1560 4160 ne
1585 4095 1633 4162 vel
1665 4111 1776 4162 eornm
1810 4095 2009 4162 simulatione
2041 4095 2254 4180 decipiamur,
2284 4097 2335 4162 vel
2366 4113 2475 4166 eorum

1522 4203 1668 4286 exemplo
1703 4199 1739 4270 θεῖ
1775 4219 1914 4268 amorem
1949 4201 2168 4286 temporalium
2198 4199 2430 4270 inflammemur
2448 4229 2476 4272 u.

1523 4306 1748 4376 Attendendnm
1774 4313 1820 4374 est
1844 4325 1935 4394 ergo,
1960 4325 1999 4374 ne
2024 4307 2094 4392 qrais
2116 4325 2169 4376 eos
2185 4307 2328 4376 imitetur
2342 4307 2376 4374 in
2392 4307 2478 4376 cultu

1523 4415 1674 4494 vestium,
1700 4415 1754 4500 qni
1777 4415 1963 4500 intelligitur
1982 4413 2016 4480 iu
2032 4413 2157 4482 nomine
2172 4413 2346 4482 stolorum.
2363 4415 2478 4484 llicuu-
2499 4415 2613 4514 ¹¹2{21,¹,¹f²¹

1522 4527 1576 4588 tur
1599 4521 1682 4586 enim
1713 4519 1813 4586 atolde
1845 4519 1989 4588 camisiae
2021 4517 2108 4586 albae
2141 4523 2171 4588 et
2204 4521 2331 4608 lungae,
2362 4521 2478 4606 quihus

1522 4627 1694 4694 utebantur
1717 4626 1854 4706 scribam
1881 4625 1964 4694 uude
1985 4625 2135 4694 Glossa¹4
2157 4643 2255 4712 snper
2276 4628 2354 4695 hoc:
2383 4653 2397 4686 n
2420 4627 2477 4692 Vo-

1523 4733 1595 4800 lnnt
1616 4731 1791 4802 omdnldre
1823 4733 1857 4800 ln
1889 4733 1995 4812 stolia,
2027 4733 2058 4800 id
2089 4739 2138 4800 est
2164 4731 2352 4800 cultioribus
2384 4733 2477 4800 restiss

1518 4837 1636 4904 mentis
1658 4837 1760 4906 induti
1789 4837 1824 4904 iu
1849 4837 2015 4922 publicum
2042 4835 2229 4922 procedere;
2264 4835 2347 4922 quod
2372 4855 2479 4922 repre-

1523 4943 1671 5012 henditur
1707 4943 1740 5010 iu
1775 4943 1893 5024 divite,
1928 4943 1982 5030 qui
2018 4941 2220 5010 indnebotnr
2253 4961 2414 5030 perpure
2450 4953 2478 5012 et

1524 5049 1618 5136 lyaeo
1635 5075 1665 5114 a.
1691 5051 1725 5116 Et
1749 5049 1819 5116 ideo
1835 5047 2028 5136 Augustinus
2042 5045 2118 5114 dicit
2134 5047 2164 5114 iu
2183 5049 2299 5132 Regula
2313 5047 2355 5114 1⁵:
2387 5075 2400 5108 ε
2413 5051 2479 5120 Non

1523 5155 1672 5222 affectetis
1698 5155 1838 5234 aestibus
1859 5155 2001 5240 placere,
2024 5153 2079 5220 sed
2107 5153 2252 5222 morinus
2266 5179 2298 5234 »3
2323 5159 2364 5222 aa
2379 5157 2479 5224 Eccle-

1525 5257 1640 5328 siastici
1662 5259 1845 5328 undecimo:
1868 5285 1885 5320 c<
1897 5261 1929 5328 ln
1946 5259 2062 5330 vestitu
2078 5277 2117 5328 ue
2133 5261 2277 5348 glorieris
2292 5281 2436 5348 nuquam
2449 5291 2479 5348 ’³3

1595 5699 1605 5732 ¹
1625 5701 1674 5758 Cir.
1696 5717 1776 5768 supra
1793 5717 1823 5758 u.-
1843 5705 1865 5756 l.

1594 5787 1605 5818 ⁸
1625 5793 1693 5846 Vide
1711 5797 1774 5846 tom.
1793 5793 1831 5846 lll.
1849 5807 1910 5858 pag.
1931 5793 1992 5860 728,
2011 5799 2097 5846 notam
2120 5795 2144 5846 6.

1559 5873 1560 5878 '
1594 5875 1605 5910 ⁹
1625 5879 1689 5948 Cap.
1708 5883 1758 5948 ll,
1777 5881 1807 5946 l;
1827 5885 1901 5936 tertia
1919 5897 1981 5948 pars
2001 5883 2089 5948 incipit
2108 5881 2172 5936 ibid.
2192 5897 2217 5936 v.
2238 5883 2262 5936 5.

1554 6009 1559 6016 -
1595 5967 1619 6000 ¹⁰
1638 5971 1689 6026 Cic.
1707 5971 1773 6024 inira
1792 5987 1820 6024 n.
1837 5971 1881 6026 53.
1899 5973 1991 6026 Glossa
2010 5971 2160 6026 ordinario.

1595 6057 1618 6090 ¹¹
1639 6063 1722 6128 Beda,
1742 6059 1890 6116 Comment.
1907 6061 1934 6114 in
1952 6061 2031 6116 Exod.
2053 6059 2098 6126 tl,
2120 6061 2148 6114 6:
2168 6061 2263 6116 lnnccil
2274 6061 2359 6132 igilur
2373 6061 2486 6116 Planco

1525 6161 1655 6216 currum,
1676 6145 1703 6206 id
1720 6155 1761 6204 θεῖ
1777 6151 1876 6204 diaboli
1893 6137 2045 6218 quadrigas.
2066 6151 2199 6218 Quadriga
2216 6149 2329 6218 diaboli,
2344 6149 2483 6218 rannsqnis-

1526 6255 1580 6308 quc
1598 6245 1720 6304 peccator
1740 6255 1802 6294 curn
1822 6241 1881 6306 gula
1899 6245 1926 6292 et
1946 6241 2115 6294 fornicatione
2133 6245 2158 6294 et
2177 6241 2213 6294 ira
2235 6247 2259 6296 et
2276 6239 2410 6308 snperbia.

1596 6323 1620 6356 ¹¹
1640 6329 1715 6382 Vers.
1733 6329 1782 6392 20,
1802 6335 1959 6396 postquem
1978 6331 2041 6382 Len.
2063 6329 2109 6392 te,
2130 6329 2177 6392 ll,
2197 6327 2244 6380 nbi
2268 6343 2318 6392 pro
2335 6327 2483 6386 maledicos

1527 6417 1586 6470 Vat.
1605 6427 1666 6470 oum
1688 6419 1800 6484 Vulgata
1820 6415 1968 6472 maledices.
1990 6447 2022 6456 -
2036 6419 2164 6482 Superius
2183 6431 2232 6482 pro
2259 6417 2355 6472 nilinm
2373 6419 2486 6488 munife-

1526 6509 1599 6560 stnm
1619 6509 1677 6560 Vnt.
1696 6505 1790 6562 cilium
1810 6505 1973 6562 maurim-mm.

1597 6591 1622 6624 ¹³
1641 6595 1743 6648 Scilicet
1761 6593 1902 6648 ordinario
1923 6595 1964 6660 (ex
1984 6595 2074 6662 Beda).

1560 6727 1561 6732 ,
1597 6677 1623 6710 ¹⁴
1639 6683 1740 6748 Nempe
1757 6681 1941 6738 interlinearis
1958 6683 2002 6748 (ex
2019 6681 2112 6748 Beda),
2130 6681 2154 6732 in
2182 6683 2256 6738 ouirrs
2279 6685 2331 6738 line
2357 6687 2484 6754 allegatur

1527 6771 1590 6824 Luc,
1613 6773 1658 6836 lii,
1680 6773 1720 6824 rte.
1779 6797 1782 6800 „
1885 6775 1887 6778 '

1598 6857 1743 6914 ¹⁵.Scilicet
1760 6861 1784 6912 in
1805 6859 1903 6924 Regula
1924 6859 1957 6910 ad
1986 6871 2076 6910 servos
2096 6857 2156 6924 Dei,
2176 6875 2202 6912 n.
2221 6863 2247 6916 6.
2265 6893 2303 6906 -
2320 6867 2379 6922 Duo
2406 6879 2483 6934 seqq.

1527 6949 1579 7004 loci
1598 6953 1657 7002 suut
1676 6949 1753 7000 Eccli.
1773 6949 1821 7010 ῖΙ,
1840 6947 1866 6998 l.
1885 6951 1909 6998 et
1929 6949 1947 6998 l.
1964 6945 2032 6998 Tim.
2055 6947 2083 7008 6,
2105 6947 2129 7000 8.
