5908 8266
436 585 499 652 672
797 649 798 654 t
1299 583 1415 650 INDEX
1437 583 1566 650 RERUM

718 669 781 724 444
2064 671 2130 726 446

434 759 480 812 344
499 759 550 812 390
569 759 604 812 22
632 755 695 812 vtde
713 771 739 812 u.
758 759 882 814 Christus
903 767 928 816 et
945 773 972 814 u.
988 759 1074 830 spirt-
1111 789 1146 798 -
1166 759 1285 814 Christus
1296 761 1390 812 invitat
1409 759 1441 812 ad
1454 773 1537 826 aquas
1554 759 1699 824 sapientiae
1712 773 1750 812 sa·
1789 761 1832 812 tur
1849 757 2029 812 tribulationes
2041 765 2194 824 praesentes
2213 761 2245 810 88
2266 775 2291 812 v.
2313 761 2382 812 i.—-
2395 757 2430 812 in-

435 849 480 902 466
494 833 609 902 66446466
624 851 654 898 64
671 859 695 900 o.
716 845 797 902 Deus.
810 857 849 890 -'-·
860 849 930 902 Deus
942 863 1074 914 apparens
1111 849 1202 902 4646446
1222 849 1272 902 443
1292 851 1306 902 2
1790 845 1913 912 grediens
1931 845 1958 898 in
1980 845 2130 922 6644664664
2149 845 2252 914 animae
2270 853 2310 902 est
2328 853 2430 914 pertur-

410 957 411 962 1
436 937 463 986 in
483 933 600 988 subiecta
618 939 844 1000 creeturnpotest
861 935 945 990 videri
965 949 981 990 a
998 935 1074 990 malis
1165 967 1200 976 -
1220 935 1341 1004 designat
1357 949 1459 992 sacram
1477 935 1622 990 doctrinam
1644 939 1684 992 vu
1700 935 1752 990 644
1789 935 1859 988 batio
1878 949 1909 988 er
1921 935 2060 988 tentatione
2075 933 2204 990 diabolica
2215 935 2259 990 vu
2276 937 2324 988 204
2348 935 2430 988 44-

435 1021 594 1076 3434670
1005 1061 1006 1066 1
1113 1027 1146 1078 46
1164 1023 1335 1092 ——designat
1346 1025 1499 1090 sapientiam
1511 1025 1751 1078 66464646464432
1789 1023 1909 1088 designat
1921 1021 2117 1076 inundationem
2131 1023 2301 1076 tentationum
2317 1023 2429 1076 404408

412 1143 414 1148 ·
489 1141 526 1152 -
545 1111 614 1164 Deus
632 1115 742 1178 apparet
761 1113 930 1166 credentibus
957 1113 986 1166 46
1013 1127 1075 1166 eum
1112 1143 1149 1154 -
1166 1121 1260 1166 sacrae
1274 1111 1422 1178 scripturae
1440 1109 1467 1162 in
1481 1109 1624 1162 humilibus
1650 1109 1752 1178 requie-
1787 1113 1868 1164 -ln
1889 1111 1965 1178 aquis
1985 1109 2185 1164 tribulationum
2210 1111 2339 1176 probatur
2361 1111 2431 1166 forti·

436 1201 465 1254 in
484 1205 569 1254 futuro
589 1211 636 1266 per
657 1199 782 1264 gloriam,
800 1203 842 1254 vei
855 1215 903 1268 per
916 1201 1077 1266 contempta.
1113 1205 1188 1256 scunt
1214 1205 1239 1252 et
1269 1199 1302 1252 de
1329 1197 1464 1252 montibus
1484 1199 1660 1264 descendunt,
1684 1211 1753 1268 quae
1790 1199 1962 1252 46466349

437 1289 536 1344 tionem
553 1289 698 1340 intellectus
717 1289 750 1342 34
772 1289 822 1342 442
842 1303 869 1342 v.
889 1291 906 1340 2
923 1289 1077 1342 -Domini
1113 1303 1175 1342 oum
1194 1287 1296 1340 silentio
1307 1287 1394 1340 fluunt
1409 1285 1467 1340 sine
1479 1287 1590 1352 strepitu
1607 1285 1751 1340 verborum
1843 1317 1878 1326 --
1897 1289 1988 1354 culpae
2008 1293 2033 1340 ct
2049 1289 2151 1352 poenae
2167 1287 2310 1352 fugiendae
2330 1289 2430 1340 34626

438 1383 479 1432 664
495 1377 683 1430 beneficiorum
699 1391 812 1432 suorum
839 1377 962 1432 exhibitio
980 1379 1033 1430 622
1052 1379 1076 1430 2.
1114 1379 1148 1430 34
1165 1377 1219 1430 373
1238 1377 1302 1428 8-
1314 1375 1426 1442 irrigans
1445 1381 1484 1430 cst
1495 1375 1614 1430 dochina
1634 1375 1752 1442 spiritua·
1792 1375 1815 1438 i,
1836 1375 1850 1428 4
1868 1405 1905 1416 --
1922 1377 2016 1442 culpae
2033 1375 2078 1430 est
2090 1373 2242 1442 superbiae,
2262 1377 2388 1430 avaritiae
2405 1381 2431 1430 et

437 1467 489 1520 623
509 1469 526 1518 2
1114 1465 1146 1518 lis
1165 1465 1217 1518 206
1235 1477 1262 1516 4.
1276 1465 1295 1516 3
1307 1493 1345 1504 -
1356 1463 1533 1518 instructionis
1550 1465 1708 1518 hauriuntur
1718 1465 1753 1518 de
1790 1465 1908 1518 luxuriae
1925 1463 1960 1520 44.
1979 1469 1994 1518 2
2013 1495 2047 1504 -
2066 1467 2160 1532 culpae
2184 1469 2244 1516 sunt
2268 1463 2431 1518 abominabi-

491 1583 527 1594 -
545 1555 579 1606 Ex
593 1553 693 1606 insolita
707 1553 870 1620 apparitione
883 1557 1079 1606 consueverunt
1115 1547 1185 1606 fonte
1195 1551 1355 1618 sapientiae,
1367 1567 1453 1622 aquae
1465 1553 1626 1606 remissionis
1636 1553 1669 1606 de
1683 1555 1753 1606 fonte
1789 1553 1841 1618 les,
1858 1553 1920 1620 quia
1940 1553 2076 1620 turbidae,
2087 1551 2267 1608 obscurantes
2286 1553 2429 1618 rationem,

439 1629 563 1698 hominos
581 1641 767 1708 obstupescere
780 1647 805 1696 64
817 1643 909 1696 4644644
921 1643 966 1696 344
979 1641 1031 1694 699
1045 1641 1078 1694 46
1114 1641 1326 1706 misericordiae,
1345 1655 1428 1710 aquae
1454 1643 1599 1696 refectionis
1625 1643 1659 1698 de
1682 1645 1753 1696 fonte
1790 1643 1852 1708 quia
1875 1643 2041 1710 immundae,
2067 1643 2230 1710 inquinantes
2255 1641 2430 1708 allectionem,

491 1763 527 1772 -
545 1733 621 1798 Quod
634 1737 764 1798 44466664
777 1731 907 1798 66664646
923 1731 1080 1796 4646466664
1115 1731 1229 1800 gratiae,
1246 1745 1332 1800 aquae
1347 1733 1530 1786 consolationis
1541 1733 1576 1786 de
1594 1735 1663 1786 fonte
1680 1733 1755 1798 spiri·
1789 1731 1852 1796 quia
1877 1729 1990 1794 steriles,
2015 1731 2190 1784 exinanientes
2213 1733 2337 1788 virtutem
2356 1731 2430 1786 4443

438 1835 496 1874 esse
515 1823 558 1874 344
578 1821 627 1874 306
648 1823 680 1874 88
805 1891 806 1894 ¹
1115 1821 1191 1874 466446
1200 1821 1429 1886 'laetitiae,aquae
1441 1827 1561 1874 aeternae
1582 1823 1709 1876 felicitatis
1721 1823 1754 1874 de
1789 1847 1827 1856 -
1844 1831 1947 1886 poenae
1964 1823 2025 1870 sunt
2041 1817 2194 1886 horribiles,
2212 1823 2274 1886 quia
2302 1821 2432 1874 obscurae

492 1909 617 1964 44464466
632 1935 670 1950 -·
688 1908 749 1962 falsa
770 1909 873 1976 scripsit
891 1911 934 1964 Vll
955 1911 983 1964 44
1007 1913 1023 1962 2
1115 1911 1185 1964 46446
1199 1911 1269 1964 vitae
1281 1915 1401 1964 aeternae
1413 1909 1466 1964 666
1483 1911 1498 1962 3
1513 1909 1622 1964 -6644
1637 1913 1755 1966 46644446
1790 1907 1826 1960 ad
1844 1905 2004 1970 videndum,
2026 1919 2132 1960 amarae
2153 1907 2187 1960 ad
2213 1909 2376 1972 potandum,
2393 1909 2431 1960 44-

492 1997 631 2052 44464666
647 2027 684 2036 4-
704 2011 757 2050 664
773 2003 909 2054 saturatur
925 1997 1006 2054 rebus
1019 2013 1079 2054 con·
1115 1999 1258 2066 sapientiae
1280 1999 1329 2052 446
1349 2013 1363 2052 6
1381 2031 1417 2038 -
1435 2005 1476 2054 664
1498 2001 1632 2054 mundana
1655 2001 1756 2066 sapien·
1791 1999 1953 2062 temperatae
1970 1995 2004 2048 ad
2022 1993 2189 2048 sentiendum
2210 1991 2244 2048 tt.
2264 1997 2278 2048 4
2296 2025 2333 2034 -
2350 1997 2432 2050 maris

440 2087 500 2140 ditis
529 2087 561 2144 34
590 2087 622 2138 47
641 2101 656 2138 6
674 2085 940 2142 mconvenientiam
961 2093 987 2142 et
1010 2089 1080 2142 diffe-
1115 2087 1151 2142 tia
1169 2087 1204 2140 87
1223 2103 1236 2140 6
1254 2119 1291 2128 -
1307 2087 1452 2156 sapientiae
1464 2089 1585 2144 salutaris
1602 2081 1755 2156 4464464466
1790 2085 1920 2152 significat
1939 2083 2141 2138 amaritudinem
2159 2073 2313 2138 infernalem
2333 2085 2365 2138 44
2382 2085 2431 2136 443

439 2175 550 2228 rentiam
568 2177 733 2242 appetituum
761 2177 880 2246 sequitur
899 2169 1079 2232 convenientia
1115 2183 1158 2230 tae
1175 2183 1236 2232 sunt
1261 2179 1288 2232 46
1311 2177 1390 2234 beato
1416 2179 1511 2234 loanne
1535 2183 1560 2232 et
1586 2179 1755 2232 elevaverunt
1790 2189 1819 2228 4.
1838 2175 1870 2228 23

440 2269 468 2318 64
485 2265 708 2318 disconvenientia
726 2279 831 2320 morum
857 2267 872 2318 3
894 2269 905 2318 4
926 2295 963 2308 -
981 2267 1079 2322 diversi
1115 2281 1177 2320 eum
1197 2281 1278 2334 super
1296 2281 1390 2322 omnes
1405 2275 1507 2322 montes
1526 2267 1572 2320 244
1598 2267 1756 2322 4-464444-
1844 2293 1880 2302 -
1899 2261 2004 2316 Domini
2021 2261 2117 2316 virtute
2142 2261 2167 2314 in
2193 2263 2285 2316 vinum
2306 2275 2432 2318 66646466

439 2353 584 2420 4466464664
604 2355 654 2408 432
674 2369 700 2408 v.
721 2355 735 2406 3
1115 2357 1167 2410 466
1184 2361 1244 2410 6644
1263 2357 1347 2408 466466
1364 2357 1498 2412 466444666
1518 2357 1559 2412 344
1582 2345 1629 2408 494
1651 2359 1665 2408 8
1792 2357 1833 2406 664
1849 2353 1883 2408 34
1910 2352 1963 2406 270
1980 2351 1998 2404 7
2017 2379 2052 2390 -
2072 2351 2202 2418 insipidae
2218 2357 2245 2404 et
2272 2351 2328 2406 sine
2350 2351 2431 2404 nutri-

495 2471 531 2482 ——
548 2443 699 2498 divitiarum
720 2451 819 2510 spectat
839 2445 872 2498 64
885 2447 1023 2500 avaritiam
1036 2447 1080 2500 Vll
1168 2475 1206 2484 ·-
1224 2447 1345 2512 designat
1367 2447 1485 2500 divinam
1505 2447 1614 2514 gratiam
1643 2445 1756 2500 344644
1793 2445 1881 2492 olenio
1901 2441 2043 2492 0044454863
2062 2447 2123 2494 sotii
2147 2441 2170 2492 io
2192 2441 2283 2494 vinum
2309 2439 2432 2506 sapidum

441 2531 493 2584 648
513 2531 546 2586 62
558 2563 596 2572 -
608 2531 718 2600 Oportet
731 2535 818 2588 conari
832 2529 921 2588 contra
933 2537 1080 2602 appetitum
1119 2535 1152 2586 46
1170 2565 1207 2574 -
1226 2537 1323 2600 gratiae
1341 2537 1460 2588 vivificat
1475 2537 1509 2588 Vl
1529 2537 1581 2588 666
1599 2537 1614 2588 2
1637 2563 1672 2572 -
1694 2535 1757 2586 viva
1792 2533 1819 2582 et
1836 2529 1981 2582 iucundum
2002 2527 2034 2582 tt.
2055 2529 2088 2580 42
2105 2527 2277 2584 --Christus
2305 2529 2433 2584 convertit

442 2621 478 2674 ad
513 2621 683 2688 deponendas
722 2625 879 2690 cupiditates
916 2629 1081 2678 terrenorum
1118 2623 1215 2676 dicitur
1232 2625 1315 2688 gratia
1335 2625 1396 2676 fidei
1409 2623 1461 2676 292
1480 2623 1636 2676 t8-viva
1649 2627 1688 2674 cst
1701 2633 1757 2688 gra·
1792 2627 1986 2684 aquamprope
2011 2619 2123 2680 Pascha,
2142 2617 2183 2668 lei
2207 2617 2232 2668 io
2258 2619 2300 2672 dio
2320 2619 2433 2684 Epipha-

443 2709 490 2762 364
515 2709 549 2762 64
804 2715 805 2720 ’
1118 2711 1166 2774 tia,
1184 2725 1253 2778 quac
1266 2711 1347 2764 vitam
1359 2710 1465 2776 tribuit,
1483 2711 1609 2772 custodit,
1629 2711 1660 2762 ad
1673 2709 1756 2762 vitam
1793 2703 1853 2756 niae
1872 2705 1923 2756 272
1945 2701 2130 2768 ti--Aquae
2147 2705 2284 2758 conversio
2304 2705 2434 2770 significat

496 2793 693 2852 hennentonam
712 2827 747 2836 —-
765 2801 903 2864 corporale
913 2805 999 2866 potest
1015 2801 1083 2854 laedi
1118 2799 1239 2864 perducit
1257 2799 1307 2852 673
1329 2813 1355 2850 v.
1376 2799 1410 2848 38
1421 2825 1459 2834 -—
1472 2799 1572 2862 gratiae
1589 2801 1650 2848 6664
1667 2795 1758 2846 remis·
1792 2789 1847 2840 vim
1860 2789 2070 2854 regenerativam
2084 2791 2158 2856 aquis
2176 2789 2304 2858 collatam,
2323 2791 2433 2844 Domino

443 2885 546 2938 obiecto
564 2885 697 2938 excellenti
717 2887 750 2938 34
772 2887 823 2940 477
844 2887 876 2938 48
1013 2923 1014 2928 .
1118 2885 1199 2936 646646
1217 2885 1274 2936 sive
1291 2883 1492 2946 iustificationis
1514 2883 1688 2936 instructionis
1701 2883 1758 2936 sive
1793 2875 1924 2942 baptizato
1953 2873 2014 2930 thid,
2032 2905 2070 2914 —
2087 2889 2215 2930 conversa
2241 2877 2267 2930 in
2290 2879 2384 2932 vinum
2401 2877 2433 2930 si·

495 2973 653 3026 draconino
670 3001 707 3010 -
725 2973 795 3026 Deus
812 2987 867 3026 non
880 2973 1018 3038 cognoscit
1030 2985 1083 3024 ma·
1118 2971 1263 3036 sapientiae
1281 2975 1305 3024 et
1328 2969 1512 3024 consolationis
1525 2969 1664 3036 spiritualis
1677 2969 1755 3022 6279
1793 2965 1899 3028 gnificat
1923 2965 1990 3016 mala
2019 2963 2171 3030 temporalia
2201 2965 2378 3020 convertenda
2405 2965 2434 3018 in

441 3059 481 3114 los
498 3061 588 3114 notitia
607 3059 804 3128 approbationis
822 3061 866 3114 344
884 3061 936 3112 362
962 3059 995 3110 66
1019 3057 1083 3112 Vide
1116 3059 1263 3124 -gratiae
1272 3063 1359 3112 fovent
1368 3071 1461 3112 semen
1472 3057 1547 3110 verbi
1557 3057 1641 3110 divini
1650 3057 1750 3112 344491
1793 3051 1862 3106 bone
1887 3053 1930 3104 344
1957 3051 2007 3104 422
2026 3053 2061 3104 55
2078 3081 2114 3090 -··
2139 3053 2347 3118 compunctionis
2371 3069 2433 3108 con-

441 3161 468 3200 6.
488 3147 628 3202 indictum.
647 3175 683 3188 -
701 3149 773 3202 Bona
787 3155 848 3202 sunt
860 3137 1036 3212 approbanda
1046 3147 1080 3200 34
1118 3149 1134 3200 9
1153 3177 1188 3186 -
1208 3147 1347 3200 Deficiente
1364 3161 1432 3214 aqua
1453 3149 1550 3212 gratiae
1569 3153 1636 3200 terra
1650 3161 1704 3200 non
1718 3155 1758 3202 est
1792 3141 1903 3194 vertitur
1920 3141 2049 3194 infinum
2065 3141 2211 3194 dovotionis
2225 3143 2260 3195 Vi
2279 3143 2327 3194 274
2351 3143 2433 3194 43-

443 3237 477 3288 63
496 3251 524 3302 q.
542 3239 557 3288 2
578 3235 607 3288 2*
1117 3241 1177 3302 6646
1196 3237 1230 3290 64
1248 3235 1449 3302 percipiendum
1469 3249 1557 3290 semen
1577 3235 1654 3288 verbi
1671 3235 1757 3290 divini
1793 3229 1911 3284 Christus
1930 3229 2058 3284 convertit
2072 3243 2152 3296 aquas
2166 3229 2343 3296 lacrymarum
2357 3233 2385 3284 in
2396 3231 2434 3284 vi·

494 3325 700 3386 dvrnonuqutna
725 3353 760 3362 -
788 3325 858 3376 44646
885 3323 1083 3392 appropinquat
1116 3323 1179 3380 ibid.
1792 3333 1856 3372 num
1876 3317 2060 3372 consolationis
2079 3317 2165 3372 5555

442 3411 639 3464 cordisafiertu
659 3413 703 3464 344
723 3411 825 3466 43663
845 3439 881 3452 -
901 3413 1082 3478 3466446646
1169 3443 1206 3452 -
1223 3415 1417 3480 gratiaaaDeo
1430 3413 1566 3468 descendit
1583 3419 1607 3466 64
1625 3413 1659 3466 ad
1670 3413 1755 3468 Deum
1844 3437 1882 3446 -
1900 3407 1986 3460 idiotis
2015 3407 2107 3462 Christi
2135 3419 2184 3460 iios
2210 3405 2291 3462 obluit
2319 3407 2352 3460 34
2381 3407 2433 3460 502

441 3499 555 3552 rusalem
569 3513 620 3552 non
633 3499 879 3570 appropinquamus
892 3501 1016 3566 passibus
1028 3515 1082 3554 cor·
1116 3503 1193 3556 salire
1213 3503 1272 3556 lacit
1290 3503 1325 3556 34
1344 3503 1395 3554 236
1409 3503 1452 3556 33.
1471 3503 1522 3554 366
1541 3503 1575 3556 66
1593 3533 1629 3542 -
1649 3485 1756 3556 descen-
1793 3497 1827 3548 60
1853 3527 1891 3536 -
1916 3495 2005 3548 idiotis
2030 3493 2127 3548 Christi
2153 3497 2433 3560 praestat'lavacrum
2515 3563 2516 3566 ,

443 3587 525 3656 66446,
543 3587 592 3642 664
608 3587 744 3642 attactibus
764 3589 852 3644 cordis
869 3595 897 3644 et
915 3589 1009 3644 mentis
1030 3591 1080 3644 366
1117 3591 1156 3646 dit
1172 3593 1208 3646 ad
1225 3593 1319 3658 valles,
1338 3605 1392 3644 non
1410 3597 1450 3644 est
1467 3591 1492 3644 46
1512 3589 1647 3644 montibus
1667 3597 1694 3646 et
1712 3607 1756 3646 su·
1793 3587 1841 3638 504
1866 3587 1900 3640 52
2191 3589 2193 3594 ’

442 3675 478 3730 72
495 3705 533 3718 --
549 3677 652 3732 Christo
671 3683 711 3732 est
727 3691 776 3744 per
802 3677 999 3746 poenitentiam,
1019 3677 1082 3732 obe·
1116 3679 1209 3746 perbis
1227 3681 1279 3734 304
1298 3683 1332 3732 42
1349 3681 1503 3746 -grattae
1516 3681 1643 3734 defluunt
1664 3681 1692 3734 46
1710 3685 1757 3734 hu·
1845 3703 1882 3716 -
1911 3673 1938 3728 iu
1969 3675 2139 3728 Sacramento
2168 3673 2257 3728 omnia
2287 3676 2358 3734 lavat
2389 3673 2433 3728 344

443 3765 566 3820 dientiam
587 3773 612 3818 et
629 3765 784 3832 sapientiam
803 3767 855 3820 488
876 3767 910 3818 44
928 3795 965 3808 -
982 3767 1083 3834 446646-
1115 3771 1193 3822 mites
1212 3769 1330 3822 4646446
1347 3769 1428 3822 valles
1448 3769 1533 3822 2333
1793 3763 1897 3818 64446
1934 3777 1935 3780 ’
2422 3787 2424 3790 ·

442 3855 625 3924 pinquandum
654 3857 709 3908 Deo
735 3869 784 3920 per
809 3857 934 3910 devotam
955 3857 1084 3922 supplica·
1171 3887 1208 3896 -
1225 3857 1390 3924 appetendae
1414 3867 1475 3910 suut
1502 3871 1588 3926 aquae
1607 3859 1708 3922 gratiae
1731 3863 1758 3912 et
1845 3881 1883 3890 -
1900 3851 1989 3924 unitur
2007 3851 2069 3904 vitio
2086 3851 2111 3902 io
2138 3851 2292 3904 33054453ῑί6
2313 3851 2345 3906 od
2365 3851 2435 3904 dosi-

444 3945 542 3998 tiouem
560 3945 612 3998 888
632 3947 648 3998 2
1118 3945 1218 4012 gloriae
1235 3947 1270 3998 Vl
1287 3947 1341 3998 027
1358 3947 1423 3998 9-
1436 3947 1535 4012 gratiae
1552 3949 1614 4000 sunt
1631 3961 1758 4016 quaeren·
1793 3943 1927 4006 guandam
1947 3941 2071 3994 unionem
2084 3941 2175 4006 populi
2195 3953 2256 3998 cum
2273 3939 2378 3996 Christo
2389 3941 2424 3994 34

496 4033 679 4088 4444646666
698 4061 734 4072 -
750 4035 781 4088 nt
798 4033 825 4088 in
845 4033 1084 4088 Trinitateratione
1117 4035 1182 4102 dae,
1202 4035 1265 4104 quia
1286 4037 1446 4100 emundant,
1467 4035 1600 4098 reficiunt,
1624 4037 1758 4088 enutriunt
1794 4031 1846 4084 647
1865 4031 1899 4082 20

444 4121 628 4188 intelligentiae
647 4121 758 4190 dandae,
777 4123 876 4178 ratione
896 4123 990 4178 erroris
1013 4139 1083 4178 amo·
1118 4129 1146 4178 64
1163 4123 1302 4176 fecundant
1320 4121 1353 4178 t'b.
1367 4125 1401 4178 40
1413 4151 1450 4160 -
1463 4123 1561 4188 gloriae
1574 4127 1611 4176 est
1624 4123 1758 4178 desidera·
1845 4117 1943 4180 Aoum
1960 4147 1996 4156 -
2018 4117 2069 4170 alta
2092 4117 2168 4184 petit,
2193 4117 2300 4172 humilia
2325 4117 2435 4172 derelin-

443 4211 538 4274 vendi,
555 4211 657 4264 ratione
680 4211 833 4266 humilitatis
851 4213 1030 4266 ostendendae
1048 4215 1083 4268 34
1115 4211 1178 4266 bilis
1197 4217 1304 4278 propter
1322 4211 1521 4266 delectationem
1534 4219 1656 4280 aspectus
1673 4217 1701 4266 64
1712 4225 1758 4278 gu·
1793 4211 1862 4280 quit,
1883 4211 2037 4274 longaevam
2057 4211 2138 4262 fertur
2154 4207 2378 4262 habereeetatem
2391 4211 2436 4262 Vll

445 4299 490 4352 334
515 4299 549 4352 79
569 4297 599 4352 3*
799 4359 801 4364 ,
834 4359 836 4364 ,
917 4349 920 4354 ,
1118 4307 1188 4364 6466,
1208 4307 1316 4368 6466464
1335 4301 1518 4354 satietatemet
1535 4307 1644 4368 propter
1661 4301 1759 4354 vivaci·
1794 4303 1844 4356 448
1865 4305 1899 4356 62
1915 4333 1953 4342 -
1970 4301 2049 4356 habet
2068 4303 2156 4356 666466
2174 4301 2298 4366 limpidus
2318 4303 2381 4356 624
2397 4333 2435 4342 —

453 4397 457 4404 t
497 4389 567 4442 44466
587 4415 620 4428 -
639 4391 742 4454 6466464
755 4389 948 4444 distinctionem
962 4391 1084 4444 4464466-
1117 4397 1198 4444 tatem
1216 4391 1408 4444 indeficientem
1425 4387 1461 4444 44.
1479 4391 1509 4442 44
1793 4391 1880 4456 664466
1898 4391 2003 4458 excitat,
2021 4397 2049 4444 ut
2069 4403 2172 4444 sursum
2187 4391 2292 4444 tendant
2313 4393 2337 4442 et
2356 4391 2382 4444 46
2394 4405 2435 4444 66-

443 4475 589 4530 64644464646
607 4477 632 4528 46
653 4479 726 4530 96446
749 4483 776 4532 64
801 4477 1035 4532 64466464644464644
1052 4479 1082 4532 46
1169 4477 1353 4544 -significat
1378 4477 1539 4544 baptismum
1562 4481 1604 4532 vel
1627 4481 1758 4544 lacrymas
1793 4481 1844 4532 iem
1863 4479 1991 4544 aspiciant
2009 4483 2034 4532 et
2051 4481 2080 4532 in
2092 4477 2214 4532 sublimia
2227 4481 2317 4534 volent
2333 4481 2388 4532 367
2397 4479 2434 4532 74

441 4565 507 4634 34446
528 4565 559 4616 34
579 4565 630 4618 246
650 4567 665 4620 3
1116 4567 1291 4634 666644644466
1309 4569 1352 4620 344
1372 4567 1423 4622 644
1445 4569 1476 4620 46
1494 4597 1530 4640 -7-
1549 4567 1682 4622 mundans
1705 4567 1758 4632 spi·
1791 4577 1829 4608 -·
1845 4567 1955 4640 Aquilae
1967 4569 2031 4632 pulli
2043 4565 2161 4622 lambunt
2174 4569 2331 4632 sanguinem
2342 4567 2436 4622 matris

494 4655 565 4716 4644
584 4683 618 4696 --
638 4655 711 4708 Prior
721 4669 770 4722 per
781 4663 903 4710 naturam
916 4661 956 4710 est
968 4655 1081 4712 dulcedo
1115 4657 1241 4712 ritualiter
1261 4657 1388 4710 66466464
1404 4657 1564 4710 counitionis
1580 4661 1604 4708 64
1622 4655 1757 4722 poeniten·
1791 4657 1854 4712 4444.
1869 4655 1919 4710 648
1932 4659 1965 4712 23
1976 4659 2091 4726 *4646
2110 4663 2149 4712 664
2167 4659 2310 4726 extraneis,
2329 4661 2377 4714 sod
2394 4659 2436 4710 in·

442 4743 471 4796 in
488 4757 557 4810 aqna
581 4745 612 4798 34
639 4745 671 4796 46
689 4743 709 4796 h
726 4773 762 4784 ——
780 4745 865 4798 omnis
890 4757 938 4812 per
960 4751 1080 4798 naturam
1116 4745 1152 4798 tia
1169 4745 1205 4798 34
1223 4745 1275 4798 600
1295 4745 1311 4796 4
1329 4775 1365 4784 -
1384 4745 1515 4810 significat
1531 4745 1660 4810 lacrymas
1686 4757 1755 4796 com·
1793 4751 1862 4800 tenta
1883 4745 2064 4812 providentiae
2082 4759 2145 4798 suae
2163 4745 2245 4810 prolis
2263 4745 2326 4802 idid.
2340 4775 2378 4784 -
2395 4751 2436 4798 est

443 4837 483 4886 est
494 4831 579 4886 dulcis
591 4833 632 4886 vel
651 4831 777 4900 insipida,
787 4835 838 4888 sed
851 4847 939 4886 amara
954 4835 982 4886 fit
994 4847 1026 4886 64
1038 4847 1082 4886 ac·
1116 4833 1267 4898 punctionis
1285 4833 1332 4886 274
1355 4833 1400 4886 43.
1411 4833 1465 4886 306
1477 4833 1521 4886 tt.
1537 4831 1589 4884 660
1609 4833 1635 4884 4.
1646 4831 1692 4884 344
1705 4829 1756 4884 444
1791 4837 1878 4902 figura
1897 4835 1953 4888 lesu
1970 4831 2064 4886 Christi
2081 4831 2142 4896 4444.

334 4937 336 4940 ·
442 4921 539 4976 6446444
550 4919 762 4976 44.6--664646
780 4929 865 4988 664664
878 4923 966 4976 464446
980 4923 1006 4978 46
1022 4925 1082 4976 dul·
1117 4919 1160 4974 37.
1174 4921 1225 4974 406
1244 4921 1365 4974 64-44
1382 4920 1458 4988 66446
1475 4919 1638 4974 contritionis
1654 4919 1757 4972 lavatur
1844 4923 1995 4976 -sentire
2019 4921 2142 4976 dicuntur
2170 4923 2300 4976 cadavera
2319 4923 2363 4976 344
2383 4921 2434 4976 447
2508 4925 2509 4928 ’

443 5009 563 5064 66446646
583 5025 630 5078 664
649 5009 851 5066 664444464464664
870 5009 933 5066 4444.
946 5041 981 5050 -
995 5025 1082 5078 aquae
1117 5009 1205 5062 anima
1222 5011 1257 5062 ad
1280 5009 1493 5062 emundationem
1514 5009 1599 5062 sordis
1616 5009 1650 5060 Vl
1669 5007 1721 5060 639
1740 5021 1755 5058 a
1792 5015 1827 5064 62
1844 5039 1882 5050 -
1899 5015 2093 5076 congregantur
2105 5011 2141 5062 ad
2157 5023 2245 5062 escam
2259 5025 2308 5078 per
2324 5009 2436 5066 vivacis·

442 5113 495 5152 non
515 5105 553 5152 est
565 5097 706 5166 contraria,
719 5101 766 5154 sed
779 5099 858 5152 habet
870 5101 1014 5154 contrarias
1032 5099 1083 5152 dis·
1116 5127 1153 5136 *-
1170 5099 1198 5148 46
1217 5099 1292 5162 66646
1311 5097 1458 5150 devotionis
1479 5097 1584 5148 lavatur
1610 5095 1698 5146 anima
1721 5093 1757 5146 ad
1793 5098 1890 5152 simum
1907 5101 2045 5164 olfactum,
2066 5111 2113 5162 per
2130 5097 2342 5162 limpidissimum
2362 5113 2435 5166 aspe-

443 5187 588 5254 positiones
604 5201 653 5252 per
669 5187 792 5240 accidens
809 5185 870 5242 thid.
893 5203 931 5256 sq.
1117 5185 1289 5238 intensionem
1307 5183 1430 5238 candoris
1449 5181 1511 5236 idid.
1589 5209 1595 5222 ι
1793 5193 1875 5252 ctum,
1886 5185 2081 5240 velocissimum
2093 5193 2196 5240 motum
2213 5195 2238 5240 et
2251 5189 2435 5242 avidissimum

496 5307 532 5316 -
548 5275 577 5328 46
590 5281 662 5330 46646
674 5271 760 5342 aquae
773 5275 806 5330 ad
825 5289 899 5328 mare
910 5289 965 5328 nou
977 5281 1017 5330 est
1031 5281 1083 5328 sta·
1170 5301 1208 5310 --
1220 5271 1365 5336 significant
1379 5273 1503 5336 populos,
1516 5277 1691 5336 transeuntoS,
1701 5283 1759 5336 per·
1793 5277 1940 5342 6666444644
1958 5273 2020 5330 totd.
2037 5305 2075 5314 —
2092 5277 2141 5330 l‘er
2155 5275 2269 5344 aquilam
2282 5277 2435 5346 intelligitur

443 5371 485 5418 tus
503 5365 537 5416 34
551 5363 832 5416 ida—incessanter
853 5367 960 5414 emanat
982 5375 997 5414 a
1016 5363 1082 5414 mari
1115 5361 1238 5426 egrinos,
1262 5361 1305 5426 qui
1326 5363 1461 5414 transeunt
1475 5359 1516 5412 'de
1540 5363 1617 5424 gente
1646 5361 1670 5412 in
1697 5373 1758 5424 gen·
1793 5365 1911 5418 doctrina
1925 5361 1951 5418 64
1967 5363 2148 5430 magisterium
2164 5365 2293 5420 Christiii
2315 5365 2434 5422 24-64

443 5451 477 5504 ta
496 5451 568 5504 h-
587 5455 839 5504 omnesmoventur
860 5451 897 5502 ad
920 5457 993 5502 mare
1014 5451 1081 5503 436
1117 5453 1170 5500 4644
1190 5449 1221 5500 34
1241 5449 1320 5500 88v.
1340 5449 1351 5500 4
1373 5453 1592 5500 -transeuntes
1616 5451 1758 5512 suntpau-
1793 5453 1849 5504 6466
1868 5453 1932 5520 pulli
1951 5453 2098 5518 significant
2117 5454 2186 5509 duos
2203 5457 2298 5510 modos
2321 5461 2435 5510 contem-

443 5543 592 5594 -tantum
601 5537 725 5600 ascendit,
737 5543 867 5606 quantum
881 5537 1018 5604 descendit
1030 5537 1082 5590 296
1117 5549 1197 5602 66466
1208 5541 1233 5588 64
1245 5537 1346 5600 afflicti,
1363 5551 1412 5602 per
1424 5535 1603 5590 tribulationes
1622 5541 1758 5590 transeun-
1792 5543 1883 5608 plaudi
1895 5543 2041 5598 secundum
2054 5543 2150 5598 librum
2165 5543 2315 5610 Scripturas
2327 5549 2352 5600 et
2365 5559 2435 5600 crea·

443 5629 487 5680 33.
506 5627 557 5680 360
576 5627 609 5680 66
1117 5631 1157 5680 466
1175 5627 1212 5678 64
1228 5625 1348 5694 requiem
1367 5623 1429 5680 thid.
1792 5637 1866 5686 turae
1886 5631 1937 5684 233
1955 5633 1988 5684 39

495 5745 532 5756 -
551 5719 592 5768 est
618 5713 768 5768 necessaria
791 5717 826 5768 ad
854 5713 1020 5780 irrigandum
1046 5715 1082 5768 34
1168 5718 1264 5769 —est
1281 5715 1491 5780 concupiscentia
1511 5715 1543 5768 34
1562 5715 1612 5768 666
1634 5717 1649 5768 3
1844 5721 1939 5784 446666
1951 5749 1986 5758 -
1999 5721 2129 5786 significat
2144 5733 2259 5786 poenam
2277 5723 2432 5774 infernalem

354 5843 357 5850 .
443 5805 474 5858 24
501 5803 572 5858 b—
593 5801 687 5856 dicitur
707 5817 798 5858 arsura
817 5807 877 5858 ante
901 5803 972 5858 diem
989 5803 1082 5858 iudicii
1168 5805 1453 5874 -6666466644664,
1469 5803 1617 5870 significant
1628 5809 1758 5870 tempora·
1792 5809 1827 5862 Vl
1845 5809 1880 5862 89
1898 5823 1926 5862 v.
1945 5811 2011 5862 3-
2026 5809 2155 5876 significat
2174 5811 2278 5874 ctdpam
2298 5813 2349 5864 636
2369 5813 2433 5864 3-

443 5893 487 5946 344
509 5887 560 5946 636
578 5891 609 5944 47
1115 5891 1150 5948 446
1171 5895 1203 5948 34
1225 5893 1278 5948 667
1303 5895 1320 5948 8
1337 5923 1373 5932 -
1394 5893 1569 5948 Transeuntes
1590 5907 1673 5964 aquas
1697 5899 1758 5948 sunt
1792 5899 1955 5954 6644664666
1973 5897 2102 5952 diabolica
2122 5899 2165 5952 344
2185 5899 2230 5954 204
2256 5899 2289 5954 44

493 5981 588 6032 -De
608 5979 711 6034 Christo
737 5981 910 6050 egrediuntur
933 5981 1082 6050 spirituales
1116 5987 1314 6036 contemnentes
1331 5981 1400 6036 bona
1412 5983 1567 6048 4664664646
1578 5983 1611 6036 90
1632 5997 1653 6036 a.
1673 5981 1756 6038 6676
1845 5987 1935 6042 hauns
1960 6017 1998 6026 -
2022 5987 2136 6042 insinuat
2165 5989 2331 6054 operationes
2363 5991 2434 6042 vitae

443 6085 528 6140 aquae
545 6069 690 6134 gratiarum
709 6071 740 6122 34
758 6071 808 6124 478
830 6087 855 6124 v.
876 6071 945 6124 t-
960 6071 1082 6128 Christus
1117 6071 1352 6138 ——prosperitatis
1371 6071 1757 6140 suntdeiiciae‚divitiae,ho·
1791 6077 1894 6130 activae
1912 6077 1955 6128 Vll
1983 6077 2028 6130 434
2056 6077 2088 6128 48
2106 6105 2143 6114 -
2159 6077 2282 6130 Aratrum
2312 6077 2433 6142 designat

443 6157 611 6216 credentibus
629 6159 657 6213 in
674 6173 704 6212 se
721 6161 849 6224 promittit
872 6175 970 6232 aquam
989 6161 1081 6216 vivam
1116 6173 1196 6214 nores
1214 6161 1265 6214 626
1284 6161 1300 6214 6
1320 6191 1355 6200 -
1373 6161 1465 6228 Aquae
1481 6161 1600 6212 fortunae
1624 6167 1757 6214 transeun-
1791 6165 1944 6218 exercitium
1967 6165 2075 6230 divinae
2096 6163 2262 6230 perfectionis
2286 6169 2313 6218 64
2330 6163 2434 6230 praedi·

438 6251 493 6306 349
524 6249 570 6316 62,
599 6249 632 6302 63
657 6277 693 6288 --
715 6251 879 6318 quadruplex
907 6251 1042 6318 egreditur
1066 6265 1082 6304 a
1117 6251 1167 6302 dae
1185 6247 1246 6304 4440.
1265 6279 1300 6290 —-
1320 6249 1457 6302 Transitus
1473 6239 1602 6318 aquarum
1627 6249 1757 6316 prosperi·
1791 6253 1963 6308 6646646264
1990 6251 2040 6320 440

439 6339 543 6396 Christo
569 6339 621 6392 230
647 6341 717 6392 8-
734 6337 852 6394 Christus
876 6353 929 6394 non
952 6341 1083 6406 promittit
1117 6337 1176 6392 tatis
1195 6337 1357 6404 periculosus
1376 6343 1428 6402 est,
1447 6335 1509 6404 quia
1527 6337 1756 6392 46466446446664·
1844 6339 1961 6394 husones
1978 6371 2014 6380 -
2037 6343 2223 6404 comparantur
2250 6345 2365 6396 humano
2388 6355 2432 6408 ge-

443 6441 539 6496 aquam
557 6425 689 6480 visibilem
702 6431 728 6480 et
745 6429 906 6484 materialem
920 6429 972 6480 232
986 6429 1033 6492 43,
1046 6429 1076 6480 24
1115 6431 1193 6492 4664,
1209 6425 1337 6480 deorsum
1355 6429 1461 6480 trahunt
1476 6417 1568 6478 omnia
1591 6431 1617 6478 et
1636 6425 1757 6480 submer·
1791 6429 1848 6482 neri
1860 6435 1988 6496 quantum
1999 6429 2031 6482 ad
2044 6431 2140 6492 ortum,
2150 6441 2272 6482 occasum
2282 6431 2310 6484 64
2318 6431 2432 6486 fructum

441 6545 477 6558 -—
507 6513 625 6572 Christus
652 6515 698 6568 dat
722 6527 822 6586 aquam
849 6517 950 6584 gratiae
977 6517 1082 6572 animae
1118 6515 1254 6580 guntaro
1273 6515 1288 6566 6
1790 6515 1836 6572 vu
1854 6517 1906 6572 588
1928 6519 1960 6572 60
1982 6545 2014 6556 -
2033 6515 2174 6584 spiritualis
2192 6521 2231 6572 est
2249 6519 2303 6572 vita
2318 6519 2379 6574 iusti
2396 6521 2432 6572 34

441 6605 582 6672 promptae
599 6605 634 6658 ad
653 6605 815 6660 credendum
834 6605 887 6660 296
905 6607 938 6660 33
951 6619 1080 6674 —quam
1169 6635 1207 6644 —-
1223 6605 1389 6658 adversitatis
1405 6591 1542 6668 timentur,
1562 6605 1625 6672 quia
1649 6617 1755 6656 amarae
1788 6607 1842 6660 206
1863 6623 1889 6662 v.
1907 6607 1923 6658 3
1944 6635 1978 6644 -
1997 6605 2180 6660 discernuntur
2192 6621 2239 6674 per
2257 6611 2371 6662 fructum
2387 6609 2432 6662 344

441 6693 558 6748 Christus
572 6693 720 6760 promittit,
745 6695 822 6748 salire
845 6681 906 6748 facit
926 6695 962 6748 ad
980 6697 1080 6750 fontem
1114 6699 1177 6748 sunt
1196 6697 1221 6746 et
1238 6693 1354 6746 difficiles
1373 6693 1405 6746 ad
1425 6691 1584 6758 potandum,
1606 6693 1755 6758 profundae
1792 6695 1842 6748 462
1862 6695 1905 6748 99.
1926 6695 1974 6746 463
1992 6695 2043 6748 400
2056 6693 2172 6748 -bona
2190 6701 2215 6748 64
2237 6695 2305 6748 mala
2324 6701 2364 6748 est
2383 6707 2432 6746 vo·

440 6779 633 6834 indeficientem
647 6787 671 6834 et
683 6783 798 6848 perfecta
810 6783 969 6836 reficientem
980 6777 1080 6836 29222
1116 6786 1143 6837 64
1159 6782 1323 6848 periculosae
1333 6781 1368 6834 ad
1381 6781 1537 6848 natandum,
1550 6781 1651 6852 validae
1670 6785 1697 6836 64
1709 6781 1755 6834 dii·
1790 6783 1877 6836 luntas
1895 6785 2025 6848 humana,
2045 6797 2105 6836 cum
2126 6783 2186 6836 facit
2198 6781 2300 6834 bonum
2318 6781 2360 6834 vei
2378 6795 2432 6834 ma·

439 6893 477 6908 -·-
494 6867 594 6932 gratiae
611 6867 759 6920 infunditur
775 6869 904 6924 aChristo
922 6869 966 6922 Vll
980 6869 1031 6920 237
1045 6869 1079 6920 64
1115 6871 1197 6922 finitos
1214 6869 1249 6922 ad
1262 6869 1444 6924 sustinendum
1462 6871 1496 6922 Vl
1515 6855 1567 6922 627
1585 6869 1755 6922 7-44666-
1790 6869 1844 6922 4644
1866 6871 1877 6922 4
1884 6871 1916 6922 62
1932 6869 1964 6920 99
1978 6883 2076 6922 -non
2088 6869 2186 6920 faciens
2203 6869 2316 6920 fructum
2328 6865 2430 6922 bonum
