5908 8266
568 599 633 668 778
702 623 703 626 ¹
1241 645 1242 648 =
1428 599 1542 668 11717611
1565 601 1693 670 RERUM

816 689 959 762 11116127)
1967 713 1971 722 ·
2192 691 2265 746 -1Cli3

566 791 624 830 non
641 779 810 846 consequitur
833 779 881 848 qui
909 793 963 834 non
990 781 1047 834 vult
1064 779 1138 848 sequi
1163 779 1219 834 Vll
1297 807 1332 822 -
1352 777 1431 844 Sequi
1442 777 1574 832 Christum
1588 791 1638 830 non
1652 779 1738 842 potest
1748 773 1797 842 qui
1808 775 1881 840 67766
1918 777 2070 830 necessitate
2094 785 2142 832 ost·
2157 781 2277 844 corporis
2301 779 2421 834 animalis
2439 785 2555 846 tantum,

569 866 618 920 361
641 867 1208 938 63-667167776777667766666777767,6167
1245 881 1299 922 non
1316 865 1447 920 renuntiat
1466 865 1566 918 mundo
1586 867 1628 918 7771
1650 865 1700 918 129
1721 863 1764 916 67.
1783 863 1829 916 677
1848 863 1881 914 62
1919 877 1984 930 6676
2001 879 2035 918 ex
2055 871 2184 932 potestate
2207 873 2245 920 est
2264 867 2341 920 etiam
2365 869 2484 934 corporis
2504 869 2556 932 glo·

569 965 763 1022 consequamur
784 955 834 1008 766
846 955 886 1022 76
1244 955 1355 1008 -lton
1373 957 1460 1018 potest
1473 955 1588 1018 perfecte
1601 953 1675 1018 sequi
1686 949 1818 1004 Christum
1832 951 1880 1004 6161
1918 953 1980 1006 71661
1997 961 2026 1006 67
2046 953 2187 1020 spiritualis
2212 953 2263 1010 627
2288 957 2322 1008 27
2343 983 2376 996 —-
2396 957 2415 1008 6
2434 955 2493 1010 6166
2510 955 2556 1008 ali·

622 1043 728 1110 7-1161
746 1043 878 1096 Christum
896 1045 953 1098 77717
980 1049 1095 1108 perfecte
1114 1043 1208 1114 imitari
1244 1043 1292 1110 qui
1317 1041 1448 1094 renuntiat
1476 1039 1600 1094 omnibus
1625 1055 1674 1106 667
1703 1043 1881 1106 contemptum
1918 1043 2026 1108 quando
2042 1041 2204 1096 contrahitur
2222 1043 2356 1095 infirmitas
2368 1043 2420 1094 666
2441 1059 2468 1094 7.
2486 1043 2554 1096 763

571 1127 770 1182 fundamentum
785 1127 966 1182 habitationis
993 1131 1103 1184 collocat
1128 1143 1209 1196 supra
1245 1127 1882 1196 7676667611677736666-1716716771676671677·
1917 1157 1954 1170 ·-
1972 1127 2299 1184 67617661677666717299
2321 1133 2555 1184 26κ-76667666·

569 1217 734 1284 6677667771
754 1215 805 1270 376
824 1217 860 1268 69
878 1247 914 1256 -
933 1217 984 1284 Qui
1001 1217 1122 1286 sequitur
1139 1217 1210 1268 Chri·
1245 1219 1278 1272 sti
1304 1233 1336 1272 ex
1360 1217 1510 1270 necessitate
1535 1217 1644 1284 requirit
1666 1217 1893 1272 renuntiationem
1918 1225 1958 1272 ter
1976 1217 2254 1284 deside1·atur,reiicit
2272 1219 2343 1272 111676
2363 1219 2411 1286 qui
2438 1217 2556 1286 cibatur,

568 1311 639 1360 stum
659 1319 713 1358 non
731 1307 838 1358 67166677
857 1305 888 1358 71
913 1305 963 1358 396
984 1307 1016 1358 76
1036 1333 1071 1348 -
1091 1307 1210 1372 Sequens
1244 1313 1372 1374 quantum
1385 1307 1420 1358 ad
1432 1311 1598 1360 terrenorum
1609 1313 1789 1372 contemptum
1801 1305 1836 1360 ih.
1849 1307 1881 1358 66
1918 1307 1944 1358 16
1964 1315 2058 1372 corpus
2078 1307 2203 1360 7761777767
2216 1307 2272 1360 ’299
2291 1307 2327 1358 66
2469 1305 2470 1310 ’

570 1391 702 1446 Christum
724 1391 1209 1460 666671666671177266-11771
1244 1423 1282 1438 ···
1299 1409 1329 1448 66
1349 1393 1581 1460 supererogatione
1599 1393 1707 1460 requirit
1720 1395 1882 1448 renuntiatio·
1970 1407 2071 1460 -per
2090 1395 2232 1460 gratiarnm
2258 1397 2386 1450 actionem
2411 1397 2556 1448 sanctifica-

568 1481 684 1548 captivaf
712 1481 997 1558 intellectumClrristo
1019 1495 1071 1534 non
1091 1493 1209 1534 excaeca·
1246 1497 1305 1542 nem
1341 1495 1392 1534 non
1420 1483 1504 1536 solum
1533 1487 1662 1550 quantum
1688 1485 1724 1536 66
1745 1487 1881 1548 allectum,
1918 1481 2079 1538 76771321
2102 1483 2184 1536 to-
2197 1481 2331 1538 Debemus
2348 1497 2453 1538 6676677
2465 1483 2554 1538 cibum

464 1603 468 1610 -
569 1577 813 1634 turpererrorem
833 1569 937 1622 71366
958 1569 1209 1636 776-1767176176·
1245 1583 1338 1623 verum
1358 1571 1434 1622 etiam
1454 1571 1562 1624 adrem
1580 1569 1881 1626 ibid—Necessarium
1917 1587 1979 1624 cum
1997 1571 2257 1636 gratiarumactione
2276 1573 2429 1628 6767677666
2447 1573 2556 1626 32222.

569 1665 614 1712 767
631 1655 763 1712 Christum
787 1657 905 1710 induitur
923 1655 1012 1710 habitu
1033 1657 1210 1710 couversatio-
1245 1665 1286 1712 est
1301 1659 1424 1724 perfectis
1447 1659 1542 1712 Christi
1568 1661 1719 1726 discipulis,
1736 1667 1765 1714 ut
1784 1663 1882 1714 confor·
1918 1661 1971 1714 326
1997 1661 2087 1712 39-
2107 1659 2269 1716 Consuetum
2287 1669 2328 1716 667
2345 1661 2458 1730 manime
2481 1661 2556 1714 cleri-

569 1749 612 1802 616
629 1751 735 1800 sanctae
752 1749 796 1802 Vll
814 1749 867 1802 273
887 1749 930 1802 66.
948 1745 999 1800 237
1020 1747 1054 1802 66
1246 1761 1302 1800 7666
1319 1747 1372 1800 6167
1390 1749 1538 1814 6666677671
1555 1749 1670 1814 Magistri
1682 1747 1744 1804 1616.
1756 1751 1882 1802 -171671-
1918 1751 1957 1802 676
1979 1753 2006 1802 67
2033 1747 2160 1814 religiosis
2188 1753 2247 1802 ante
2272 1749 2361 1804 cibum
2387 1751 2555 1818 praemittere

623 1863 661 1874 -
678 1833 810 1890 Christum
828 1835 905 1902 sequi
929 1843 969 1888 est
991 1849 1040 1900 per
1066 1835 1209 1888 intellectus
1245 1837 1325 1904 677766
1343 1837 1468 1904 pauperis
1490 1835 1611 1892 Cruciilxi
1635 1853 1688 1892 non
1714 1845 1799 1904 potest
1825 1853 1883 1892 esse
1919 1837 2127 1892 benedictionem
2153 1837 2195 1890 771
2226 1837 2279 1892 697
2309 1841 2343 1892 37
2369 1869 2407 1878 -
2434 1841 2460 1894 76
2483 1843 2550 1894 refe-

570 1923 776 1988 captivationem
797 1925 826 1976 7Ἰ
848 1925 899 1976 366
926 1925 1013 1976 t8-·
1033 1925 1110 1990 Sequi
1139 1923 1210 1978 Chri
1245 1925 1291 1994 qui
1309 1925 1445 1978 consitium
1464 1927 1638 1994 paupertatis
1645 1927 1785 1982 7667677617
1802 1925 1863 1982 ibid
1917 1927 2003 1982 ctione
2021 1927 2151 1994 corporali
2168 1927 2301 1982 miscenda
2327 1933 2364 1982 est
2388 1931 2463 1982 lectio
2480 1929 2556 1994 spiri·
2611 1949 2613 1954 ·

570 2019 640 2066 stum
662 2011 699 2066 est
719 2025 766 2078 per
782 2011 975 2066 subiectionem
989 2011 1155 2066 6666766666
1166 2013 1209 2066 771
1297 2039 1336 2054 -·
1352 2015 1386 2068 ad
1406 2017 1569 2084 sequendum
1584 2015 1714 2072 Christum
1727 2015 1805 2070 debet
1823 2015 1895 2084 quis
1918 2015 1994 2070 tualis
2014 2017 2064 2070 366
2086 2017 2117 2070 26

571 2101 623 2154 772
643 2101 968 2168 66--671667666776667
993 2103 1119 2176 1767677676
1138 2101 1210 2156 Chri·
1246 2105 1313 2156 ferro
1331 2117 1437 2156 crucem
1457 2119 1503 2172 per
1529 2105 1677 2158 continuam
1706 2105 1881 2158 austeritatem
1970 2133 2007 2148 -
2024 2105 2135 2160 carnalis
2151 2119 2204 2158 non
2229 2111 2270 2174 est
2294 2105 2403 2160 sollicite
2420 2075 2554 2174 requiren-

569 2195 640 2242 stum
659 2189 792 2244 debemus
806 2191 939 2258 captivare
953 2205 1069 2256 sensum
1087 2193 1209 2246 aflectum
1247 2195 1290 2246 Vll
1309 2195 1360 2246 226
1379 2195 1470 2246 37-
1431 2195 1538 2262 -Qoi
1554 2195 1611 2248 7677
1638 2195 1714 2262 sequi
1735 2193 1881 2258 Christum,
1917 2195 1981 2258 dus,
2000 2197 2045 2252 sed
2070 2195 2146 2250 cibus
2166 2195 2309 2262 spiritualis
2336 2195 2367 2248 71
2392 2193 2444 2248 326
2465 2193 2498 2246 73
2519 2223 2554 2232 .„

571 2283 599 2330 et
612 2277 795 2332 intellectum
789 2295 814 2332 m
827 2279 884 2334 eius
897 2279 1053 2348 obsequium
1067 2295 1115 2348 per-
1127 2281 1212 2334 omni·
1245 2283 1793 2356 6666676666767776767766677677766667
1805 2297 1881 2336 suam
1917 2285 2058 2354 spiritualis
2077 2291 2115 2340 est
2133 2285 2244 2340 verbum
2265 2285 2325 2348 Dei,
2342 2285 2389 2354 qui
2407 2285 2454 2338 667
2471 2283 2553 2336 7176777

571 2369 679 2420 6766667
698 2369 871 2422 humilitatem
901 2371 950 2424 226
972 2369 1004 2422 37
1023 2399 1059 2408 -
1078 2369 1210 2426 Christum
1246 2373 1884 2440 677677676766776716,66667666671661667
1917 2381 2048 2432 aeternam
2069 2375 2129 2432 11716.
2148 2405 2184 2418 -
2203 2375 2345 2444 corporalis
2363 2389 2415 2428 non
2434 2375 2558 2440 6676716·

570 2455 678 2522 superbi
698 2457 926 2522 66661717767,666
951 2459 1063 2512 humiles
1088 2459 1212 2512 66671766-
1246 2461 1359 2514 61766667
1377 2457 1429 2516 3711
1450 2463 1483 2516 66
1501 2491 1538 2504 -
1556 2461 1748 2516 consummatio
1768 2447 1890 2528 discipu?
1917 2465 2034 2532 cipaliter
2045 2465 2214 2534 quaerendus
2225 2465 2253 2518 in
2265 2465 2416 2532 operatione
2433 2477 2481 2518 nec
2495 2477 2556 2518 curn

570 2545 683 2598 767376
702 2547 732 2598 67
754 2573 792 2586 --
809 2551 887 2600 76767
914 2547 1059 2612 simplicem
1081 2553 1107 2600 et
1124 2547 1212 2600 humi·
1246 2551 1312 2602 latus
1331 2549 1423 2604 Christi
1442 2557 1469 2604 et
1485 2549 1623 2604 comitatus
1643 2555 1680 2602 est
1692 2549 1719 2600 in
1739 2549 1882 2602 heiulando
1916 2553 2102 2618 sollieitudine,
2121 2555 2157 2606 ita
2175 2559 2205 2606 ut
2216 2567 2290 2606 mens
2303 2553 2475 2606 absorbentur
2487 2553 2556 2606 61776

570 2633 621 2684 lem
634 2633 756 2690 6666667
770 2635 1212 2702 66666166726111116-66677677·
1246 2651 1352 2690 7766676
1371 2637 1407 2690 id.
1424 2639 1460 2690 67
1477 2663 1512 2678 -
1532 2637 1589 2690 Non
1610 2643 1652 2690 est
1673 2635 1882 2702 discipulusqni
1913 2639 2359 2706 terrenanectemporeindebito
2380 2641 2479 2694 32761
2546 2669 2547 2672 ¹

571 2719 642 2774 tibus
662 2721 793 2776 Christum
821 2723 968 2776 necessaria
995 2731 1036 2776 est
1057 2723 1212 2788 simplicitas
1246 2737 1307 2776 6667
1318 2737 1397 2776 77666
1409 2737 1461 2774 6677
1474 2725 1531 2776 7617
1542 2737 1603 2774 eum
1613 2721 1688 2788 sequi
1702 2719 1735 2774 th.
1748 2721 1883 2774 66-171·
1972 2753 2008 2766 -
2025 2729 2052 2778 76
2072 2729 2202 2792 676666677
2219 2735 2259 2780 667
2276 2729 2351 2780 716776
2373 2729 2499 2780 667676116
2516 2733 2558 2780 677·

571 2809 847 2864 clarescentes
1247 2813 1363 2876 scipulos
1391 2811 1485 2864 Christi
1516 2823 1562 2876 667
1591 2821 1696 2860 crucem
1720 2807 1883 2872 dignoscitur
1918 2819 2034 2866 stertens
2050 2819 2184 2876 naturam,
2205 2815 2316 2868 carnalis
2327 2815 2446 2868 nutriens
2462 2831 2558 2870 concn-

623 2927 660 2936 -
679 2899 705 2950 16
725 2901 860 2966 sequendo
878 2897 1009 2952 Christum
1030 2905 1129 2964 septem
1151 2901 1212 2950 sunt
1246 2897 1308 2950 ibid.
1918 2899 2244 2966 placentiamartinctalis
2269 2905 2415 2954 confortans
2442 2903 2556 2954 animam

569 2983 822 3050 1766661766676711
853 2987 903 3038 739
921 2987 956 3038 69
974 3011 1011 3024 ···
1031 2985 1143 3050 Quidam
1166 2997 1212 3034 uo·
1298 3011 1335 3024 —
1352 2983 1626 3050 6677677617617677666
1645 2995 1692 3048 per
1715 2995 1820 3036 crucem
1839 2981 1883 3036 Vll
1919 2987 2024 3042 711666
2044 2987 2054 3038 7
2078 3015 2112 3026 -
2137 2987 2261 3042 667676116
2284 2989 2416 3060 condigne
2435 2995 2474 3044 est
2498 3005 2569 3056 pro-¹

571 3073 627 3126 lunt
645 3073 721 3140 sequi
738 3071 869 3128 Christum
888 3085 979 3124 amore
990 3071 1136 3136 praesentis
1153 3083 1212 3138 pro·
1247 3073 1299 3126 226
1319 3073 1353 3124 29
1369 3091 1411 3110 ···
1437 3071 1611 3124 perlectorum
1642 3075 1680 3124 est
1708 3071 1801 3122 imitari
1827 3083 1885 3136 666
1919 3077 2062 3130 merendus
2075 3083 2098 3128 et
2114 3075 2232 3132 modeste
2245 3077 2413 3144 accipiendus
2426 3085 2556 3146 quantum

571 3161 717 3228 speritatis,
734 3161 844 3226 quidam
863 3161 959 3214 timore
979 3163 1080 3212 17776766
1094 3159 1212 3212 adversi·
1246 3161 1347 3214 sionem
1366 3159 1461 3214 Christi
1481 3161 1513 3212 77
1532 3159 1584 3212 697
1607 3161 1622 3212 2
1649 3189 1684 3198 -
1705 3159 1773 3212 Socii
1789 3157 1884 3212 Christi
1918 3165 2122 3230 6666666667
2140 3173 2244 3234 7667666
2267 3173 2292 3220 67
2315 3167 2455 3220 liberaliter
2472 3167 2558 3222 distri·

571 3247 752 3304 7671671667
773 3227 1211 3316 subtritamneglig'amscqui
1246 3255 1308 3302 sunt
1326 3249 1371 3318 qui
1392 3263 1453 3302 cum
1471 3249 1514 3302 iilo
1533 3249 1656 3304 incedunt
1668 3263 1716 3314 per
1728 3249 1811 3302 ardua
1826 3261 1885 3314 666-
1919 3251 2040 3308 6666666
2065 3251 2098 3308 16.
2119 3257 2189 3308 2-
2207 3257 2233 3308 16
2257 3269 2346 3308 766666
2373 3235 2558 3320 concupiscen-

572 3335 705 3390 Christum
723 3335 858 3392 allectione
885 3335 995 3404 carnali,
1016 3335 1123 3404 quidam
1145 3335 1210 3390 solli·
1247 3339 1329 3392 sionis
1347 3339 1399 3390 626
1422 3339 1438 3388 3
1467 3363 1502 3378 -
1525 3337 1565 3390 Ad
1593 3337 1746 3390 imitandam
1771 3343 1884 3390 mortem
1919 3343 1969 3396 tiae
1988 3343 2242 3406 76167677676761666
2261 3341 2418 3398 7676617676.
2444 3359 2468 3396 7.
2488 3347 2504 3398 6
2521 3371 2560 3386 -

572 3425 686 3476 71766166
712 3425 849 3492 temporali
871 3425 906 3480 r'h.
931 3427 947 3476 6
971 3451 1007 3464 ···-
1027 3425 1138 3492 Quidem
1158 3439 1212 3478 non
1247 3427 1341 3482 Christi
1358 3425 1509 3492 obligamur
1527 3441 1557 3480 ex
1570 3425 1671 3492 666776,
1685 3425 1814 3478 allicimur
1826 3439 1884 3490 pro·
1917 3459 1956 3470 -
1972 3431 2001 3482 tn
2014 3445 2102 3484 mensa
2115 3433 2289 3486 conscientiae
2308 3433 2507 3500 praeparandus
2519 3439 2559 3486 est

572 3519 682 3578 possunt
701 3515 776 3580 sequi
794 3513 927 3568 Christum
953 3521 1060 3580 propter
1080 3513 1219 3580 perversi·¹
1247 3517 1329 3570 misso
1347 3515 1431 3580 vitae,
1451 3515 1599 3568 animamur
1616 3515 1734 3582 exemplo
1755 3515 1805 3566 692
1820 3515 1884 3568 5-
1919 3519 1995 3574 ethns
2013 3521 2154 3586 spiritualis
2171 3519 2234 3576 117177.

570 3607 651 3656 767676
669 3601 834 3668 intentionis,
851 3603 963 3672 quidam
981 3609 1090 3668 propter
1102 3603 1212 3656 infirmi·
1247 3605 1347 3656 Servus
1364 3601 1460 3656 Christi
1472 3603 1551 3658 debet
1565 3617 1625 3656 eum
1640 3603 1713 3672 sequi
1727 3617 1775 3668 per
1785 3603 1885 3668 passio·
1972 3635 2010 3650 -
2025 3609 2149 3662 naturalis
2161 3609 2323 3664 ministratur
2337 3609 2413 3662 nobis
2428 3609 2453 3664 76
2467 3623 2559 3664 676666

572 3695 652 3744 767676
671 3689 776 3746 77776776
792 3689 829 3746 16.
840 3691 856 3744 7
868 3717 905 3732 -·
918 3691 1032 3758 Quidam
1045 3691 1212 3746 simulatione
1246 3695 1293 3746 nis·
1305 3691 1425 3758 vestigia,
1439 3699 1475 3758 67,
1487 3695 1554 3748 617777
1567 3694 1682 3746 imitatur
1695 3693 1722 3748 in
1734 3705 1829 3758 poena,
1846 3691 1885 3746 sic
1913 3701 2042 3762 naturae,
2063 3699 2151 3764 legalis
2162 3697 2240 3752 nobis
2253 3699 2403 3752 interdictus
2426 3699 2454 3752 in
2466 3711 2559 3752 mensa

570 3777 738 3842 ostendebat,
752 3795 781 3832 se
798 3779 897 3832 hebere
908 3781 1070 3832 uoluntatem
1084 3779 1212 3848 sequendi
1247 3789 1274 3836 et
1290 3783 1317 3834 in
1337 3783 1418 3848 gloria
1439 3783 1489 3836 776
1505 3785 1537 3836 36
1550 3809 1586 3820 ·-
1598 3779 1774 3850 Sequentibus
1789 3779 1885 3836 Christi
1919 3799 2085 3852 synagogae,
2096 3787 2207 3838 carnalis
2225 3787 2354 3842 inmensa
2375 3787 2559 3852 concupiscen-

571 3865 704 3920 Christum
723 3871 852 3936 perfecte,
870 3869 918 3922 sed
943 3869 1042 3934 duplici
1067 3867 1149 3924 corde
1167 3869 1210 3922 Vll
1247 3869 1391 3924 imitatione
1408 3869 1537 3936 passionis
1555 3869 1716 3936 promittitur
1733 3869 1827 3934 gloria,
1840 3869 1885 3920 Vll
1919 3875 1984 3940 ttae,
2004 3875 2145 3940 spiritualis
2163 3875 2190 3926 tn
2208 3889 2298 3928 mapsa
2312 3875 2501 3938 eonscientiae,
2519 3889 2559 3926 sa·

572 3955 622 4010 279
648 3957 693 4010 763
911 3971 913 3974 ·
1249 3959 1885 4024 ll58-Beati,quipersecutionempatiuntur
1919 3965 2085 4016 oramentatis
2097 3963 2124 4014 in
2137 3977 2223 4016 mensa
2244 3963 2428 4028 eucharistiae,
2443 3971 2559 4016 aeterna·

623 4073 660 4084 -
678 4045 785 4100 dimittit
801 4047 933 4114 quosdam
954 4053 1061 4112 6766767
1081 4045 1213 4100 infirmita·
1238 4055 1353 4116 propter
1382 4061 1476 4102 nomen
1497 4047 1599 4100 Christi
1627 4049 1659 4100 Vt
1691 4047 1740 4100 763
1769 4045 1812 4100 37.
1839 4047 1884 4100 Vll
1919 4049 1996 4104 11616
2014 4063 2105 4104 mensa
2126 4050 2223 4116 gloriae
2243 4053 2274 4104 Vl
2294 4053 2351 4106 666
2366 4053 2428 4106 7.6

572 4139 641 4202 7667,
659 4133 790 4202 quosdam
809 4135 922 4190 admittit
941 4141 1048 4202 propter
1061 4135 1211 4190 fidelitatem
1247 4137 1298 4190 779
1319 4133 1351 4190 67
1596 4171 1598 4174 -
1970 4163 2008 4180 ····
2024 4139 2119 4204 767666
2137 4139 2220 4204 66777,
2240 4139 2316 4193 cibus
2333 4139 2435 4204 gratiae
2457 4153 2560 4206 perma-

571 4223 685 4276 7116717
712 4221 744 4274 67
763 4253 800 4264 -
816 4225 949 4292 quosdam
973 4223 1078 4278 attrahit
1103 4229 1212 4292 propter
1298 4253 1336 4266 -
1349 4223 1612 4294 Turbaesequuntur
1626 4223 1757 4280 Christum
1770 4223 1886 4290 667616·
1918 4231 1962 4280 667
1978 4225 2007 4280 in
2018 4227 2098 4280 717676
2118 4231 2250 4280 aeternam
2263 4229 2296 4280 Vl
2318 4227 2559 4292 6661-661666

572 4311 738 4364 idoneitatem
758 4311 1012 4382 ibid-quosdam
1031 4313 1133 4380 76667177
1150 4327 1212 4380 pro·
1247 4313 1337 4370 nitiem
1365 4313 1563 4382 mandatorum,
1592 4313 1713 4380 discipuli
1741 4327 1788 4378 667
1813 4325 1885 4364 mon·
1918 4319 1958 4370 est
1974 4313 2105 4380 luxuriae,
2132 4315 2220 4382 gulae,
2249 4313 2400 4382 superbiae,
2432 4315 2559 4384 invidiae,
2620 4365 2622 4374 ,

571 4405 630 4466 6767
650 4399 819 4466 cupiditatem
839 4399 950 4458 76171.-
962 4405 1090 4456 166ο7666
1101 4409 1212 4456 7676166
1247 4411 1305 4460 7666
1326 4403 1506 4472 766611167667,
1525 4403 1642 4470 Apostoli
1658 4417 1707 4470 per
1724 4403 1824 4456 excelsa
1842 4415 1884 4454 su·
1919 4405 1986 4472 irae,
2005 4403 2130 4458 avaritiae
2149 4405 2301 4460 6767716766
2323 4403 2385 4460 ibid.
2403 4433 2441 4448 ···
2459 4405 2559 4472 gratiae

560 4505 587 4548 ,a
604 4489 708 4544 Christo
725 4493 837 4556 puritate
854 4505 909 4544 non
926 4491 1029 4546 celabat
1046 4493 1134 4544 667676
1152 4493 1212 4546 alle·
1247 4491 1476 4562 pererogationum
1502 4495 1534 4546 Vt
1564 4493 1614 4548 663
1645 4493 1713 4544 t-
1731 4491 1884 4556 incipientes
1918 4493 2006 4548 reddit
2021 4493 2118 4556 vitam,
2136 4493 2211 4546 cibus
2228 4493 2373 4560 sapientiae
2390 4507 2506 4562 sensnm,
2524 4495 2559 4546 61-

571 4585 642 4632 67676
661 4591 711 4632 666
733 4579 862 4634 refutabat
891 4579 1040 4644 consllium,
1065 4581 1212 4636 hnmilitate
1232 4589 1393 4652 sequuntur
1401 4581 1532 4636 Christum
1545 4583 1676 4648 perviam
1691 4581 1884 4646 mandatorum,
1919 4581 1968 4634 bus
1988 4581 2130 4662 spiritualis
2146 4581 2259 4634 laetitiae
2276 4587 2379 4636 motum
2398 4581 2486 4634 6672

569 4673 673 4722 6767766
686 4667 752 4734 66777
766 4669 919 4736 77666776676
929 4667 1034 4724 7616667
1043 4667 1211 4736 obsequium
1247 4671 1414 4740 proficientes
1429 4685 1476 4738 per
1496 4673 1617 4726 semitam
1637 4669 1815 4736 consiliorum,
1827 4683 1884 4736 per
1970 4697 2008 4710 ··-
2025 4671 2136 4724 66766116
2153 4677 2193 4724 est
2205 4671 2361 4738 fugiendus
2381 4671 2442 4738 quia
2460 4675 2559 4724 estte-

569 4763 658 4810 motus
671 4757 1064 4824 6666766716677161676676671,
1075 4759 1211 4813 clementie
1248 4761 1307 4814 fecti
1332 4773 1380 4826 per
1406 4761 1594 4826 compendium
1620 4759 1884 4826 supererogationem
1919 4757 1992 4826 66176,
2003 4757 2115 4812 7666666
2128 4771 2256 4822 egenum,
2267 4759 2390 4826 pollutus,
2403 4757 2518 4812 facrens
2512 4773 2560 4812 rm

569 4845 649 4898 661677
667 4847 901 4900 67766666766166
919 4847 1107 4900 166666111260
1123 4849 1173 4900 766
1247 4847 1495 4904 1717.-6676766
1519 4849 1610 4904 fideles
1638 4853 1782 4916 sequuntur
1811 4845 1884 4900 Chri·
1919 4847 2062 4912 mundum,
2081 4847 2148 4898 67616
2160 4845 2424 4912 6677771766,1661666
2442 4847 2559 4900 debilem

576 4921 577 4924 ¹
623 4961 659 4974 -
678 4935 776 4990 761666
793 4935 872 5004 sequi
897 4935 1029 4990 Christum
1054 4949 1106 4990 non
1132 4935 1211 4990 debet
1245 4943 1315 4990 stum
1335 4937 1422 4988 16776
1442 4935 1791 5000 rnartdatorumperlldem
1811 4947 1884 5000 aspe·
1919 4933 2559 5000 etinflrmum,depauperatexpellendogratiam,

569 5023 690 5076 vacillare
710 5025 801 5080 effectu
821 5025 915 5078 cernaii
929 5025 963 5078 ad
976 5037 1038 5078 suos
1049 5025 1211 5078 domesticos
1243 5033 1318 5078 'ctum
1337 5025 1509 5090 dirigentem,
1526 5025 1659 5078 caritatem
1673 5025 1794 5076 affectum
1808 5027 1884 5074 uttra·
1919 5021 2012 5088 polluit
2026 5019 2173 5086 ingerendo
2187 5021 2293 5086 culpam
2306 5035 2352 5072 seu
2372 5021 2511 5084 maculam,
2523 5021 2560 5072 in·

570 5111 679 5166 7111261
705 5113 756 5164 ton
774 5143 810 5152 -
829 5113 1039 5168 Farodamentnm
1068 5113 1210 5180 spiritualis
1245 5117 1349 5166 17661676
1370 5117 1395 5164 et
1406 5111 1583 5164 obedientiam
1595 5113 1716 5164 ellectum
1729 5114 1884 5174 operantem
1919 5111 2007 5162 1177667
2023 5107 2217 5172 767767666666
2231 5107 2287 5162 6176
2307 5109 2559 5162 7771667666666777·

569 5201 757 5254 6667176766667
770 5203 947 5254 carnalitatem
960 5215 1067 5254 omnem
1080 5202 1210 5254 declinare
1245 5201 1278 5254 76.
1298 5201 1314 5252 2
1334 5199 1498 5252 -Animae
1524 5199 1615 5252 666166
1642 5203 1786 5264 sequuntur
1811 5195 1884 5250 Chri·
1919 5209 1974 5250 ram
1996 5195 2027 5248 71
2048 5195 2098 5248 aaa
2119 5195 2190 5246 3-
2206 5195 2348 5260 spiritualis
2370 5201 2409 5250 est
2433 5203 2559 5264 appeten·

571 5287 629 5340 6776
647 5287 680 5342 66
699 5303 726 5342 66
755 5291 812 5342 6776
839 5289 873 5342 66
899 5295 1020 5354 66766766
1043 5289 1095 5342 376
1121 5289 1209 5342 63-
1244 5295 1314 5342 61667
1333 5301 1383 5352 per
1399 5285 1507 5340 consilia
1529 5301 1578 5352 per
1600 5285 1689 5340 carnis
1710 5285 1885 5338 mortificatio·
1920 5285 1983 5348 dns,
2003 5283 2065 5350 qnia
2087 5281 2196 5348 nobilis,
2218 5283 2290 5350 quia
2307 5285 2387 5348 utilis,
2409 5279 2478 5338 6666
2502 5287 2559 5340 7617-

551 5375 745 5444 ¹lirscrputatns
755 5377 848 5432 Christi
862 5375 1053 5430 desiderandus
1065 5375 1098 5428 vt
1109 5377 1159 5428 379
1175 5375 1209 5426 37
1245 5389 1320 5438 nem,
1339 5387 1388 5438 667
1413 5375 1599 5438 temporalium
1623 5373 1818 5438 dimissionem,
1832 5387 1884 5438 per
1919 5375 2034 5426 6166667
2054 5375 2295 5440 6661671666,6616
2313 5373 2472 5428 delectabilis
2491 5373 2526 5430 16
2543 5375 2559 5428 7

570 5461 768 5516 —Comitatus
785 5463 1208 5528 66667777767761766676667767
1235 5463 1369 5528 propriae
1392 5463 1549 5514 voluntatis
1550 5459 1731 5516 abiectionem
1756 5459 1788 5514 16
1814 5461 1884 5514 3—-
1918 5489 1955 5502 ·-
1972 5459 2115 5528 spiritualis
2132 5475 2186 5512 non
2206 5459 2319 5516 delectat
2339 5467 2447 5528 6766767
2465 5477 2559 5518 666666
2612 5497 2613 5500 =

570 5551 711 5616 spiritualis
729 5551 772 5604 Vll
791 5551 843 5604 376
861 5551 892 5604 67
1244 5549 1355 5604 Animae
1384 5549 1473 5604 666166
1502 5555 1646 5618 sequuntur
1673 5549 1806 5606 Christum
1835 5565 1884 5618 per
1912 5549 2092 5606 delectionem
2113 5549 2153 5602 vel
2174 5549 2231 5604 eius
2249 5551 2419 5606 infectionem
2439 5555 2482 5606 vel
2501 5553 2559 5606 cius

613 5667 650 5678 -
662 5639 741 5708 Sequi
755 5639 887 5696 Christum
899 5645 940 5692 est
951 5653 999 5706 per
1009 5639 1078 5692 71766
1087 5639 1210 5706 66667176·
1245 5639 1492 5706 supererogationes
1511 5639 1659 5694 excellentia
1685 5639 1805 5708 puritatis
1822 5653 1883 5694 cnm
1920 5639 2088 5708 repletionem
2109 5638 2142 5696 16.
2162 5639 2180 5692 6

492 5749 494 5752 ·
570 5733 732 5792 7667767676
743 5729 936 5784 mendicitatem
949 5729 1210 5784 etcordishumiiita·
1245 5727 1401 5796 virginibus,
1418 5729 1569 5788 excellentia
1587 5729 1724 5796 probitatis
1744 5744 1804 5786 cunr
1817 5731 1884 5798 Apo·
1972 5759 2007 5770 ···-
2024 5729 2066 5786 Ob
2084 5729 2214 5782 delectum
2235 5729 2287 5784 cibi
2306 5745 2360 5792 non
2377 5729 2559 5800 derelinquen-

571 5825 624 5870 tem
644 5819 686 5870 Vll
707 5817 756 5870 763
773 5819 799 5872 71
825 5849 860 5858 -
879 5819 954 5888 sequi
972 5819 1105 5874 Christum
1126 5825 1163 5874 est
1181 5833 1209 5874 se
1245 5819 1333 5884 stolis,
1350 5819 1494 5872 imitatione
1512 5819 1714 5886 passioniscum
1727 5819 1884 5888 Martyribus
1920 5825 1960 5874 tur
1988 5819 2014 5872 in
2040 5819 2081 5874 via
2108 5819 2225 5872 volentes
2252 5815 2361 5872 tendere
2383 5819 2420 5872 ad
2440 5817 2558 5886 'patriam

570 5910 684 5974 perfecte
701 5909 734 5960 ilii
749 5911 915 5978 configurare
928 5909 990 5964 16177.
1009 5939 1044 5950 -
1062 5909 1102 5964 Ad
1115 5909 1209 5966 Christi
1245 5907 1317 5962 abl
1823 5959 1825 5962 ,
1889 5947 1890 5950 ,
1919 5909 1962 5962 vn
1982 5909 2034 5962 322
2055 5907 2086 5960 72
2108 5933 2145 5954 -,
2159 5909 2216 5960 1766
2236 5905 2378 5972 denegabit
2402 5907 2493 5962 cibum
2511 5909 2559 5976 qui

570 5999 711 6064 perlectam
725 5997 896 6054 imitationem
909 6015 960 6054 non
970 5999 1068 6054 66777617
1079 5999 1210 6054 66777111766
1297 6029 1334 6038 -
1352 5999 1498 6054 lmitetores
1516 5999 1611 6054 Christi
1629 5999 1715 6066 iuopia
1735 5999 1828 6054 Christi
1847 5999 1884 6054 di·
1919 6005 2033 6064 paratus,
2045 6003 2082 6050 est
2110 5995 2175 6050 dare
2195 6009 2308 6074 regnum
2327 6001 2464 6050 aeternnm
2492 5993 2556 6050 ibid.

570 6093 595 6140 67
613 6089 759 6152 austeritas,
772 6091 818 6144 sed
833 6089 910 6144 etiam
923 6090 1071 6144 necessaria
1089 6095 1131 6144 est
1147 6103 1210 6156 pau·
1246 6088 1313 6142 vites
1331 6089 1392 6142 facti
1409 6095 1475 6142 sunt.
1499 6089 1541 6142 Vll
1568 6089 1619 6142 279
1646 6089 1698 6142 766
1715 6117 1752 6128 -
1769 6089 1884 6142 imitator
1919 6085 2118 6140 -ltlinistranti
2134 6083 2224 6138 cibam
2238 6087 2405 6152 76766761676
2415 6083 2559 6150 766666676

569 6185 657 6244 pertas
670 6179 721 6230 226
743 6179 825 6230 36-
836 6179 918 6232 Nemo
938 6185 1159 6244 potestooeratus
1172 6193 1210 6232 se·
1245 6177 1338 6234 Christi
1357 6179 1434 6232 dives
1452 6183 1500 6244 est,
1517 6179 1581 6230 61611
1607 6175 1706 6230 666666
1723 6177 1883 6246 proprietate
1919 6173 2049 6230 debemus
2067 6173 2230 6238 spiritualem
2243 6173 2416 6228 eruditionem
2435 6173 2488 6226 366
2507 6173 2544 6224 26

569 6267 614 6334 qui
629 6265 760 6320 Christum
773 6265 883 6322 tota„-
848 6269 1209 6336 -Quisurgiterpeditusa
1246 6273 1271 6320 et
1288 6273 1372 6320 totum
1391 6265 1528 6332 possidens
1548 6267 1653 6320 76777676
1673 6263 1734 6320 itta.
1850 6293 1854 6300 ·
1970 6291 2007 6304 —-
2024 6277 2118 6326 verus,
2130 6263 2249 6314 caelestis
2267 6263 2446 6328 etspiritualis
2465 6263 2559 6328 figura
2625 6279 2626 6282 ¹

474 6347 476 6350 ’
570 6353 759 6422 temporalibus
770 6363 855 6422 potest
867 6357 999 6412 Christum
1011 6369 1139 6422 66777667
1152 6371 1209 6422 667
1259 6395 1260 6400 1
1298 6385 1334 6394 -—
1363 6353 1508 6422 imitatores
1533 6353 1635 6410 Christi
1654 6353 1753 6416 666667
1782 6353 1883 6410 6667776
1920 6335 1997 6406 66767
2014 6363 2172 6416 permanea
2189 6349 2289 6404 71327
2309 6351 2560 6418 53mcorporalis

491 6477 494 6482 -
570 6443 687 6498 fectionis
705 6447 844 6512 6676617311
871 6447 959 6498 69-
924 6447 1059 6512 -Sequi
1076 6443 1208 6498 Christum
1246 6445 1395 6512 exemplum
1415 6443 1577 6498 ostendendo
1595 6443 1698 6510 6766176
1716 6443 1751 6498 Vl
1769 6443 1857 6496 3616
1920 6441 2004 6494 166617
2020 6439 2183 6504 spritualem
2195 6437 2248 6492 623
2267 6439 2493 6506 22-67Β6777767
2507 6455 2560 6494 676

568 6539 717 6586 currentem
729 6547 784 6586 non
797 6547 952 6600 6666777666,
964 6533 1014 6586 6161
1026 6545 1211 6596 exoneramur,
1298 6533 1372 6590 Canos
1388 6563 1425 6572 —
1443 6538 1569 6585 sustentat
1592 6545 1640 6596 667
1664 6545 1740 6584 suam
1763 6531 1884 6584 67766166-
1920 6533 1971 6584 1667
1991 6527 2190 6582 delectationem
2209 6527 2260 6586 566
2281 6545 2308 6584 v.
2327 6529 2361 6584 76
2380 6531 2396 6584 3

569 6635 619 6674 666
638 6621 723 6686 166676
744 6621 871 6688 consequi
896 6621 947 6674 766
976 6621 1010 6674 76
1028 6651 1065 6660 -
1082 6635 1136 6674 aon
1153 6623 1210 6674 7617
1246 6621 1308 6674 dam
1333 6621 1489 6674 6766167767
1512 6635 1705 6686 6676666766
1733 6619 1766 6672 77
1785 6619 1836 6674 216
1856 6635 1883 6674 7.
1972 6647 2008 6658 -
2026 6615 2169 6682 66171766116
2186 6617 2295 6672 16767167
2307 6617 2508 6676 inconscientia
2521 6623 2562 6674 est

569 6709 666 6762 habere
692 6713 814 6764 6677717676
840 6711 887 6776 qui
914 6709 1007 6776 diligat
1034 6709 1208 6764 7677666279
1247 6709 1281 6762 27
1300 6737 1334 6750 -
1352 6709 1463 6764 Ultimus
1481 6711 1587 6764 effectus
1607 6707 1711 6762 6761667
1727 6723 1884 6770 conservare
1921 6707 1996 6762 cibus
2013 6707 2127 6772 gratiae,
2145 6707 2290 6776 sapientiae
2308 6715 2334 6780 67
2352 6707 2493 6776 66177766116
2510 6707 2561 6760 lae·

572 6797 675 6848 7717-
695 6799 744 6866 Qui
764 6797 848 6864 diligit
867 6805 967 6852 terrena
987 6811 1041 6850 666
1054 6803 1140 6866 potest
1151 6811 1208 6862 per·
1247 6797 1351 6852 33799
1373 6797 1401 6852 2*
1421 6827 1454 6838 ···
1472 6797 1529 6852 Cibi
1548 6799 1697 6864 corporales
1715 6797 1749 6852 ad
1768 6811 1884 6852 momen·
1921 6797 2003 6866 titiae,
2021 6797 2133 6850 exterior
2151 6797 2179 6852 in
2196 6797 2251 6850 rita
2273 6803 2313 6854 est
2330 6797 2406 6852 cibus
2428 6795 2562 6862 poeniten·

565 6883 635 6936 fecte
653 6883 748 6950 imitari
767 6885 898 6940 Christum
917 6883 978 6942 16171.
1030 6915 1031 6918 ¹
1077 6923 1079 6926 -
1192 6925 1193 6928 ,
1247 6893 1302 6940 tum
1321 6887 1442 6942 76661667
1463 6893 1491 6940 67
1508 6885 1638 6948 deliciunt
1656 6887 1707 6940 333
1729 6887 1763 6940 66
1789 6913 1824 6928 -
1853 6901 1883 6942 ex
1922 6887 1986 6954 tiae,
2011 6887 2180 6942 1666716667
2202 6887 2357 6960 patientiae,
2384 6883 2505 6952 superior
2534 6883 2560 6936 in

2348 7071 2358 7114 7
