<?xml version="1.0" encoding="UTF-8"?>
<!DOCTYPE html PUBLIC "-//W3C//DTD XHTML 1.0 Transitional//EN"
    "http://www.w3.org/TR/xhtml1/DTD/xhtml1-transitional.dtd">
<html xmlns="http://www.w3.org/1999/xhtml" xml:lang="en" lang="en">
 <head>
  <title>
</title>
<meta http-equiv="Content-Type" content="text/html;charset=utf-8" />
  <meta name='ocr-system' content='tesseract 3.04.00' />
  <meta name='ocr-capabilities' content='ocr_page ocr_carea ocr_par ocr_line ocrx_word'/>
</head>
<body>
  <div class='ocr_page' id='page_1' title='image "./doctorisseraphi01italgoog_0394.png"; bbox 0 0 5908 8266; ppageno 0'>
   <div class='ocr_carea' id='block_1_1' title="bbox 1037 553 1848 626">
    <p class='ocr_par' dir='ltr' id='par_1_1' title="bbox 1037 553 1848 626">
     <span class='ocr_line' id='line_1_1' title="bbox 1037 553 1848 626; baseline -0.002 0"><span class='ocrx_word' id='word_1_1' title='bbox 1037 557 1230 626; x_wconf 83' lang='lat' dir='ltr'><strong>COlllllENT.</strong></span> <span class='ocrx_word' id='word_1_2' title='bbox 1253 559 1292 626; x_wconf 93' lang='lat' dir='ltr'><strong>IN</strong></span> <span class='ocrx_word' id='word_1_3' title='bbox 1314 557 1552 626; x_wconf 78' lang='lat' dir='ltr'><strong>avuncunlum</strong></span> <span class='ocrx_word' id='word_1_4' title='bbox 1576 553 1692 624; x_wconf 79' lang='lat' dir='ltr'><strong>uncta</strong></span> <span class='ocrx_word' id='word_1_5' title='bbox 1718 555 1748 624; x_wconf 89' lang='lat' dir='ltr'><strong>C.</strong></span> <span class='ocrx_word' id='word_1_6' title='bbox 1774 557 1848 626; x_wconf 87' lang='lat' dir='ltr'><strong>XlV.</strong></span> 
     </span>
    </p>
   </div>
   <div class='ocr_carea' id='block_1_2' title="bbox 458 737 1418 1880">
    <p class='ocr_par' dir='ltr' id='par_1_2' title="bbox 458 737 1418 1880">
     <span class='ocr_line' id='line_1_2' title="bbox 458 737 1418 826; baseline -0.002 -20"><span class='ocrx_word' id='word_1_7' title='bbox 458 757 516 826; x_wconf 92' lang='lat' dir='ltr'><strong>pro</strong></span> <span class='ocrx_word' id='word_1_8' title='bbox 548 737 628 806; x_wconf 90' lang='lat' dir='ltr'><strong>bona</strong></span> <span class='ocrx_word' id='word_1_9' title='bbox 660 739 818 806; x_wconf 89' lang='lat' dir='ltr'><strong>voluntate</strong></span> <span class='ocrx_word' id='word_1_10' title='bbox 835 765 866 804; x_wconf 88' lang='grc'><strong>».</strong></span> <span class='ocrx_word' id='word_1_11' title='bbox 890 776 935 788; x_wconf 84' lang='lat'><em>-</em></span> <span class='ocrx_word' id='word_1_12' title='bbox 957 739 993 806; x_wconf 87' lang='lat' dir='ltr'><strong>Et</strong></span> <span class='ocrx_word' id='word_1_13' title='bbox 1024 743 1100 804; x_wconf 91' lang='lat' dir='ltr'><strong>uota</strong></span> <span class='ocrx_word' id='word_1_14' title='bbox 1128 737 1198 816; x_wconf 91' lang='lat' dir='ltr'><strong>hic,</strong></span> <span class='ocrx_word' id='word_1_15' title='bbox 1216 737 1314 824; x_wconf 25' lang='lat' dir='ltr'><strong>,quod</strong></span> <span class='ocrx_word' id='word_1_16' title='bbox 1346 737 1418 806; x_wconf 89' lang='lat' dir='ltr'><strong>lieet</strong></span> 
     </span>
     <span class='ocr_line' id='line_1_3' title="bbox 458 843 1417 928; baseline -0.002 -18"><span class='ocrx_word' id='word_1_17' title='bbox 458 843 545 912; x_wconf 79' lang='lat' dir='ltr'><strong>nior</strong></span> <span class='ocrx_word' id='word_1_18' title='bbox 566 845 650 912; x_wconf 89' lang='lat' dir='ltr'><strong>licite</strong></span> <span class='ocrx_word' id='word_1_19' title='bbox 673 845 843 924; x_wconf 79' lang='lat' dir='ltr'>habeatur,</span> <span class='ocrx_word' id='word_1_20' title='bbox 867 851 972 912; x_wconf 88' lang='lat' dir='ltr'><strong>tamen</strong></span> <span class='ocrx_word' id='word_1_21' title='bbox 994 851 1124 928; x_wconf 90' lang='lat' dir='ltr'><strong>propter</strong></span> <span class='ocrx_word' id='word_1_22' title='bbox 1144 843 1281 910; x_wconf 86' lang='lat' dir='ltr'><strong>abusum</strong></span> <span class='ocrx_word' id='word_1_23' title='bbox 1297 847 1329 910; x_wconf 94' lang='lat' dir='ltr'><strong>et</strong></span> <span class='ocrx_word' id='word_1_24' title='bbox 1345 861 1417 928; x_wconf 82' lang='lat' dir='ltr'><strong>pra</strong></span> 
     </span>
     <span class='ocr_line' id='line_1_4' title="bbox 459 949 1417 1036; baseline -0.001 -19"><span class='ocrx_word' id='word_1_25' title='bbox 459 958 531 1036; x_wconf 89' lang='lat' dir='ltr'><strong>pter</strong></span> <span class='ocrx_word' id='word_1_26' title='bbox 554 949 666 1018; x_wconf 92' lang='lat' dir='ltr'><strong>vitium</strong></span> <span class='ocrx_word' id='word_1_27' title='bbox 688 951 890 1020; x_wconf 89' lang='lat' dir='ltr'><strong>coniunctum</strong></span> <span class='ocrx_word' id='word_1_28' title='bbox 916 967 972 1034; x_wconf 90' lang='lat' dir='ltr'><strong>per</strong></span> <span class='ocrx_word' id='word_1_29' title='bbox 994 969 1065 1016; x_wconf 83' lang='lat' dir='ltr'><strong>rein</strong></span> <span class='ocrx_word' id='word_1_30' title='bbox 1090 949 1209 1016; x_wconf 81' lang='lat' dir='ltr'><strong>bonane</strong></span> <span class='ocrx_word' id='word_1_31' title='bbox 1232 949 1417 1036; x_wconf 78' lang='lat' dir='ltr'><strong>intelligitur</strong></span> 
     </span>
     <span class='ocr_line' id='line_1_5' title="bbox 459 1055 1417 1144; baseline 0.002 -22"><span class='ocrx_word' id='word_1_32' title='bbox 459 1055 598 1124; x_wconf 83' lang='lat' dir='ltr'><strong>rnatum.</strong></span> <span class='ocrx_word' id='word_1_33' title='bbox 630 1057 761 1144; x_wconf 88' lang='lat' dir='ltr'><strong>Propter</strong></span> <span class='ocrx_word' id='word_1_34' title='bbox 785 1055 870 1142; x_wconf 89' lang='lat' dir='ltr'><strong>quod</strong></span> <span class='ocrx_word' id='word_1_35' title='bbox 891 1061 924 1122; x_wconf 95' lang='lat' dir='ltr'><strong>et</strong></span> <span class='ocrx_word' id='word_1_36' title='bbox 945 1055 1110 1142; x_wconf 76' lang='lat' dir='ltr'>Apostolus</span> <span class='ocrx_word' id='word_1_37' title='bbox 1131 1055 1208 1124; x_wconf 85' lang='lat' dir='ltr'><strong>dicit</strong></span> <span class='ocrx_word' id='word_1_38' title='bbox 1231 1055 1352 1142; x_wconf 89' lang='lat' dir='ltr'><strong>primae</strong></span> <span class='ocrx_word' id='word_1_39' title='bbox 1376 1055 1417 1124; x_wconf 89' lang='lat' dir='ltr'><strong>ad</strong></span> 
     </span>
     <span class='ocr_line' id='line_1_6' title="bbox 461 1161 1417 1250; baseline 0.002 -24"><span class='ocrx_word' id='word_1_40' title='bbox 461 1161 638 1230; x_wconf 73' lang='lat' dir='ltr'><strong>Corinthios</strong></span> <span class='ocrx_word' id='word_1_41' title='bbox 664 1163 844 1250; x_wconf 82' lang='lat' dir='ltr'><strong>septim01:</strong></span> <span class='ocrx_word' id='word_1_42' title='bbox 873 1187 889 1218; x_wconf 85' lang='grc'>«</span> <span class='ocrx_word' id='word_1_43' title='bbox 906 1161 1071 1246; x_wconf 85' lang='lat' dir='ltr'><strong>Reliquum</strong></span> <span class='ocrx_word' id='word_1_44' title='bbox 1095 1169 1161 1242; x_wconf 90' lang='lat' dir='ltr'><strong>est,</strong></span> <span class='ocrx_word' id='word_1_45' title='bbox 1176 1168 1213 1228; x_wconf 91' lang='lat' dir='ltr'><strong>ut</strong></span> <span class='ocrx_word' id='word_1_46' title='bbox 1229 1163 1284 1248; x_wconf 94' lang='lat' dir='ltr'><strong>qui</strong></span> <span class='ocrx_word' id='word_1_47' title='bbox 1299 1163 1417 1230; x_wconf 91' lang='lat' dir='ltr'><strong>habent</strong></span> 
     </span>
     <span class='ocr_line' id='line_1_7' title="bbox 458 1265 1417 1352; baseline 0 -18"><span class='ocrx_word' id='word_1_48' title='bbox 458 1285 580 1336; x_wconf 86' lang='lat' dir='ltr'><strong>uxores</strong></span> <span class='ocrx_word' id='word_1_49' title='bbox 605 1271 668 1338; x_wconf 92' lang='lat' dir='ltr'><strong>sint</strong></span> <span class='ocrx_word' id='word_1_50' title='bbox 689 1277 839 1352; x_wconf 79' lang='lat' dir='ltr'><strong>tanquam</strong></span> <span class='ocrx_word' id='word_1_51' title='bbox 863 1283 927 1332; x_wconf 92' lang='lat' dir='ltr'><strong>non</strong></span> <span class='ocrx_word' id='word_1_52' title='bbox 947 1265 1102 1336; x_wconf 88' lang='lat' dir='ltr'><strong>habentes</strong></span> <span class='ocrx_word' id='word_1_53' title='bbox 1115 1293 1149 1350; x_wconf 80' lang='lat'><strong>»3</strong></span> <span class='ocrx_word' id='word_1_54' title='bbox 1166 1269 1246 1336; x_wconf 91' lang='lat' dir='ltr'><strong>sieut</strong></span> <span class='ocrx_word' id='word_1_55' title='bbox 1262 1273 1295 1336; x_wconf 92' lang='lat' dir='ltr'><strong>et</strong></span> <span class='ocrx_word' id='word_1_56' title='bbox 1308 1267 1417 1334; x_wconf 88' lang='lat' dir='ltr'><strong>Glossa</strong></span> 
     </span>
     <span class='ocr_line' id='line_1_8' title="bbox 458 1371 1416 1462; baseline 0.007 -27"><span class='ocrx_word' id='word_1_57' title='bbox 458 1375 553 1456; x_wconf 76' lang='lat' dir='ltr'><strong>dieis,</strong></span> <span class='ocrx_word' id='word_1_58' title='bbox 576 1375 663 1462; x_wconf 83' lang='lat' dir='ltr'><strong>quod</strong></span> <span class='ocrx_word' id='word_1_59' title='bbox 690 1403 706 1436; x_wconf 87' lang='lat'>«</span> <span class='ocrx_word' id='word_1_60' title='bbox 722 1371 813 1440; x_wconf 89' lang='lat' dir='ltr'><strong>multi</strong></span> <span class='ocrx_word' id='word_1_61' title='bbox 837 1391 900 1438; x_wconf 92' lang='lat' dir='ltr'><strong>non</strong></span> <span class='ocrx_word' id='word_1_62' title='bbox 930 1379 1061 1460; x_wconf 88' lang='lat' dir='ltr'><strong>prepter</strong></span> <span class='ocrx_word' id='word_1_63' title='bbox 1091 1373 1330 1454; x_wconf 85' lang='lat' dir='ltr'><strong>fecunditatem,</strong></span> <span class='ocrx_word' id='word_1_64' title='bbox 1362 1375 1416 1442; x_wconf 92' lang='lat' dir='ltr'><strong>sed</strong></span> 
     </span>
     <span class='ocr_line' id='line_1_9' title="bbox 460 1475 1417 1564; baseline -0.002 -18"><span class='ocrx_word' id='word_1_65' title='bbox 460 1487 591 1564; x_wconf 91' lang='lat' dir='ltr'><strong>propter</strong></span> <span class='ocrx_word' id='word_1_66' title='bbox 615 1479 768 1544; x_wconf 89' lang='lat' dir='ltr'><strong>desideria</strong></span> <span class='ocrx_word' id='word_1_67' title='bbox 785 1475 888 1544; x_wconf 83' lang='lat' dir='ltr'><strong>uernis</strong></span> <span class='ocrx_word' id='word_1_68' title='bbox 904 1495 1023 1546; x_wconf 87' lang='lat' dir='ltr'><strong>uxores</strong></span> <span class='ocrx_word' id='word_1_69' title='bbox 1039 1479 1169 1546; x_wconf 82' lang='lat' dir='ltr'><strong>ducrvnt.</strong></span> <span class='ocrx_word' id='word_1_70' title='bbox 1184 1477 1255 1544; x_wconf 92' lang='lat' dir='ltr'><strong>ldee</strong></span> <span class='ocrx_word' id='word_1_71' title='bbox 1276 1495 1332 1564; x_wconf 90' lang='lat' dir='ltr'><strong>per</strong></span> <span class='ocrx_word' id='word_1_72' title='bbox 1350 1495 1417 1546; x_wconf 93' lang='lat' dir='ltr'><strong>rem</strong></span> 
     </span>
     <span class='ocr_line' id='line_1_10' title="bbox 460 1583 1418 1670; baseline 0 -20"><span class='ocrx_word' id='word_1_73' title='bbox 460 1587 553 1652; x_wconf 86' lang='lat' dir='ltr'><strong>istam</strong></span> <span class='ocrx_word' id='word_1_74' title='bbox 580 1583 715 1652; x_wconf 87' lang='lat' dir='ltr'><strong>carnalis</strong></span> <span class='ocrx_word' id='word_1_75' title='bbox 746 1583 889 1666; x_wconf 92' lang='lat' dir='ltr'><strong>voluptas</strong></span> <span class='ocrx_word' id='word_1_76' title='bbox 917 1583 1100 1670; x_wconf 80' lang='lat' dir='ltr'><strong>designatur</strong></span> <span class='ocrx_word' id='word_1_77' title='bbox 1114 1607 1146 1664; x_wconf 76' lang='lat'><strong>»3</strong></span> <span class='ocrx_word' id='word_1_78' title='bbox 1170 1583 1253 1652; x_wconf 92' lang='lat' dir='ltr'><strong>unde</strong></span> <span class='ocrx_word' id='word_1_79' title='bbox 1277 1601 1340 1652; x_wconf 92' lang='lat' dir='ltr'><strong>non</strong></span> <span class='ocrx_word' id='word_1_80' title='bbox 1369 1591 1418 1652; x_wconf 88' lang='lat' dir='ltr'><strong>est</strong></span> 
     </span>
     <span class='ocr_line' id='line_1_11' title="bbox 460 1687 1418 1774; baseline 0 -20"><span class='ocrx_word' id='word_1_81' title='bbox 460 1689 698 1768; x_wconf 64' lang='lat' dir='ltr'><strong>inconveniens</strong></span> <span class='ocrx_word' id='word_1_82' title='bbox 724 1687 807 1774; x_wconf 86' lang='lat' dir='ltr'><strong>quad</strong></span> <span class='ocrx_word' id='word_1_83' title='bbox 830 1707 920 1754; x_wconf 84' lang='lat' dir='ltr'><strong>uuor</strong></span> <span class='ocrx_word' id='word_1_84' title='bbox 941 1689 1062 1758; x_wconf 88' lang='lat' dir='ltr'><strong>ratione</strong></span> <span class='ocrx_word' id='word_1_85' title='bbox 1077 1687 1204 1754; x_wconf 78' lang='lat' dir='ltr'><strong>vinculi</strong></span> <span class='ocrx_word' id='word_1_86' title='bbox 1225 1707 1418 1754; x_wconf 81' lang='lat' dir='ltr'><strong>succensen-</strong></span> 
     </span>
     <span class='ocr_line' id='line_1_12' title="bbox 461 1793 1417 1880; baseline 0.004 -22"><span class='ocrx_word' id='word_1_87' title='bbox 461 1793 540 1860; x_wconf 87' lang='lat' dir='ltr'><strong>rolis</strong></span> <span class='ocrx_word' id='word_1_88' title='bbox 554 1793 694 1880; x_wconf 81' lang='lat' dir='ltr'><strong>designat</strong></span> <span class='ocrx_word' id='word_1_89' title='bbox 711 1793 896 1874; x_wconf 87' lang='lat' dir='ltr'><strong>Ecclesiam,</strong></span> <span class='ocrx_word' id='word_1_90' title='bbox 914 1811 1058 1880; x_wconf 88' lang='lat' dir='ltr'><strong>sponsam</strong></span> <span class='ocrx_word' id='word_1_91' title='bbox 1073 1793 1187 1862; x_wconf 82' lang='lat' dir='ltr'><strong>Christi</strong></span> <span class='ocrx_word' id='word_1_92' title='bbox 1202 1795 1233 1874; x_wconf 75' lang='lat'><strong>²,</strong></span> <span class='ocrx_word' id='word_1_93' title='bbox 1248 1801 1281 1862; x_wconf 90' lang='lat' dir='ltr'><strong>et</strong></span> <span class='ocrx_word' id='word_1_94' title='bbox 1297 1795 1417 1880; x_wconf 90' lang='lat' dir='ltr'><strong>ratione</strong></span> 
     </span>
    </p>
   </div>
   <div class='ocr_carea' id='block_1_3' title="bbox 461 1899 1438 1988">
    <p class='ocr_par' dir='ltr' id='par_1_3' title="bbox 461 1899 1438 1988">
     <span class='ocr_line' id='line_1_13' title="bbox 461 1899 1438 1988; baseline 0 -22"><span class='ocrx_word' id='word_1_95' title='bbox 461 1899 611 1982; x_wconf 85' lang='lat' dir='ltr'><strong>lihidinis</strong></span> <span class='ocrx_word' id='word_1_96' title='bbox 638 1901 804 1988; x_wconf 81' lang='lat' dir='ltr'><strong>designare</strong></span> <span class='ocrx_word' id='word_1_97' title='bbox 833 1899 931 1988; x_wconf 83' lang='lat' dir='ltr'><strong>possit</strong></span> <span class='ocrx_word' id='word_1_98' title='bbox 965 1899 1248 1984; x_wconf 89' lang='lat' dir='ltr'><strong>concupiscentiam</strong></span> <span class='ocrx_word' id='word_1_99' title='bbox 1284 1901 1438 1974; x_wconf 69' lang='lat' dir='ltr'><strong>carnalis,</strong></span> 
     </span>
    </p>
   </div>
   <div class='ocr_carea' id='block_1_4' title="bbox 308 2007 1422 4952">
    <p class='ocr_par' dir='ltr' id='par_1_4' title="bbox 460 2007 638 2094">
     <span class='ocr_line' id='line_1_14' title="bbox 460 2007 638 2094; baseline 0 -20"><span class='ocrx_word' id='word_1_100' title='bbox 460 2007 638 2094; x_wconf 85' lang='lat' dir='ltr'><strong>voluptatis.</strong></span> 
     </span>
    </p>

    <p class='ocr_par' dir='ltr' id='par_1_5' title="bbox 322 2113 1419 2624">
     <span class='ocr_line' id='line_1_15' title="bbox 551 2113 1419 2198; baseline -0.002 -18"><span class='ocrx_word' id='word_1_101' title='bbox 551 2115 604 2180; x_wconf 83' lang='lat' dir='ltr'><strong>lh.</strong></span> <span class='ocrx_word' id='word_1_102' title='bbox 629 2117 731 2198; x_wconf 88' lang='lat' dir='ltr'><strong>(Vers.</strong></span> <span class='ocrx_word' id='word_1_103' title='bbox 754 2113 831 2198; x_wconf 75' lang='lat' dir='ltr'><strong>ab).</strong></span> <span class='ocrx_word' id='word_1_104' title='bbox 866 2117 894 2180; x_wconf 83' lang='grc' dir='ltr'><em>Ε</em></span> <span class='ocrx_word' id='word_1_105' title='bbox 927 2121 1079 2180; x_wconf 79' lang='lat' dir='ltr'><strong>reuersas</strong></span> <span class='ocrx_word' id='word_1_106' title='bbox 1110 2131 1227 2178; x_wconf 85' lang='lat' dir='ltr'><strong>seruus</strong></span> <span class='ocrx_word' id='word_1_107' title='bbox 1255 2119 1314 2180; x_wconf 92' lang='lat' dir='ltr'><strong>etc.</strong></span> <span class='ocrx_word' id='word_1_108' title='bbox 1348 2115 1419 2178; x_wconf 88' lang='lat' dir='ltr'><strong>Post</strong></span> 
     </span>
     <span class='ocr_line' id='line_1_16' title="bbox 323 2217 1419 2328; baseline -0.002 -44"><span class='ocrx_word' id='word_1_109' title='bbox 323 2233 356 2276; x_wconf 78' lang='lat' dir='ltr'><strong>ue</strong></span> <span class='ocrx_word' id='word_1_110' title='bbox 371 2231 434 2328; x_wconf 68' lang='lat' dir='ltr'><strong>erpo</strong></span> <span class='ocrx_word' id='word_1_111' title='bbox 460 2217 675 2288; x_wconf 77' lang='lat' dir='ltr'><strong>invitationem</strong></span> <span class='ocrx_word' id='word_1_112' title='bbox 701 2219 914 2304; x_wconf 89' lang='lat' dir='ltr'><strong>plurimorum</strong></span> <span class='ocrx_word' id='word_1_113' title='bbox 944 2223 978 2284; x_wconf 91' lang='lat' dir='ltr'><strong>et</strong></span> <span class='ocrx_word' id='word_1_114' title='bbox 1005 2217 1242 2284; x_wconf 78' lang='lat' dir='ltr'><strong>exeusationem</strong></span> <span class='ocrx_word' id='word_1_115' title='bbox 1274 2217 1419 2284; x_wconf 87' lang='lat' dir='ltr'><strong>invitato-</strong></span> 
     </span>
     <span class='ocr_line' id='line_1_17' title="bbox 322 2291 1416 2414; baseline -0.002 -22"><span class='ocrx_word' id='word_1_116' title='bbox 322 2291 437 2382; x_wconf 48' lang='lat' dir='ltr'><strong>‘alili-m</strong></span> <span class='ocrx_word' id='word_1_117' title='bbox 461 2345 534 2394; x_wconf 89' lang='lat' dir='ltr'><strong>rum</strong></span> <span class='ocrx_word' id='word_1_118' title='bbox 565 2325 710 2414; x_wconf 91' lang='lat' dir='ltr'><strong>sequitur</strong></span> <span class='ocrx_word' id='word_1_119' title='bbox 742 2323 794 2392; x_wconf 82' lang='lat' dir='ltr'><strong>luia</strong></span> <span class='ocrx_word' id='word_1_120' title='bbox 823 2323 918 2390; x_wconf 92' lang='lat' dir='ltr'><strong>tertio</strong></span> <span class='ocrx_word' id='word_1_121' title='bbox 947 2321 1094 2408; x_wconf 78' lang='lat' dir='ltr'><strong>repulsio</strong></span> <span class='ocrx_word' id='word_1_122' title='bbox 1121 2329 1378 2408; x_wconf 85' lang='lat' dir='ltr'><strong>corrteurpteranr</strong></span> <span class='ocrx_word' id='word_1_123' title='bbox 1393 2325 1416 2390; x_wconf 76' lang='lat'><strong>³.</strong></span> 
     </span>
     <span class='ocr_line' id='line_1_18' title="bbox 461 2429 1419 2518; baseline -0.002 -20"><span class='ocrx_word' id='word_1_124' title='bbox 461 2433 552 2498; x_wconf 90' lang='lat' dir='ltr'><strong>Circa</strong></span> <span class='ocrx_word' id='word_1_125' title='bbox 573 2451 669 2518; x_wconf 89' lang='lat' dir='ltr'><strong>quam</strong></span> <span class='ocrx_word' id='word_1_126' title='bbox 692 2433 753 2498; x_wconf 87' lang='lat' dir='ltr'><strong>trie</strong></span> <span class='ocrx_word' id='word_1_127' title='bbox 786 2429 1031 2498; x_wconf 86' lang='lat' dir='ltr'><strong>introducuntur</strong></span> <span class='ocrx_word' id='word_1_128' title='bbox 1054 2429 1094 2496; x_wconf 93' lang='lat' dir='ltr'><strong>ab</strong></span> <span class='ocrx_word' id='word_1_129' title='bbox 1117 2429 1326 2514; x_wconf 81' lang='lat' dir='ltr'><strong>Evangelista,</strong></span> <span class='ocrx_word' id='word_1_130' title='bbox 1360 2429 1419 2498; x_wconf 88' lang='lat' dir='ltr'><strong>sci-</strong></span> 
     </span>
     <span class='ocr_line' id='line_1_19' title="bbox 462 2535 1419 2624; baseline 0.002 -24"><span class='ocrx_word' id='word_1_131' title='bbox 462 2537 535 2604; x_wconf 90' lang='lat' dir='ltr'><strong>licet</strong></span> <span class='ocrx_word' id='word_1_132' title='bbox 557 2539 684 2606; x_wconf 82' lang='lat' dir='ltr'><strong>caecutio</strong></span> <span class='ocrx_word' id='word_1_133' title='bbox 716 2537 954 2624; x_wconf 80' lang='lat' dir='ltr'><strong>indipeutiunt,</strong></span> <span class='ocrx_word' id='word_1_134' title='bbox 981 2535 1162 2620; x_wconf 82' lang='lat' dir='ltr'><strong>compulsio</strong></span> <span class='ocrx_word' id='word_1_135' title='bbox 1184 2535 1419 2624; x_wconf 80' lang='lat' dir='ltr'><strong>rveplipentiune</strong></span> 
     </span>
    </p>

    <p class='ocr_par' dir='ltr' id='par_1_6' title="bbox 308 2643 1422 4952">
     <span class='ocr_line' id='line_1_20' title="bbox 461 2643 967 2728; baseline 0 -20"><span class='ocrx_word' id='word_1_136' title='bbox 461 2649 494 2708; x_wconf 93' lang='lat' dir='ltr'><strong>et</strong></span> <span class='ocrx_word' id='word_1_137' title='bbox 515 2645 660 2728; x_wconf 77' lang='lat' dir='ltr'><strong>repulsio</strong></span> <span class='ocrx_word' id='word_1_138' title='bbox 684 2643 967 2714; x_wconf 82' lang='lat' dir='ltr'><strong>contemnentium.</strong></span> 
     </span>
     <span class='ocr_line' id='line_1_21' title="bbox 553 2749 1418 2838; baseline 0.002 -24"><span class='ocrx_word' id='word_1_139' title='bbox 553 2749 654 2816; x_wconf 91' lang='lat' dir='ltr'><strong>Primo</strong></span> <span class='ocrx_word' id='word_1_140' title='bbox 689 2755 841 2838; x_wconf 89' lang='lat' dir='ltr'><strong>quantum</strong></span> <span class='ocrx_word' id='word_1_141' title='bbox 878 2751 917 2818; x_wconf 87' lang='lat' dir='ltr'><strong>ad</strong></span> <span class='ocrx_word' id='word_1_142' title='bbox 946 2749 1147 2818; x_wconf 83' lang='lat' dir='ltr'><strong>uocationem</strong></span> <span class='ocrx_word' id='word_1_143' title='bbox 1178 2751 1418 2838; x_wconf 82' lang='lat' dir='ltr'><strong>inviipentiane,</strong></span> 
     </span>
     <span class='ocr_line' id='line_1_22' title="bbox 308 2855 1419 2972; baseline 0.004 -54"><span class='ocrx_word' id='word_1_144' title='bbox 308 2861 445 2972; x_wconf 43' lang='lat' dir='ltr'><strong>tpggppupg·</strong></span> <span class='ocrx_word' id='word_1_145' title='bbox 461 2873 544 2940; x_wconf 89' lang='lat' dir='ltr'><strong>quae</strong></span> <span class='ocrx_word' id='word_1_146' title='bbox 566 2861 674 2922; x_wconf 91' lang='lat' dir='ltr'><strong>ortum</strong></span> <span class='ocrx_word' id='word_1_147' title='bbox 696 2855 807 2922; x_wconf 90' lang='lat' dir='ltr'><strong>hahuit</strong></span> <span class='ocrx_word' id='word_1_148' title='bbox 830 2873 873 2922; x_wconf 85' lang='lat' dir='ltr'><strong>ex</strong></span> <span class='ocrx_word' id='word_1_149' title='bbox 896 2861 1077 2942; x_wconf 87' lang='lat' dir='ltr'><strong>contemptu</strong></span> <span class='ocrx_word' id='word_1_150' title='bbox 1102 2855 1252 2936; x_wconf 89' lang='lat' dir='ltr'><strong>aliorum,</strong></span> <span class='ocrx_word' id='word_1_151' title='bbox 1269 2855 1362 2922; x_wconf 91' lang='lat' dir='ltr'><strong>dicit:</strong></span> <span class='ocrx_word' id='word_1_152' title='bbox 1381 2857 1419 2922; x_wconf 83' lang='lat' dir='ltr'><strong>ut</strong></span> 
     </span>
     <span class='ocr_line' id='line_1_23' title="bbox 438 2947 1420 3042; baseline 0 -16"><span class='ocrx_word' id='word_1_153' title='bbox 438 2947 616 3026; x_wconf 80' lang='lat' dir='ltr'><strong>&#39;reuersus</strong></span> <span class='ocrx_word' id='word_1_154' title='bbox 644 2979 781 3038; x_wconf 87' lang='lat' dir='ltr'><strong>seruus,</strong></span> <span class='ocrx_word' id='word_1_155' title='bbox 812 2961 983 3026; x_wconf 87' lang='lat' dir='ltr'><strong>nuntiauit</strong></span> <span class='ocrx_word' id='word_1_156' title='bbox 1010 2959 1091 3028; x_wconf 84' lang='lat' dir='ltr'><strong>liaec</strong></span> <span class='ocrx_word' id='word_1_157' title='bbox 1115 2963 1251 3036; x_wconf 51' lang='lat' dir='ltr'><strong>rionrino¹</strong></span> <span class='ocrx_word' id='word_1_158' title='bbox 1268 2981 1352 3042; x_wconf 85' lang='lat' dir='ltr'><strong>suo,</strong></span> <span class='ocrx_word' id='word_1_159' title='bbox 1373 2961 1420 3026; x_wconf 92' lang='lat' dir='ltr'><strong>vi-</strong></span> 
     </span>
     <span class='ocr_line' id='line_1_24' title="bbox 461 3065 1421 3136; baseline 0.002 -4"><span class='ocrx_word' id='word_1_160' title='bbox 461 3065 573 3132; x_wconf 90' lang='lat' dir='ltr'><strong>delicet</strong></span> <span class='ocrx_word' id='word_1_161' title='bbox 594 3071 777 3134; x_wconf 87' lang='lat' dir='ltr'><strong>vocatorum</strong></span> <span class='ocrx_word' id='word_1_162' title='bbox 801 3067 947 3134; x_wconf 89' lang='lat' dir='ltr'><strong>duritiam</strong></span> <span class='ocrx_word' id='word_1_163' title='bbox 974 3073 1003 3134; x_wconf 93' lang='lat' dir='ltr'><strong>et</strong></span> <span class='ocrx_word' id='word_1_164' title='bbox 1027 3069 1239 3136; x_wconf 91' lang='lat' dir='ltr'><strong>rebellionem.</strong></span> <span class='ocrx_word' id='word_1_165' title='bbox 1253 3069 1338 3134; x_wconf 89' lang='lat' dir='ltr'><strong>Hanc</strong></span> <span class='ocrx_word' id='word_1_166' title='bbox 1355 3085 1421 3134; x_wconf 92' lang='lat' dir='ltr'><strong>ser.-</strong></span> 
     </span>
     <span class='ocr_line' id='line_1_25' title="bbox 314 3173 1419 3260; baseline 0.004 -22"><span class='ocrx_word' id='word_1_167' title='bbox 314 3179 444 3224; x_wconf 73' lang='lat' dir='ltr'><strong>leenlum·</strong></span> <span class='ocrx_word' id='word_1_168' title='bbox 463 3191 522 3240; x_wconf 91' lang='lat' dir='ltr'><strong>vus</strong></span> <span class='ocrx_word' id='word_1_169' title='bbox 547 3173 688 3252; x_wconf 91' lang='lat' dir='ltr'><strong>nuntiat,</strong></span> <span class='ocrx_word' id='word_1_170' title='bbox 711 3173 837 3258; x_wconf 88' lang='lat' dir='ltr'><strong>quando</strong></span> <span class='ocrx_word' id='word_1_171' title='bbox 859 3173 936 3240; x_wconf 89' lang='lat' dir='ltr'><strong>orde</strong></span> <span class='ocrx_word' id='word_1_172' title='bbox 950 3175 1201 3258; x_wconf 89' lang='lat' dir='ltr'><strong>praedicatorum</strong></span> <span class='ocrx_word' id='word_1_173' title='bbox 1214 3177 1307 3260; x_wconf 55' lang='lat' dir='ltr'><strong>foen</strong></span> <span class='ocrx_word' id='word_1_174' title='bbox 1322 3193 1419 3260; x_wconf 88' lang='lat' dir='ltr'><strong>quae-</strong></span> 
     </span>
     <span class='ocr_line' id='line_1_26' title="bbox 423 3277 1418 3364; baseline 0.002 -20"><span class='ocrx_word' id='word_1_175' title='bbox 423 3291 426 3296; x_wconf 90' lang='grc'><em>·</em></span> <span class='ocrx_word' id='word_1_176' title='bbox 464 3281 507 3346; x_wconf 92' lang='lat' dir='ltr'><strong>rit</strong></span> <span class='ocrx_word' id='word_1_177' title='bbox 528 3277 694 3364; x_wconf 92' lang='lat' dir='ltr'><strong>preprium</strong></span> <span class='ocrx_word' id='word_1_178' title='bbox 719 3279 936 3358; x_wconf 88' lang='lat' dir='ltr'><strong>commodum,</strong></span> <span class='ocrx_word' id='word_1_179' title='bbox 953 3279 1006 3346; x_wconf 87' lang='lat' dir='ltr'><strong>sed</strong></span> <span class='ocrx_word' id='word_1_180' title='bbox 1023 3281 1176 3346; x_wconf 91' lang='lat' dir='ltr'><strong>honorem</strong></span> <span class='ocrx_word' id='word_1_181' title='bbox 1190 3281 1351 3360; x_wconf 91' lang='lat' dir='ltr'><strong>divinum,</strong></span> <span class='ocrx_word' id='word_1_182' title='bbox 1367 3287 1418 3362; x_wconf 89' lang='lat' dir='ltr'><strong>ut,</strong></span> 
     </span>
     <span class='ocr_line' id='line_1_27' title="bbox 463 3383 1420 3468; baseline 0.002 -18"><span class='ocrx_word' id='word_1_183' title='bbox 463 3383 546 3452; x_wconf 90' lang='lat' dir='ltr'><strong>siout</strong></span> <span class='ocrx_word' id='word_1_184' title='bbox 568 3385 685 3452; x_wconf 90' lang='lat' dir='ltr'><strong>missus</strong></span> <span class='ocrx_word' id='word_1_185' title='bbox 706 3393 754 3452; x_wconf 91' lang='lat' dir='ltr'><strong>est</strong></span> <span class='ocrx_word' id='word_1_186' title='bbox 776 3405 796 3452; x_wconf 87' lang='lat' dir='ltr'><strong>a</strong></span> <span class='ocrx_word' id='word_1_187' title='bbox 818 3385 882 3450; x_wconf 87' lang='lat' dir='ltr'><strong>Dee</strong></span> <span class='ocrx_word' id='word_1_188' title='bbox 914 3401 970 3468; x_wconf 91' lang='lat' dir='ltr'><strong>per</strong></span> <span class='ocrx_word' id='word_1_189' title='bbox 1001 3385 1250 3452; x_wconf 87' lang='lat' dir='ltr'><strong>commissionem</strong></span> <span class='ocrx_word' id='word_1_190' title='bbox 1283 3387 1420 3452; x_wconf 89' lang='lat' dir='ltr'><strong>auctori-</strong></span> 
     </span>
     <span class='ocr_line' id='line_1_28' title="bbox 462 3489 1419 3574; baseline 0.002 -20"><span class='ocrx_word' id='word_1_191' title='bbox 462 3491 553 3570; x_wconf 89' lang='lat' dir='ltr'><strong>tatis,</strong></span> <span class='ocrx_word' id='word_1_192' title='bbox 584 3491 628 3556; x_wconf 92' lang='lat' dir='ltr'><strong>sic</strong></span> <span class='ocrx_word' id='word_1_193' title='bbox 654 3497 834 3556; x_wconf 91' lang='lat' dir='ltr'><strong>revertatur</strong></span> <span class='ocrx_word' id='word_1_194' title='bbox 867 3507 924 3574; x_wconf 93' lang='lat' dir='ltr'><strong>per</strong></span> <span class='ocrx_word' id='word_1_195' title='bbox 954 3489 1158 3556; x_wconf 91' lang='lat' dir='ltr'><strong>intentionem</strong></span> <span class='ocrx_word' id='word_1_196' title='bbox 1190 3491 1347 3574; x_wconf 86' lang='lat' dir='ltr'><strong>puritatis.</strong></span> <span class='ocrx_word' id='word_1_197' title='bbox 1381 3491 1419 3556; x_wconf 88' lang='lat' dir='ltr'><strong>Et</strong></span> 
     </span>
     <span class='ocr_line' id='line_1_29' title="bbox 461 3593 1419 3680; baseline 0.001 -18"><span class='ocrx_word' id='word_1_198' title='bbox 461 3599 502 3662; x_wconf 87' lang='lat' dir='ltr'><strong>de</strong></span> <span class='ocrx_word' id='word_1_199' title='bbox 517 3595 633 3662; x_wconf 89' lang='lat' dir='ltr'><strong>talibus</strong></span> <span class='ocrx_word' id='word_1_200' title='bbox 647 3595 762 3664; x_wconf 87' lang='lat' dir='ltr'><strong>dicitur</strong></span> <span class='ocrx_word' id='word_1_201' title='bbox 779 3593 948 3662; x_wconf 77' lang='lat' dir='ltr'><strong>Ezechielis</strong></span> <span class='ocrx_word' id='word_1_202' title='bbox 964 3595 1066 3680; x_wconf 95' lang='lat' dir='ltr'><strong>primo</strong></span> <span class='ocrx_word' id='word_1_203' title='bbox 1079 3595 1114 3662; x_wconf 80' lang='lat'><strong>5:</strong></span> <span class='ocrx_word' id='word_1_204' title='bbox 1134 3621 1150 3666; x_wconf 76' lang='lat' dir='ltr'><strong>c</strong></span> <span class='ocrx_word' id='word_1_205' title='bbox 1169 3595 1317 3662; x_wconf 74' lang='lat' dir='ltr'><strong>Animalia</strong></span> <span class='ocrx_word' id='word_1_206' title='bbox 1331 3597 1419 3664; x_wconf 88' lang='lat' dir='ltr'><strong>ibent</strong></span> 
     </span>
     <span class='ocr_line' id='line_1_30' title="bbox 383 3699 1420 3784; baseline -0.002 -16"><span class='ocrx_word' id='word_1_207' title='bbox 383 3713 385 3718; x_wconf 79' lang='grc'>’</span> <span class='ocrx_word' id='word_1_208' title='bbox 462 3707 495 3768; x_wconf 91' lang='lat' dir='ltr'><strong>et</strong></span> <span class='ocrx_word' id='word_1_209' title='bbox 517 3701 758 3770; x_wconf 75' lang='lat' dir='ltr'><strong>revertebantur</strong></span> <span class='ocrx_word' id='word_1_210' title='bbox 781 3701 814 3766; x_wconf 89' lang='lat' dir='ltr'><strong>in</strong></span> <span class='ocrx_word' id='word_1_211' title='bbox 836 3699 1071 3766; x_wconf 91' lang='lat' dir='ltr'><strong>similitudinem</strong></span> <span class='ocrx_word' id='word_1_212' title='bbox 1094 3701 1230 3784; x_wconf 82' lang='lat' dir='ltr'><strong>fulguris</strong></span> <span class='ocrx_word' id='word_1_213' title='bbox 1252 3719 1420 3768; x_wconf 89' lang='lat' dir='ltr'><strong>coruscen-</strong></span> 
     </span>
     <span class='ocr_line' id='line_1_31' title="bbox 400 3805 1420 3892; baseline 0 -20"><span class='ocrx_word' id='word_1_214' title='bbox 400 3877 401 3880; x_wconf 51' lang='lat'><strong>,</strong></span> <span class='ocrx_word' id='word_1_215' title='bbox 462 3809 504 3876; x_wconf 87' lang='lat' dir='ltr'><strong>tis</strong></span> <span class='ocrx_word' id='word_1_216' title='bbox 518 3833 551 3890; x_wconf 78' lang='lat'><strong>»3</strong></span> <span class='ocrx_word' id='word_1_217' title='bbox 581 3807 666 3874; x_wconf 89' lang='lat' dir='ltr'><strong>unde</strong></span> <span class='ocrx_word' id='word_1_218' title='bbox 689 3809 741 3874; x_wconf 92' lang='lat' dir='ltr'><strong>lob</strong></span> <span class='ocrx_word' id='word_1_219' title='bbox 764 3805 926 3892; x_wconf 81' lang='lat' dir='ltr'><strong>trigesimo</strong></span> <span class='ocrx_word' id='word_1_220' title='bbox 947 3815 1077 3874; x_wconf 89' lang='lat' dir='ltr'><strong>octavo:</strong></span> <span class='ocrx_word' id='word_1_221' title='bbox 1109 3833 1124 3864; x_wconf 69' lang='grc' dir='ltr'><strong>(ι</strong></span> <span class='ocrx_word' id='word_1_222' title='bbox 1139 3805 1287 3892; x_wconf 88' lang='lat' dir='ltr'><strong>Nunquid</strong></span> <span class='ocrx_word' id='word_1_223' title='bbox 1313 3809 1420 3874; x_wconf 92' lang='lat' dir='ltr'><strong>mittes</strong></span> 
     </span>
     <span class='ocr_line' id='line_1_32' title="bbox 462 3911 1420 4000; baseline 0 -22"><span class='ocrx_word' id='word_1_224' title='bbox 462 3915 599 4000; x_wconf 81' lang='lat' dir='ltr'><strong>fulguru,</strong></span> <span class='ocrx_word' id='word_1_225' title='bbox 614 3919 642 3980; x_wconf 92' lang='lat' dir='ltr'><strong>et</strong></span> <span class='ocrx_word' id='word_1_226' title='bbox 655 3913 747 3980; x_wconf 85' lang='lat' dir='ltr'><strong>ibvunt</strong></span> <span class='ocrx_word' id='word_1_227' title='bbox 762 3917 795 3978; x_wconf 95' lang='lat' dir='ltr'><strong>et</strong></span> <span class='ocrx_word' id='word_1_228' title='bbox 810 3913 999 3980; x_wconf 83' lang='lat' dir='ltr'><strong>revertentia</strong></span> <span class='ocrx_word' id='word_1_229' title='bbox 1010 3911 1115 3978; x_wconf 86' lang='lat' dir='ltr'><strong>dicent</strong></span> <span class='ocrx_word' id='word_1_230' title='bbox 1126 3911 1198 3978; x_wconf 89' lang='lat' dir='ltr'><strong>tibi:</strong></span> <span class='ocrx_word' id='word_1_231' title='bbox 1212 3913 1369 3980; x_wconf 84' lang='lat' dir='ltr'><strong>hdsumus</strong></span> <span class='ocrx_word' id='word_1_232' title='bbox 1381 3919 1420 3978; x_wconf 77' lang='lat' dir='ltr'><strong>»t</strong></span> 
     </span>
     <span class='ocr_line' id='line_1_33' title="bbox 462 4017 1421 4106; baseline 0.002 -24"><span class='ocrx_word' id='word_1_233' title='bbox 462 4019 505 4086; x_wconf 91' lang='lat' dir='ltr'><strong>ihi</strong></span> <span class='ocrx_word' id='word_1_234' title='bbox 529 4019 656 4086; x_wconf 89' lang='lat' dir='ltr'><strong>Glossa:</strong></span> <span class='ocrx_word' id='word_1_235' title='bbox 692 4019 863 4084; x_wconf 69' lang='lat' dir='ltr'><strong>«Vadunt</strong></span> <span class='ocrx_word' id='word_1_236' title='bbox 891 4017 1054 4106; x_wconf 81' lang='lat' dir='ltr'><strong>futpura,</strong></span> <span class='ocrx_word' id='word_1_237' title='bbox 1085 4035 1158 4084; x_wconf 92' lang='lat' dir='ltr'><strong>cum</strong></span> <span class='ocrx_word' id='word_1_238' title='bbox 1188 4019 1421 4102; x_wconf 87' lang='lat' dir='ltr'><strong>praedicatores</strong></span> 
     </span>
     <span class='ocr_line' id='line_1_34' title="bbox 462 4123 1419 4204; baseline 0 -14"><span class='ocrx_word' id='word_1_239' title='bbox 462 4125 624 4194; x_wconf 81' lang='lat' dir='ltr'><strong>miraculis</strong></span> <span class='ocrx_word' id='word_1_240' title='bbox 647 4129 830 4204; x_wconf 81' lang='lat' dir='ltr'><strong>coruscant3</strong></span> <span class='ocrx_word' id='word_1_241' title='bbox 848 4125 1046 4190; x_wconf 78' lang='lat' dir='ltr'><strong>revertentia</strong></span> <span class='ocrx_word' id='word_1_242' title='bbox 1068 4123 1200 4190; x_wconf 79' lang='lat' dir='ltr'><strong>elidunt:</strong></span> <span class='ocrx_word' id='word_1_243' title='bbox 1226 4125 1419 4204; x_wconf 80' lang='lat' dir='ltr'><strong>Adsuetus,</strong></span> 
     </span>
     <span class='ocr_line' id='line_1_35' title="bbox 464 4227 1421 4316; baseline -0.002 -18"><span class='ocrx_word' id='word_1_244' title='bbox 464 4249 535 4298; x_wconf 90' lang='lat' dir='ltr'><strong>eum</strong></span> <span class='ocrx_word' id='word_1_245' title='bbox 560 4231 723 4310; x_wconf 91' lang='lat' dir='ltr'><strong>nonsibi,</strong></span> <span class='ocrx_word' id='word_1_246' title='bbox 756 4231 811 4298; x_wconf 88' lang='lat' dir='ltr'><strong>sed</strong></span> <span class='ocrx_word' id='word_1_247' title='bbox 839 4231 904 4298; x_wconf 89' lang='lat' dir='ltr'><strong>Dea</strong></span> <span class='ocrx_word' id='word_1_248' title='bbox 934 4227 1095 4310; x_wconf 90' lang='lat' dir='ltr'><strong>tribuunt,</strong></span> <span class='ocrx_word' id='word_1_249' title='bbox 1124 4229 1275 4316; x_wconf 87' lang='lat' dir='ltr'><strong>quidquid</strong></span> <span class='ocrx_word' id='word_1_250' title='bbox 1301 4249 1333 4298; x_wconf 92' lang='lat' dir='ltr'><strong>se</strong></span> <span class='ocrx_word' id='word_1_251' title='bbox 1358 4231 1421 4296; x_wconf 90' lang='lat' dir='ltr'><strong>ior-</strong></span> 
     </span>
     <span class='ocr_line' id='line_1_36' title="bbox 463 4337 1419 4430; baseline -0.002 -26"><span class='ocrx_word' id='word_1_252' title='bbox 463 4337 536 4406; x_wconf 87' lang='lat' dir='ltr'><strong>titer</strong></span> <span class='ocrx_word' id='word_1_253' title='bbox 561 4337 659 4430; x_wconf 83' lang='lat' dir='ltr'><strong>egisse</strong></span> <span class='ocrx_word' id='word_1_254' title='bbox 684 4345 921 4424; x_wconf 82' lang='lat' dir='ltr'><strong>cognoscunt».</strong></span> <span class='ocrx_word' id='word_1_255' title='bbox 946 4337 1011 4416; x_wconf 85' lang='lat' dir='ltr'><strong>Vel,</strong></span> <span class='ocrx_word' id='word_1_256' title='bbox 1028 4343 1242 4402; x_wconf 85' lang='lat' dir='ltr'><strong>reuertuntur</strong></span> <span class='ocrx_word' id='word_1_257' title='bbox 1256 4337 1296 4404; x_wconf 86' lang='lat' dir='ltr'><strong>ad</strong></span> <span class='ocrx_word' id='word_1_258' title='bbox 1317 4337 1419 4402; x_wconf 87' lang='lat' dir='ltr'><strong>Deum</strong></span> 
     </span>
     <span class='ocr_line' id='line_1_37' title="bbox 463 4441 1422 4532; baseline -0.003 -19"><span class='ocrx_word' id='word_1_259' title='bbox 463 4463 519 4532; x_wconf 92' lang='lat' dir='ltr'><strong>per</strong></span> <span class='ocrx_word' id='word_1_260' title='bbox 544 4445 717 4532; x_wconf 79' lang='lat' dir='ltr'><strong>gratiarum</strong></span> <span class='ocrx_word' id='word_1_261' title='bbox 742 4443 912 4522; x_wconf 87' lang='lat' dir='ltr'><strong>actionem,</strong></span> <span class='ocrx_word' id='word_1_262' title='bbox 936 4441 1110 4510; x_wconf 87' lang='lat' dir='ltr'><strong>secundum</strong></span> <span class='ocrx_word' id='word_1_263' title='bbox 1127 4441 1203 4508; x_wconf 90' lang='lat' dir='ltr'><strong>illud</strong></span> <span class='ocrx_word' id='word_1_264' title='bbox 1220 4441 1422 4510; x_wconf 87' lang='lat' dir='ltr'><strong>Ecclesiastae</strong></span> 
     </span>
     <span class='ocr_line' id='line_1_38' title="bbox 464 4547 1422 4638; baseline -0.004 -20"><span class='ocrx_word' id='word_1_265' title='bbox 464 4553 613 4638; x_wconf 69' lang='lat' dir='ltr'><strong>primoi:</strong></span> <span class='ocrx_word' id='word_1_266' title='bbox 642 4553 717 4618; x_wconf 76' lang='lat' dir='ltr'><strong>old</strong></span> <span class='ocrx_word' id='word_1_267' title='bbox 742 4553 864 4628; x_wconf 90' lang='lat' dir='ltr'><strong>locum,</strong></span> <span class='ocrx_word' id='word_1_268' title='bbox 887 4547 972 4616; x_wconf 88' lang='lat' dir='ltr'><strong>unde</strong></span> <span class='ocrx_word' id='word_1_269' title='bbox 997 4553 1133 4628; x_wconf 85' lang='lat' dir='ltr'><strong>exeunt,</strong></span> <span class='ocrx_word' id='word_1_270' title='bbox 1158 4547 1291 4614; x_wconf 88' lang='lat' dir='ltr'><strong>flumina</strong></span> <span class='ocrx_word' id='word_1_271' title='bbox 1313 4565 1422 4616; x_wconf 88' lang='lat' dir='ltr'><strong>rever-</strong></span> 
     </span>
     <span class='ocr_line' id='line_1_39' title="bbox 464 4653 1422 4740; baseline -0.006 -16"><span class='ocrx_word' id='word_1_272' title='bbox 464 4663 591 4736; x_wconf 93' lang='lat' dir='ltr'><strong>tuntur,</strong></span> <span class='ocrx_word' id='word_1_273' title='bbox 617 4661 652 4724; x_wconf 95' lang='lat' dir='ltr'><strong>ut</strong></span> <span class='ocrx_word' id='word_1_274' title='bbox 677 4657 792 4724; x_wconf 79' lang='lat' dir='ltr'><strong>iterum</strong></span> <span class='ocrx_word' id='word_1_275' title='bbox 818 4655 918 4722; x_wconf 88' lang='lat' dir='ltr'><strong>tluant</strong></span> <span class='ocrx_word' id='word_1_276' title='bbox 934 4681 962 4718; x_wconf 79' lang='lat' dir='ltr'><strong>s.</strong></span> <span class='ocrx_word' id='word_1_277' title='bbox 982 4655 1016 4720; x_wconf 89' lang='lat' dir='ltr'><strong>Et</strong></span> <span class='ocrx_word' id='word_1_278' title='bbox 1033 4653 1109 4740; x_wconf 91' lang='lat' dir='ltr'><strong>quia</strong></span> <span class='ocrx_word' id='word_1_279' title='bbox 1125 4671 1186 4718; x_wconf 92' lang='lat' dir='ltr'><strong>nun</strong></span> <span class='ocrx_word' id='word_1_280' title='bbox 1202 4657 1333 4736; x_wconf 87' lang='lat' dir='ltr'><strong>possunt</strong></span> <span class='ocrx_word' id='word_1_281' title='bbox 1350 4671 1422 4738; x_wconf 81' lang='lat' dir='ltr'><strong>gre-</strong></span> 
     </span>
     <span class='ocr_line' id='line_1_40' title="bbox 464 4757 1421 4850; baseline -0.004 -20"><span class='ocrx_word' id='word_1_282' title='bbox 464 4763 523 4830; x_wconf 91' lang='lat' dir='ltr'><strong>tias</strong></span> <span class='ocrx_word' id='word_1_283' title='bbox 546 4781 639 4850; x_wconf 79' lang='lat' dir='ltr'><strong>agere</strong></span> <span class='ocrx_word' id='word_1_284' title='bbox 661 4763 701 4832; x_wconf 90' lang='lat' dir='ltr'><strong>de</strong></span> <span class='ocrx_word' id='word_1_285' title='bbox 724 4761 920 4830; x_wconf 89' lang='lat' dir='ltr'><strong>audientium</strong></span> <span class='ocrx_word' id='word_1_286' title='bbox 943 4759 1130 4838; x_wconf 83' lang='lat' dir='ltr'><strong>rebellione,</strong></span> <span class='ocrx_word' id='word_1_287' title='bbox 1154 4759 1206 4826; x_wconf 89' lang='lat' dir='ltr'><strong>sed</strong></span> <span class='ocrx_word' id='word_1_288' title='bbox 1232 4757 1336 4844; x_wconf 90' lang='lat' dir='ltr'><strong>petius</strong></span> <span class='ocrx_word' id='word_1_289' title='bbox 1369 4777 1421 4844; x_wconf 82' lang='lat' dir='ltr'><strong>ge-</strong></span> 
     </span>
     <span class='ocr_line' id='line_1_41' title="bbox 464 4865 1421 4952; baseline -0.002 -18"><span class='ocrx_word' id='word_1_290' title='bbox 464 4887 552 4936; x_wconf 91' lang='lat' dir='ltr'><strong>mere</strong></span> <span class='ocrx_word' id='word_1_291' title='bbox 575 4887 618 4934; x_wconf 82' lang='lat' dir='ltr'><strong>ex</strong></span> <span class='ocrx_word' id='word_1_292' title='bbox 639 4867 842 4937; x_wconf 90' lang='lat' dir='ltr'><strong>detestatione</strong></span> <span class='ocrx_word' id='word_1_293' title='bbox 867 4869 998 4952; x_wconf 87' lang='lat' dir='ltr'><strong>culpae;</strong></span> <span class='ocrx_word' id='word_1_294' title='bbox 1021 4865 1090 4934; x_wconf 90' lang='lat' dir='ltr'><strong>ideo</strong></span> <span class='ocrx_word' id='word_1_295' title='bbox 1107 4865 1255 4932; x_wconf 92' lang='lat' dir='ltr'><strong>dicuntur</strong></span> <span class='ocrx_word' id='word_1_296' title='bbox 1281 4865 1421 4934; x_wconf 83' lang='lat' dir='ltr'><strong>Domino</strong></span> 
     </span>
    </p>
   </div>
   <div class='ocr_carea' id='block_1_5' title="bbox 465 4971 1420 5056">
    <p class='ocr_par' dir='ltr' id='par_1_7' title="bbox 465 4971 1420 5056">
     <span class='ocr_line' id='line_1_42' title="bbox 465 4971 1420 5056; baseline -0.004 -16"><span class='ocrx_word' id='word_1_297' title='bbox 465 4973 639 5054; x_wconf 66' lang='lat' dir='ltr'><strong>securiora</strong></span> <span class='ocrx_word' id='word_1_298' title='bbox 652 4975 735 5042; x_wconf 91' lang='lat' dir='ltr'><strong>sicut</strong></span> <span class='ocrx_word' id='word_1_299' title='bbox 747 4973 826 5040; x_wconf 90' lang='lat' dir='ltr'><strong>etde</strong></span> <span class='ocrx_word' id='word_1_300' title='bbox 839 4971 992 5056; x_wconf 74' lang='lat' dir='ltr'><strong>apostolis</strong></span> <span class='ocrx_word' id='word_1_301' title='bbox 1003 4971 1119 5038; x_wconf 91' lang='lat' dir='ltr'><strong>dicitur</strong></span> <span class='ocrx_word' id='word_1_302' title='bbox 1131 4971 1263 5036; x_wconf 76' lang='lat' dir='ltr'><strong>ictuum</strong></span> <span class='ocrx_word' id='word_1_303' title='bbox 1276 4971 1420 5054; x_wconf 71' lang='lat' dir='ltr'><strong>quartol,</strong></span> 
     </span>
    </p>
   </div>
   <div class='ocr_carea' id='block_1_6' title="bbox 379 5263 1426 6814">
    <p class='ocr_par' dir='ltr' id='par_1_8' title="bbox 379 5263 1426 6814">
     <span class='ocr_line' id='line_1_43' title="bbox 536 5263 1424 5332; baseline -0.005 -9"><span class='ocrx_word' id='word_1_304' title='bbox 536 5267 546 5298; x_wconf 86' lang='lat'>¹</span> <span class='ocrx_word' id='word_1_305' title='bbox 568 5271 642 5324; x_wconf 81' lang='lat' dir='ltr'><strong>Vers.</strong></span> <span class='ocrx_word' id='word_1_306' title='bbox 661 5271 704 5322; x_wconf 76' lang='lat'><strong>29.</strong></span> <span class='ocrx_word' id='word_1_307' title='bbox 722 5295 758 5308; x_wconf 89' lang='lat'>-</span> <span class='ocrx_word' id='word_1_308' title='bbox 775 5267 867 5318; x_wconf 88' lang='lat' dir='ltr'><strong>Glossa</strong></span> <span class='ocrx_word' id='word_1_309' title='bbox 891 5279 947 5330; x_wconf 88' lang='lat' dir='ltr'><strong>seq.</strong></span> <span class='ocrx_word' id='word_1_310' title='bbox 972 5269 1011 5318; x_wconf 88' lang='lat' dir='ltr'><strong>est</strong></span> <span class='ocrx_word' id='word_1_311' title='bbox 1029 5263 1172 5318; x_wconf 77' lang='lat' dir='ltr'><strong>ordirsaria</strong></span> <span class='ocrx_word' id='word_1_312' title='bbox 1194 5263 1236 5332; x_wconf 85' lang='lat' dir='ltr'><strong>(ex</strong></span> <span class='ocrx_word' id='word_1_313' title='bbox 1253 5267 1377 5330; x_wconf 60' lang='lat' dir='ltr'><strong>Graece„</strong></span> <span class='ocrx_word' id='word_1_314' title='bbox 1394 5267 1424 5320; x_wconf 90' lang='lat' dir='ltr'><strong>Il.</strong></span> 
     </span>
     <span class='ocr_line' id='line_1_44' title="bbox 466 5353 1425 5424; baseline 0 -16"><span class='ocrx_word' id='word_1_315' title='bbox 466 5357 561 5410; x_wconf 88' lang='lat' dir='ltr'><strong>llomil.</strong></span> <span class='ocrx_word' id='word_1_316' title='bbox 590 5357 619 5408; x_wconf 92' lang='lat' dir='ltr'><strong>in</strong></span> <span class='ocrx_word' id='word_1_317' title='bbox 645 5359 747 5422; x_wconf 79' lang='lat' dir='ltr'><strong>Erang.</strong></span> <span class='ocrx_word' id='word_1_318' title='bbox 773 5353 863 5406; x_wconf 90' lang='lat' dir='ltr'><strong>homil.</strong></span> <span class='ocrx_word' id='word_1_319' title='bbox 891 5353 936 5404; x_wconf 87' lang='lat'><strong>36.</strong></span> <span class='ocrx_word' id='word_1_320' title='bbox 953 5367 978 5402; x_wconf 93' lang='lat' dir='ltr'><strong>n.</strong></span> <span class='ocrx_word' id='word_1_321' title='bbox 998 5353 1027 5414; x_wconf 81' lang='lat'><strong>5,</strong></span> <span class='ocrx_word' id='word_1_322' title='bbox 1049 5369 1128 5420; x_wconf 86' lang='lat' dir='ltr'><strong>quem</strong></span> <span class='ocrx_word' id='word_1_323' title='bbox 1151 5355 1270 5420; x_wconf 75' lang='lat' dir='ltr'><strong>sequeitur</strong></span> <span class='ocrx_word' id='word_1_324' title='bbox 1295 5355 1376 5424; x_wconf 81' lang='lat' dir='ltr'><strong>Beda)</strong></span> <span class='ocrx_word' id='word_1_325' title='bbox 1394 5357 1425 5408; x_wconf 90' lang='lat' dir='ltr'><strong>in</strong></span> 
     </span>
     <span class='ocr_line' id='line_1_45' title="bbox 466 5445 660 5510; baseline 0 -12"><span class='ocrx_word' id='word_1_326' title='bbox 466 5447 528 5498; x_wconf 80' lang='lat' dir='ltr'><strong>Luc</strong></span> <span class='ocrx_word' id='word_1_327' title='bbox 551 5445 597 5510; x_wconf 88' lang='lat' dir='ltr'><strong>ll,</strong></span> <span class='ocrx_word' id='word_1_328' title='bbox 618 5445 660 5498; x_wconf 76' lang='lat' dir='ltr'><strong>ab.</strong></span> 
     </span>
     <span class='ocr_line' id='line_1_46' title="bbox 537 5529 907 5596; baseline -0.011 -10"><span class='ocrx_word' id='word_1_329' title='bbox 537 5529 549 5560; x_wconf 75' lang='lat'><strong>²</strong></span> <span class='ocrx_word' id='word_1_330' title='bbox 569 5531 620 5586; x_wconf 87' lang='lat' dir='ltr'><strong>Clr.</strong></span> <span class='ocrx_word' id='word_1_331' title='bbox 638 5533 704 5596; x_wconf 91' lang='lat' dir='ltr'><strong>pr.</strong></span> <span class='ocrx_word' id='word_1_332' title='bbox 722 5531 754 5596; x_wconf 80' lang='grc'><strong>5,</strong></span> <span class='ocrx_word' id='word_1_333' title='bbox 772 5531 816 5582; x_wconf 68' lang='grc'><strong>13.</strong></span> <span class='ocrx_word' id='word_1_334' title='bbox 833 5543 907 5596; x_wconf 87' lang='lat' dir='ltr'><strong>seqq.</strong></span> 
     </span>
     <span class='ocr_line' id='line_1_47' title="bbox 536 5615 867 5684; baseline 0.006 -12"><span class='ocrx_word' id='word_1_335' title='bbox 536 5615 635 5672; x_wconf 75' lang='lat' dir='ltr'><strong>⁸vtde</strong></span> <span class='ocrx_word' id='word_1_336' title='bbox 652 5633 732 5684; x_wconf 90' lang='lat' dir='ltr'><strong>supra</strong></span> <span class='ocrx_word' id='word_1_337' title='bbox 752 5633 775 5672; x_wconf 87' lang='lat' dir='ltr'><strong>n.</strong></span> <span class='ocrx_word' id='word_1_338' title='bbox 796 5619 839 5672; x_wconf 84' lang='lat'><strong>36.</strong></span> <span class='ocrx_word' id='word_1_339' title='bbox 866 5671 867 5674; x_wconf 74' lang='grc'>,</span> 
     </span>
     <span class='ocr_line' id='line_1_48' title="bbox 536 5705 1023 5774; baseline 0 -12"><span class='ocrx_word' id='word_1_340' title='bbox 536 5705 548 5738; x_wconf 84' lang='lat'><strong>⁴</strong></span> <span class='ocrx_word' id='word_1_341' title='bbox 567 5709 618 5762; x_wconf 87' lang='lat' dir='ltr'><strong>Clr.</strong></span> <span class='ocrx_word' id='word_1_342' title='bbox 636 5723 714 5774; x_wconf 85' lang='lat' dir='ltr'><strong>supra</strong></span> <span class='ocrx_word' id='word_1_343' title='bbox 734 5723 795 5774; x_wconf 79' lang='lat' dir='ltr'><strong>pag.</strong></span> <span class='ocrx_word' id='word_1_344' title='bbox 816 5709 882 5774; x_wconf 76' lang='grc'>310,</span> <span class='ocrx_word' id='word_1_345' title='bbox 900 5713 960 5760; x_wconf 91' lang='lat' dir='ltr'><strong>neta</strong></span> <span class='ocrx_word' id='word_1_346' title='bbox 982 5709 1023 5762; x_wconf 87' lang='grc'><strong>111.</strong></span> 
     </span>
     <span class='ocr_line' id='line_1_49' title="bbox 537 5793 1424 5862; baseline -0.002 -14"><span class='ocrx_word' id='word_1_347' title='bbox 537 5793 549 5824; x_wconf 88' lang='lat'>⁵</span> <span class='ocrx_word' id='word_1_348' title='bbox 569 5797 642 5850; x_wconf 88' lang='lat' dir='ltr'><strong>Vers.</strong></span> <span class='ocrx_word' id='word_1_349' title='bbox 662 5797 710 5860; x_wconf 84' lang='grc'><strong>11,</strong></span> <span class='ocrx_word' id='word_1_350' title='bbox 730 5801 789 5860; x_wconf 91' lang='lat' dir='ltr'><strong>post</strong></span> <span class='ocrx_word' id='word_1_351' title='bbox 808 5811 887 5862; x_wconf 88' lang='lat' dir='ltr'><strong>quern</strong></span> <span class='ocrx_word' id='word_1_352' title='bbox 906 5795 951 5848; x_wconf 91' lang='lat' dir='ltr'><strong>lob</strong></span> <span class='ocrx_word' id='word_1_353' title='bbox 971 5797 1018 5858; x_wconf 88' lang='lat'><strong>38,</strong></span> <span class='ocrx_word' id='word_1_354' title='bbox 1038 5797 1080 5850; x_wconf 83' lang='lat'><strong>35.</strong></span> <span class='ocrx_word' id='word_1_355' title='bbox 1101 5801 1127 5848; x_wconf 91' lang='lat' dir='ltr'><strong>et</strong></span> <span class='ocrx_word' id='word_1_356' title='bbox 1138 5797 1228 5848; x_wconf 86' lang='lat' dir='ltr'><strong>Glossa</strong></span> <span class='ocrx_word' id='word_1_357' title='bbox 1242 5793 1383 5850; x_wconf 84' lang='lat' dir='ltr'><strong>ordinaria</strong></span> <span class='ocrx_word' id='word_1_358' title='bbox 1396 5795 1424 5846; x_wconf 91' lang='lat' dir='ltr'><strong>in</strong></span> 
     </span>
     <span class='ocr_line' id='line_1_50' title="bbox 379 5883 1425 5954; baseline -0.002 -16"><span class='ocrx_word' id='word_1_359' title='bbox 379 5923 381 5926; x_wconf 87' lang='lat'>-</span> <span class='ocrx_word' id='word_1_360' title='bbox 467 5891 537 5940; x_wconf 81' lang='lat' dir='ltr'><strong>liunc</strong></span> <span class='ocrx_word' id='word_1_361' title='bbox 559 5885 606 5938; x_wconf 91' lang='lat' dir='ltr'><strong>loe.</strong></span> <span class='ocrx_word' id='word_1_362' title='bbox 627 5885 671 5954; x_wconf 84' lang='lat' dir='ltr'><strong>(de</strong></span> <span class='ocrx_word' id='word_1_363' title='bbox 684 5897 736 5952; x_wconf 88' lang='lat' dir='ltr'><strong>qua</strong></span> <span class='ocrx_word' id='word_1_364' title='bbox 750 5883 812 5936; x_wconf 83' lang='lat' dir='ltr'><strong>ride</strong></span> <span class='ocrx_word' id='word_1_365' title='bbox 824 5897 903 5948; x_wconf 89' lang='lat' dir='ltr'><strong>supra</strong></span> <span class='ocrx_word' id='word_1_366' title='bbox 917 5899 978 5948; x_wconf 76' lang='lat' dir='ltr'><strong>pag.</strong></span> <span class='ocrx_word' id='word_1_367' title='bbox 993 5885 1038 5936; x_wconf 68' lang='lat' dir='ltr'><strong>adl</strong></span> <span class='ocrx_word' id='word_1_368' title='bbox 1054 5927 1059 5952; x_wconf 86' lang='lat'><strong>,</strong></span> <span class='ocrx_word' id='word_1_369' title='bbox 1073 5891 1161 5936; x_wconf 90' lang='lat' dir='ltr'><strong>notam</strong></span> <span class='ocrx_word' id='word_1_370' title='bbox 1178 5885 1228 5952; x_wconf 91' lang='grc'><strong>11.)</strong></span> <span class='ocrx_word' id='word_1_371' title='bbox 1238 5927 1245 5952; x_wconf 87' lang='lat'><strong>,</strong></span> <span class='ocrx_word' id='word_1_372' title='bbox 1257 5885 1284 5936; x_wconf 91' lang='lat' dir='ltr'><strong>in</strong></span> <span class='ocrx_word' id='word_1_373' title='bbox 1298 5897 1349 5950; x_wconf 87' lang='lat' dir='ltr'><strong>qna</strong></span> <span class='ocrx_word' id='word_1_374' title='bbox 1365 5890 1425 5948; x_wconf 90' lang='lat' dir='ltr'><strong>post</strong></span> 
     </span>
     <span class='ocr_line' id='line_1_51' title="bbox 468 5971 1425 6040; baseline -0.004 -10"><span class='ocrx_word' id='word_1_375' title='bbox 468 5977 615 6030; x_wconf 80' lang='lat' dir='ltr'><strong>coruscant</strong></span> <span class='ocrx_word' id='word_1_376' title='bbox 633 5981 715 6026; x_wconf 88' lang='lat' dir='ltr'><strong>textos</strong></span> <span class='ocrx_word' id='word_1_377' title='bbox 734 5973 867 6036; x_wconf 82' lang='lat' dir='ltr'><strong>originalis</strong></span> <span class='ocrx_word' id='word_1_378' title='bbox 884 5973 957 6026; x_wconf 87' lang='lat' dir='ltr'><strong>addit</strong></span> <span class='ocrx_word' id='word_1_379' title='bbox 974 5975 1002 6026; x_wconf 89' lang='lat' dir='ltr'><strong>et</strong></span> <span class='ocrx_word' id='word_1_380' title='bbox 1016 5987 1137 6040; x_wconf 87' lang='lat' dir='ltr'><strong>superna</strong></span> <span class='ocrx_word' id='word_1_381' title='bbox 1154 5971 1305 6026; x_wconf 73' lang='lat' dir='ltr'><strong>reverentia</strong></span> <span class='ocrx_word' id='word_1_382' title='bbox 1322 5971 1425 6026; x_wconf 85' lang='lat' dir='ltr'><strong>unditu-</strong></span> 
     </span>
     <span class='ocr_line' id='line_1_52' title="bbox 467 6059 1425 6130; baseline -0.004 -16"><span class='ocrx_word' id='word_1_383' title='bbox 467 6075 531 6114; x_wconf 88' lang='lat' dir='ltr'><strong>rurn</strong></span> <span class='ocrx_word' id='word_1_384' title='bbox 551 6059 634 6114; x_wconf 87' lang='lat' dir='ltr'><strong>cerda</strong></span> <span class='ocrx_word' id='word_1_385' title='bbox 651 6061 835 6130; x_wconf 78' lang='lat' dir='ltr'><strong>trunsfipunl;</strong></span> <span class='ocrx_word' id='word_1_386' title='bbox 854 6059 926 6112; x_wconf 77' lang='lat' dir='ltr'><strong>crede</strong></span> <span class='ocrx_word' id='word_1_387' title='bbox 946 6059 1039 6126; x_wconf 88' lang='lat' dir='ltr'><strong>[Eccle.</strong></span> <span class='ocrx_word' id='word_1_388' title='bbox 1061 6059 1087 6124; x_wconf 91' lang='grc'><strong>1,</strong></span> <span class='ocrx_word' id='word_1_389' title='bbox 1106 6059 1161 6128; x_wconf 81' lang='lat'><strong>7.]:</strong></span> <span class='ocrx_word' id='word_1_390' title='bbox 1181 6059 1218 6112; x_wconf 83' lang='lat' dir='ltr'><strong>Ad</strong></span> <span class='ocrx_word' id='word_1_391' title='bbox 1238 6063 1333 6122; x_wconf 90' lang='lat' dir='ltr'><strong>locum,</strong></span> <span class='ocrx_word' id='word_1_392' title='bbox 1353 6059 1425 6110; x_wconf 86' lang='lat' dir='ltr'><strong>unde</strong></span> 
     </span>
     <span class='ocr_line' id='line_1_53' title="bbox 467 6143 1425 6212; baseline 0 -12"><span class='ocrx_word' id='word_1_393' title='bbox 467 6151 572 6210; x_wconf 87' lang='lat' dir='ltr'><strong>exeunt,</strong></span> <span class='ocrx_word' id='word_1_394' title='bbox 584 6147 694 6200; x_wconf 86' lang='lat' dir='ltr'><strong>humina</strong></span> <span class='ocrx_word' id='word_1_395' title='bbox 705 6149 881 6212; x_wconf 89' lang='lat' dir='ltr'><strong>revertuntur,</strong></span> <span class='ocrx_word' id='word_1_396' title='bbox 897 6153 927 6200; x_wconf 92' lang='lat' dir='ltr'><strong>ut</strong></span> <span class='ocrx_word' id='word_1_397' title='bbox 939 6147 1032 6198; x_wconf 88' lang='lat' dir='ltr'><strong>iterum</strong></span> <span class='ocrx_word' id='word_1_398' title='bbox 1046 6149 1139 6208; x_wconf 65' lang='lat' dir='ltr'><strong>burana</strong></span> <span class='ocrx_word' id='word_1_399' title='bbox 1153 6143 1217 6212; x_wconf 85' lang='lat' dir='ltr'><strong>quic</strong></span> <span class='ocrx_word' id='word_1_400' title='bbox 1230 6143 1325 6200; x_wconf 77' lang='lat' dir='ltr'><strong>Surculi</strong></span> <span class='ocrx_word' id='word_1_401' title='bbox 1334 6159 1353 6198; x_wconf 91' lang='lat' dir='ltr'><strong>a</strong></span> <span class='ocrx_word' id='word_1_402' title='bbox 1365 6143 1425 6200; x_wconf 66' lang='lat' dir='ltr'><strong>ena</strong></span> 
     </span>
     <span class='ocr_line' id='line_1_54' title="bbox 467 6233 1426 6302; baseline -0.002 -14"><span class='ocrx_word' id='word_1_403' title='bbox 467 6233 519 6290; x_wconf 87' lang='lat' dir='ltr'><strong>Dei</strong></span> <span class='ocrx_word' id='word_1_404' title='bbox 530 6239 645 6302; x_wconf 87' lang='lat' dir='ltr'><strong>propter</strong></span> <span class='ocrx_word' id='word_1_405' title='bbox 663 6249 714 6290; x_wconf 85' lang='lat' dir='ltr'><strong>nos</strong></span> <span class='ocrx_word' id='word_1_406' title='bbox 732 6235 845 6298; x_wconf 73' lang='lat' dir='ltr'><strong>camut,</strong></span> <span class='ocrx_word' id='word_1_407' title='bbox 865 6233 912 6288; x_wconf 86' lang='lat' dir='ltr'><strong>sed</strong></span> <span class='ocrx_word' id='word_1_408' title='bbox 930 6247 997 6288; x_wconf 79' lang='lat' dir='ltr'><strong>roua</strong></span> <span class='ocrx_word' id='word_1_409' title='bbox 1013 6233 1051 6286; x_wconf 84' lang='lat' dir='ltr'><strong>od</strong></span> <span class='ocrx_word' id='word_1_410' title='bbox 1068 6233 1316 6302; x_wconf 84' lang='lat' dir='ltr'><strong>conteruptotionern</strong></span> <span class='ocrx_word' id='word_1_411' title='bbox 1333 6247 1426 6288; x_wconf 87' lang='lat' dir='ltr'><strong>recur-</strong></span> 
     </span>
     <span class='ocr_line' id='line_1_55' title="bbox 467 6317 1425 6390; baseline 0.002 -16"><span class='ocrx_word' id='word_1_412' title='bbox 467 6325 552 6386; x_wconf 89' lang='lat' dir='ltr'><strong>runt,·</strong></span> <span class='ocrx_word' id='word_1_413' title='bbox 565 6321 645 6376; x_wconf 81' lang='lat' dir='ltr'><strong>aliter</strong></span> <span class='ocrx_word' id='word_1_414' title='bbox 655 6323 726 6374; x_wconf 83' lang='lat' dir='ltr'><strong>enine</strong></span> <span class='ocrx_word' id='word_1_415' title='bbox 745 6317 909 6390; x_wconf 84' lang='lat' dir='ltr'><strong>praedicatio</strong></span> <span class='ocrx_word' id='word_1_416' title='bbox 923 6319 1080 6384; x_wconf 81' lang='lat' dir='ltr'><strong>siccaretur,</strong></span> <span class='ocrx_word' id='word_1_417' title='bbox 1102 6319 1167 6388; x_wconf 88' lang='lat' dir='ltr'><strong>quic</strong></span> <span class='ocrx_word' id='word_1_418' title='bbox 1180 6317 1216 6374; x_wconf 87' lang='lat' dir='ltr'><strong>tbi</strong></span> <span class='ocrx_word' id='word_1_419' title='bbox 1227 6323 1340 6390; x_wconf 78' lang='lat' dir='ltr'><strong>sumeret</strong></span> <span class='ocrx_word' id='word_1_420' title='bbox 1353 6323 1425 6390; x_wconf 87' lang='lat' dir='ltr'><strong>qued</strong></span> 
     </span>
     <span class='ocr_line' id='line_1_56' title="bbox 464 6409 1217 6478; baseline -0.005 -16"><span class='ocrx_word' id='word_1_421' title='bbox 464 6409 617 6476; x_wconf 86' lang='lat' dir='ltr'><strong>propinant</strong></span> <span class='ocrx_word' id='word_1_422' title='bbox 635 6413 675 6478; x_wconf 85' lang='lat' dir='ltr'><strong>(ex</strong></span> <span class='ocrx_word' id='word_1_423' title='bbox 695 6413 817 6476; x_wconf 76' lang='lat' dir='ltr'><strong>drogon,</strong></span> <span class='ocrx_word' id='word_1_424' title='bbox 836 6409 923 6462; x_wconf 89' lang='lat' dir='ltr'><strong>XXX.</strong></span> <span class='ocrx_word' id='word_1_425' title='bbox 942 6411 1028 6462; x_wconf 81' lang='lat' dir='ltr'><strong>hloral.</strong></span> <span class='ocrx_word' id='word_1_426' title='bbox 1049 6425 1072 6462; x_wconf 89' lang='lat' dir='ltr'><strong>c.</strong></span> <span class='ocrx_word' id='word_1_427' title='bbox 1091 6411 1118 6460; x_wconf 74' lang='lat'><strong>2.</strong></span> <span class='ocrx_word' id='word_1_428' title='bbox 1135 6423 1160 6460; x_wconf 92' lang='lat' dir='ltr'><strong>n.</strong></span> <span class='ocrx_word' id='word_1_429' title='bbox 1182 6411 1217 6476; x_wconf 87' lang='lat'><strong>8).</strong></span> 
     </span>
     <span class='ocr_line' id='line_1_57' title="bbox 538 6493 1085 6562; baseline 0 -14"><span class='ocrx_word' id='word_1_430' title='bbox 538 6493 550 6524; x_wconf 79' lang='lat'>⁶</span> <span class='ocrx_word' id='word_1_431' title='bbox 570 6499 643 6550; x_wconf 88' lang='lat' dir='ltr'><strong>Vers.</strong></span> <span class='ocrx_word' id='word_1_432' title='bbox 662 6499 690 6550; x_wconf 82' lang='lat'><strong>7.</strong></span> <span class='ocrx_word' id='word_1_433' title='bbox 707 6497 774 6552; x_wconf 87' lang='lat' dir='ltr'><strong>Vide</strong></span> <span class='ocrx_word' id='word_1_434' title='bbox 794 6511 874 6562; x_wconf 90' lang='lat' dir='ltr'><strong>supra</strong></span> <span class='ocrx_word' id='word_1_435' title='bbox 893 6509 916 6548; x_wconf 91' lang='lat' dir='ltr'><strong>c.</strong></span> <span class='ocrx_word' id='word_1_436' title='bbox 937 6497 977 6548; x_wconf 88' lang='grc'><strong>111.</strong></span> <span class='ocrx_word' id='word_1_437' title='bbox 998 6513 1022 6548; x_wconf 90' lang='lat' dir='ltr'><strong>n.</strong></span> <span class='ocrx_word' id='word_1_438' title='bbox 1042 6497 1085 6550; x_wconf 87' lang='lat'><strong>30.</strong></span> 
     </span>
     <span class='ocr_line' id='line_1_58' title="bbox 539 6579 1425 6656; baseline 0.006 -18"><span class='ocrx_word' id='word_1_439' title='bbox 539 6579 549 6612; x_wconf 79' lang='lat'>⁷</span> <span class='ocrx_word' id='word_1_440' title='bbox 572 6587 644 6638; x_wconf 88' lang='lat' dir='ltr'><strong>Vers.</strong></span> <span class='ocrx_word' id='word_1_441' title='bbox 663 6587 706 6638; x_wconf 77' lang='grc'><strong>21.</strong></span> <span class='ocrx_word' id='word_1_442' title='bbox 725 6599 780 6650; x_wconf 89' lang='lat' dir='ltr'><strong>seq.</strong></span> <span class='ocrx_word' id='word_1_443' title='bbox 802 6587 837 6654; x_wconf 88' lang='lat' dir='ltr'><strong>(iu</strong></span> <span class='ocrx_word' id='word_1_444' title='bbox 856 6581 1155 6654; x_wconf 60' lang='lat' dir='ltr'><strong>quadragissima,</strong></span> <span class='ocrx_word' id='word_1_445' title='bbox 1172 6589 1182 6638; x_wconf 90' lang='grc'>1</span> <span class='ocrx_word' id='word_1_446' title='bbox 1190 6587 1220 6656; x_wconf 69' lang='grc'><strong>,1,</strong></span> <span class='ocrx_word' id='word_1_447' title='bbox 1235 6587 1328 6642; x_wconf 88' lang='lat' dir='ltr'><strong>deinde</strong></span> <span class='ocrx_word' id='word_1_448' title='bbox 1340 6603 1368 6640; x_wconf 81' lang='lat' dir='ltr'><strong>r.</strong></span> <span class='ocrx_word' id='word_1_449' title='bbox 1382 6591 1425 6644; x_wconf 76' lang='lat'><strong>29.</strong></span> 
     </span>
     <span class='ocr_line' id='line_1_59' title="bbox 467 6671 1038 6722; baseline -0.004 0"><span class='ocrx_word' id='word_1_450' title='bbox 467 6675 495 6722; x_wconf 87' lang='lat' dir='ltr'><strong>et</strong></span> <span class='ocrx_word' id='word_1_451' title='bbox 513 6671 557 6722; x_wconf 86' lang='grc'><strong>31.</strong></span> <span class='ocrx_word' id='word_1_452' title='bbox 678 6693 680 6696; x_wconf 93' lang='grc'>-</span> <span class='ocrx_word' id='word_1_453' title='bbox 1037 6703 1038 6706; x_wconf 23' lang='lat'>¹</span> 
     </span>
     <span class='ocr_line' id='line_1_60' title="bbox 540 6755 815 6814; baseline 0.007 -3"><span class='ocrx_word' id='word_1_454' title='bbox 540 6755 552 6786; x_wconf 76' lang='lat'><strong>⁸</strong></span> <span class='ocrx_word' id='word_1_455' title='bbox 572 6761 646 6812; x_wconf 75' lang='lat' dir='ltr'><strong>Vers.</strong></span> <span class='ocrx_word' id='word_1_456' title='bbox 665 6761 709 6812; x_wconf 77' lang='lat'><strong>20.</strong></span> <span class='ocrx_word' id='word_1_457' title='bbox 727 6767 753 6812; x_wconf 90' lang='lat' dir='ltr'><strong>et</strong></span> <span class='ocrx_word' id='word_1_458' title='bbox 771 6763 815 6814; x_wconf 75' lang='grc'><strong>21.</strong></span> 
     </span>
    </p>
   </div>
   <div class='ocr_carea' id='block_1_7' title="bbox 539 6841 1426 6926">
    <p class='ocr_par' dir='ltr' id='par_1_9' title="bbox 539 6841 1426 6926">
     <span class='ocr_line' id='line_1_61' title="bbox 539 6841 1426 6926; baseline 0.014 -26"><span class='ocrx_word' id='word_1_459' title='bbox 539 6841 550 6872; x_wconf 80' lang='lat'>⁹</span> <span class='ocrx_word' id='word_1_460' title='bbox 572 6847 645 6900; x_wconf 82' lang='lat' dir='ltr'><strong>Vens.</strong></span> <span class='ocrx_word' id='word_1_461' title='bbox 665 6847 691 6900; x_wconf 89' lang='lat'><strong>3.</strong></span> <span class='ocrx_word' id='word_1_462' title='bbox 710 6875 747 6888; x_wconf 87' lang='lat'>-</span> <span class='ocrx_word' id='word_1_463' title='bbox 764 6849 801 6902; x_wconf 89' lang='lat' dir='ltr'><strong>De</strong></span> <span class='ocrx_word' id='word_1_464' title='bbox 821 6853 1000 6918; x_wconf 87' lang='lat' dir='ltr'><strong>propositione</strong></span> <span class='ocrx_word' id='word_1_465' title='bbox 1019 6853 1138 6920; x_wconf 85' lang='lat' dir='ltr'><strong>sequenti</strong></span> <span class='ocrx_word' id='word_1_466' title='bbox 1161 6853 1223 6908; x_wconf 88' lang='lat' dir='ltr'><strong>vide</strong></span> <span class='ocrx_word' id='word_1_467' title='bbox 1248 6857 1373 6926; x_wconf 73' lang='lat' dir='ltr'><strong>dragum,</strong></span> <span class='ocrx_word' id='word_1_468' title='bbox 1396 6857 1426 6912; x_wconf 92' lang='lat' dir='ltr'><strong>ll.</strong></span> 
     </span>
    </p>
   </div>
   <div class='ocr_carea' id='block_1_8' title="bbox 2316 577 2435 662">
    <p class='ocr_par' dir='ltr' id='par_1_10' title="bbox 2316 577 2435 662">
     <span class='ocr_line' id='line_1_62' title="bbox 2316 577 2435 662; baseline 0.034 -19"><span class='ocrx_word' id='word_1_469' title='bbox 2316 659 2317 662; x_wconf 4' lang='grc' dir='ltr'><strong><em>Ν</em></strong></span> <span class='ocrx_word' id='word_1_470' title='bbox 2370 577 2435 648; x_wconf 82' lang='lat' dir='ltr'><strong>ers</strong></span> 
     </span>
    </p>
   </div>
   <div class='ocr_carea' id='block_1_9' title="bbox 1480 735 2602 2940">
    <p class='ocr_par' dir='ltr' id='par_1_11' title="bbox 1480 735 2543 1654">
     <span class='ocr_line' id='line_1_63' title="bbox 1480 735 2436 824; baseline 0.012 -20"><span class='ocrx_word' id='word_1_471' title='bbox 1480 735 1583 824; x_wconf 89' lang='lat' dir='ltr'><strong>qued,</strong></span> <span class='ocrx_word' id='word_1_472' title='bbox 1599 755 1671 806; x_wconf 89' lang='lat' dir='ltr'><strong>cum</strong></span> <span class='ocrx_word' id='word_1_473' title='bbox 1686 737 1860 806; x_wconf 90' lang='lat' dir='ltr'><strong>molestiam</strong></span> <span class='ocrx_word' id='word_1_474' title='bbox 1884 743 2068 824; x_wconf 86' lang='lat' dir='ltr'><strong>poterentur</strong></span> <span class='ocrx_word' id='word_1_475' title='bbox 2091 759 2109 806; x_wconf 87' lang='lat' dir='ltr'><strong>a</strong></span> <span class='ocrx_word' id='word_1_476' title='bbox 2124 740 2259 824; x_wconf 89' lang='lat' dir='ltr'><strong>ludaeis,</strong></span> <span class='ocrx_word' id='word_1_477' title='bbox 2281 769 2296 802; x_wconf 78' lang='lat' dir='ltr'><strong>v</strong></span> <span class='ocrx_word' id='word_1_478' title='bbox 2313 749 2436 816; x_wconf 93' lang='lat' dir='ltr'><strong>levave-</strong></span> 
     </span>
     <span class='ocr_line' id='line_1_64' title="bbox 1481 843 2434 932; baseline 0.006 -22"><span class='ocrx_word' id='word_1_479' title='bbox 1481 849 1556 910; x_wconf 94' lang='lat' dir='ltr'><strong>runt</strong></span> <span class='ocrx_word' id='word_1_480' title='bbox 1579 861 1687 912; x_wconf 86' lang='lat' dir='ltr'><strong>vocem</strong></span> <span class='ocrx_word' id='word_1_481' title='bbox 1712 843 1902 912; x_wconf 87' lang='lat' dir='ltr'><strong>unanimiter</strong></span> <span class='ocrx_word' id='word_1_482' title='bbox 1917 845 1964 912; x_wconf 89' lang='lat' dir='ltr'><strong>ad</strong></span> <span class='ocrx_word' id='word_1_483' title='bbox 1985 843 2087 910; x_wconf 89' lang='lat' dir='ltr'><strong>Deum</strong></span> <span class='ocrx_word' id='word_1_484' title='bbox 2108 851 2142 912; x_wconf 94' lang='lat' dir='ltr'><strong>et</strong></span> <span class='ocrx_word' id='word_1_485' title='bbox 2162 845 2337 914; x_wconf 82' lang='lat' dir='ltr'><strong>dixerunt:</strong></span> <span class='ocrx_word' id='word_1_486' title='bbox 2367 851 2434 932; x_wconf 86' lang='lat' dir='ltr'><strong>Tu,</strong></span> 
     </span>
     <span class='ocr_line' id='line_1_65' title="bbox 1481 947 2436 1036; baseline 0.004 -20"><span class='ocrx_word' id='word_1_487' title='bbox 1481 947 1627 1028; x_wconf 88' lang='lat' dir='ltr'><strong>Domine,</strong></span> <span class='ocrx_word' id='word_1_488' title='bbox 1645 949 1698 1036; x_wconf 92' lang='lat' dir='ltr'><strong>qui</strong></span> <span class='ocrx_word' id='word_1_489' title='bbox 1722 949 1821 1016; x_wconf 89' lang='lat' dir='ltr'><strong>iecisti</strong></span> <span class='ocrx_word' id='word_1_490' title='bbox 1844 949 1965 1032; x_wconf 89' lang='lat' dir='ltr'><strong>omnia,</strong></span> <span class='ocrx_word' id='word_1_491' title='bbox 1988 949 2043 1036; x_wconf 92' lang='lat' dir='ltr'><strong>qui</strong></span> <span class='ocrx_word' id='word_1_492' title='bbox 2067 949 2174 1016; x_wconf 81' lang='lat' dir='ltr'><strong>dixisti</strong></span> <span class='ocrx_word' id='word_1_493' title='bbox 2199 969 2254 1036; x_wconf 91' lang='lat' dir='ltr'><strong>per</strong></span> <span class='ocrx_word' id='word_1_494' title='bbox 2279 967 2313 1016; x_wconf 87' lang='lat' dir='ltr'><strong>os</strong></span> <span class='ocrx_word' id='word_1_495' title='bbox 2337 955 2436 1036; x_wconf 90' lang='lat' dir='ltr'><strong>patris</strong></span> 
     </span>
     <span class='ocr_line' id='line_1_66' title="bbox 1480 1055 2435 1142; baseline 0.003 -24"><span class='ocrx_word' id='word_1_496' title='bbox 1480 1055 1578 1122; x_wconf 87' lang='lat' dir='ltr'><strong>nostri</strong></span> <span class='ocrx_word' id='word_1_497' title='bbox 1597 1055 1713 1124; x_wconf 86' lang='lat' dir='ltr'><strong>David:</strong></span> <span class='ocrx_word' id='word_1_498' title='bbox 1729 1057 1833 1140; x_wconf 83' lang='lat' dir='ltr'><strong>Quare</strong></span> <span class='ocrx_word' id='word_1_499' title='bbox 1848 1055 2046 1124; x_wconf 85' lang='lat' dir='ltr'><strong>tremuerunt</strong></span> <span class='ocrx_word' id='word_1_500' title='bbox 2060 1061 2169 1142; x_wconf 81' lang='lat' dir='ltr'><strong>gentes</strong></span> <span class='ocrx_word' id='word_1_501' title='bbox 2180 1079 2198 1114; x_wconf 83' lang='lat'>»</span> <span class='ocrx_word' id='word_1_502' title='bbox 2218 1061 2288 1132; x_wconf 82' lang='lat' dir='ltr'><strong>ete.</strong></span> <span class='ocrx_word' id='word_1_503' title='bbox 2306 1073 2435 1136; x_wconf 79' lang='lat' dir='ltr'><strong>«nuuc,</strong></span> 
     </span>
     <span class='ocr_line' id='line_1_67' title="bbox 1480 1157 2436 1254; baseline 0.002 -28"><span class='ocrx_word' id='word_1_504' title='bbox 1480 1159 1627 1238; x_wconf 87' lang='lat' dir='ltr'><strong>Domine,</strong></span> <span class='ocrx_word' id='word_1_505' title='bbox 1659 1161 1780 1246; x_wconf 89' lang='lat' dir='ltr'><strong>respice</strong></span> <span class='ocrx_word' id='word_1_506' title='bbox 1808 1161 1842 1226; x_wconf 93' lang='lat' dir='ltr'><strong>iu</strong></span> <span class='ocrx_word' id='word_1_507' title='bbox 1871 1163 1973 1250; x_wconf 89' lang='lat' dir='ltr'><strong>minas</strong></span> <span class='ocrx_word' id='word_1_508' title='bbox 1994 1179 2103 1228; x_wconf 89' lang='lat' dir='ltr'><strong>eorum</strong></span> <span class='ocrx_word' id='word_1_509' title='bbox 2129 1165 2161 1254; x_wconf 86' lang='lat' dir='ltr'><strong>et</strong></span> <span class='ocrx_word' id='word_1_510' title='bbox 2182 1159 2223 1226; x_wconf 88' lang='lat' dir='ltr'><strong>da</strong></span> <span class='ocrx_word' id='word_1_511' title='bbox 2244 1157 2345 1226; x_wconf 88' lang='lat' dir='ltr'><strong>servis</strong></span> <span class='ocrx_word' id='word_1_512' title='bbox 2372 1159 2436 1228; x_wconf 92' lang='lat' dir='ltr'><strong>tuis</strong></span> 
     </span>
     <span class='ocr_line' id='line_1_68' title="bbox 1480 1263 2543 1352; baseline -0.004 -18"><span class='ocrx_word' id='word_1_513' title='bbox 1480 1283 1551 1334; x_wconf 86' lang='lat' dir='ltr'><strong>cum</strong></span> <span class='ocrx_word' id='word_1_514' title='bbox 1575 1267 1660 1334; x_wconf 89' lang='lat' dir='ltr'><strong>amni</strong></span> <span class='ocrx_word' id='word_1_515' title='bbox 1683 1265 1798 1352; x_wconf 84' lang='lat' dir='ltr'><strong>fiducia</strong></span> <span class='ocrx_word' id='word_1_516' title='bbox 1813 1267 1900 1352; x_wconf 93' lang='lat' dir='ltr'><strong>loqui</strong></span> <span class='ocrx_word' id='word_1_517' title='bbox 1916 1267 2049 1336; x_wconf 88' lang='lat' dir='ltr'><strong>verbum</strong></span> <span class='ocrx_word' id='word_1_518' title='bbox 2074 1275 2165 1334; x_wconf 91' lang='lat' dir='ltr'><strong>tuum</strong></span> <span class='ocrx_word' id='word_1_519' title='bbox 2180 1291 2213 1348; x_wconf 83' lang='lat'><strong>»;</strong></span> <span class='ocrx_word' id='word_1_520' title='bbox 2228 1271 2259 1334; x_wconf 93' lang='lat' dir='ltr'><strong>et</strong></span> <span class='ocrx_word' id='word_1_521' title='bbox 2276 1263 2434 1348; x_wconf 85' lang='lat' dir='ltr'><strong>sequitur,</strong></span> <span class='ocrx_word' id='word_1_522' title='bbox 2541 1341 2543 1346; x_wconf 21' lang='lat'><strong><em>¹</em></strong></span> 
     </span>
     <span class='ocr_line' id='line_1_69' title="bbox 1480 1369 2436 1458; baseline -0.002 -20"><span class='ocrx_word' id='word_1_523' title='bbox 1480 1373 1574 1458; x_wconf 90' lang='lat' dir='ltr'><strong>quod,</strong></span> <span class='ocrx_word' id='word_1_524' title='bbox 1604 1397 1619 1430; x_wconf 77' lang='lat' dir='ltr'><strong>c&lt;</strong></span> <span class='ocrx_word' id='word_1_525' title='bbox 1637 1391 1709 1440; x_wconf 90' lang='lat' dir='ltr'><strong>cum</strong></span> <span class='ocrx_word' id='word_1_526' title='bbox 1732 1379 1892 1454; x_wconf 87' lang='lat' dir='ltr'><strong>orassent,</strong></span> <span class='ocrx_word' id='word_1_527' title='bbox 1915 1379 2021 1442; x_wconf 92' lang='lat' dir='ltr'><strong>motus</strong></span> <span class='ocrx_word' id='word_1_528' title='bbox 2042 1381 2091 1442; x_wconf 90' lang='lat' dir='ltr'><strong>est</strong></span> <span class='ocrx_word' id='word_1_529' title='bbox 2109 1375 2199 1442; x_wconf 89' lang='lat' dir='ltr'><strong>loeus</strong></span> <span class='ocrx_word' id='word_1_530' title='bbox 2214 1397 2244 1452; x_wconf 78' lang='lat'><strong>»3</strong></span> <span class='ocrx_word' id='word_1_531' title='bbox 2261 1371 2293 1436; x_wconf 91' lang='lat' dir='ltr'><strong>in</strong></span> <span class='ocrx_word' id='word_1_532' title='bbox 2309 1387 2373 1454; x_wconf 93' lang='lat' dir='ltr'><strong>quo</strong></span> <span class='ocrx_word' id='word_1_533' title='bbox 2389 1369 2436 1436; x_wconf 90' lang='lat' dir='ltr'><strong>in·</strong></span> 
     </span>
     <span class='ocr_line' id='line_1_70' title="bbox 1480 1477 2436 1564; baseline 0 -20"><span class='ocrx_word' id='word_1_534' title='bbox 1480 1477 1631 1564; x_wconf 81' lang='lat' dir='ltr'><strong>telligitur</strong></span> <span class='ocrx_word' id='word_1_535' title='bbox 1656 1479 1822 1546; x_wconf 89' lang='lat' dir='ltr'><strong>commotio</strong></span> <span class='ocrx_word' id='word_1_536' title='bbox 1853 1481 1918 1548; x_wconf 91' lang='lat' dir='ltr'><strong>irae</strong></span> <span class='ocrx_word' id='word_1_537' title='bbox 1946 1481 1999 1546; x_wconf 90' lang='lat' dir='ltr'><strong>Dei</strong></span> <span class='ocrx_word' id='word_1_538' title='bbox 2025 1487 2133 1550; x_wconf 90' lang='lat' dir='ltr'><strong>contra</strong></span> <span class='ocrx_word' id='word_1_539' title='bbox 2156 1479 2356 1548; x_wconf 91' lang='lat' dir='ltr'><strong>rebellionem</strong></span> <span class='ocrx_word' id='word_1_540' title='bbox 2380 1493 2436 1544; x_wconf 86' lang='lat' dir='ltr'><strong>au-</strong></span> 
     </span>
     <span class='ocr_line' id='line_1_71' title="bbox 1480 1585 1628 1654; baseline 0 -2"><span class='ocrx_word' id='word_1_541' title='bbox 1480 1585 1628 1654; x_wconf 90' lang='lat' dir='ltr'><strong>diturum.</strong></span> 
     </span>
    </p>

    <p class='ocr_par' dir='ltr' id='par_1_12' title="bbox 1480 1693 2602 2940">
     <span class='ocr_line' id='line_1_72' title="bbox 1567 1693 2574 1804; baseline -0.008 -44"><span class='ocrx_word' id='word_1_542' title='bbox 1567 1695 1621 1760; x_wconf 79' lang='lat' dir='ltr'><strong>bh.</strong></span> <span class='ocrx_word' id='word_1_543' title='bbox 1648 1697 1778 1778; x_wconf 88' lang='lat' dir='ltr'><strong>Propter</strong></span> <span class='ocrx_word' id='word_1_544' title='bbox 1807 1693 1893 1778; x_wconf 92' lang='lat' dir='ltr'><strong>quod</strong></span> <span class='ocrx_word' id='word_1_545' title='bbox 1916 1699 1947 1760; x_wconf 95' lang='lat' dir='ltr'><strong>et</strong></span> <span class='ocrx_word' id='word_1_546' title='bbox 1971 1695 2097 1760; x_wconf 85' lang='lat' dir='ltr'><strong>subdit:</strong></span> <span class='ocrx_word' id='word_1_547' title='bbox 2129 1697 2220 1760; x_wconf 78' lang='lat' dir='ltr'><strong>Tunc</strong></span> <span class='ocrx_word' id='word_1_548' title='bbox 2241 1693 2353 1760; x_wconf 86' lang='lat' dir='ltr'><strong>iratus</strong></span> <span class='ocrx_word' id='word_1_549' title='bbox 2372 1709 2435 1776; x_wconf 86' lang='lat' dir='ltr'><strong>pu·</strong></span> <span class='ocrx_word' id='word_1_550' title='bbox 2453 1707 2574 1804; x_wconf 64' lang='lat' dir='ltr'><strong>ltili?</strong></span> 
     </span>
     <span class='ocr_line' id='line_1_73' title="bbox 1481 1791 2567 1886; baseline -0.004 -20"><span class='ocrx_word' id='word_1_551' title='bbox 1481 1797 1683 1886; x_wconf 75' lang='lat' dir='ltr'><strong>terfunrih&#39;cs</strong></span> <span class='ocrx_word' id='word_1_552' title='bbox 1707 1799 1794 1864; x_wconf 80' lang='lat' dir='ltr'><strong>dixit</strong></span> <span class='ocrx_word' id='word_1_553' title='bbox 1814 1815 1910 1862; x_wconf 76' lang='lat' dir='ltr'><strong>serpo</strong></span> <span class='ocrx_word' id='word_1_554' title='bbox 1931 1817 2016 1862; x_wconf 85' lang='lat' dir='ltr'><strong>sae.-</strong></span> <span class='ocrx_word' id='word_1_555' title='bbox 2042 1799 2106 1864; x_wconf 81' lang='lat' dir='ltr'><strong>Euri</strong></span> <span class='ocrx_word' id='word_1_556' title='bbox 2128 1799 2191 1866; x_wconf 90' lang='lat' dir='ltr'><strong>cito</strong></span> <span class='ocrx_word' id='word_1_557' title='bbox 2216 1799 2250 1866; x_wconf 90' lang='lat' dir='ltr'><strong>in</strong></span> <span class='ocrx_word' id='word_1_558' title='bbox 2264 1797 2394 1886; x_wconf 88' lang='lat' dir='ltr'><strong>plateas</strong></span> <span class='ocrx_word' id='word_1_559' title='bbox 2408 1801 2436 1862; x_wconf 90' lang='lat' dir='ltr'><strong>et</strong></span> <span class='ocrx_word' id='word_1_560' title='bbox 2560 1791 2567 1802; x_wconf 85' lang='lat'>&#39;</span> 
     </span>
     <span class='ocr_line' id='line_1_74' title="bbox 1480 1901 2433 1988; baseline 0 -18"><span class='ocrx_word' id='word_1_561' title='bbox 1480 1903 1568 1970; x_wconf 88' lang='lat' dir='ltr'><strong>eicos</strong></span> <span class='ocrx_word' id='word_1_562' title='bbox 1594 1903 1755 1980; x_wconf 87' lang='lat' dir='ltr'><strong>ciuitatis,</strong></span> <span class='ocrx_word' id='word_1_563' title='bbox 1781 1901 1810 1970; x_wconf 85' lang='lat' dir='ltr'><strong>td</strong></span> <span class='ocrx_word' id='word_1_564' title='bbox 1835 1907 1881 1970; x_wconf 88' lang='lat' dir='ltr'><strong>est</strong></span> <span class='ocrx_word' id='word_1_565' title='bbox 1909 1901 1947 1968; x_wconf 86' lang='lat' dir='ltr'><strong>au</strong></span> <span class='ocrx_word' id='word_1_566' title='bbox 1970 1903 2127 1988; x_wconf 86' lang='lat' dir='ltr'><strong>publicam</strong></span> <span class='ocrx_word' id='word_1_567' title='bbox 2157 1903 2433 1988; x_wconf 87' lang='lat' dir='ltr'><strong>praedicationem,</strong></span> 
     </span>
     <span class='ocr_line' id='line_1_75' title="bbox 1481 2007 2436 2096; baseline -0.002 -18"><span class='ocrx_word' id='word_1_568' title='bbox 1481 2011 1654 2078; x_wconf 90' lang='lat' dir='ltr'><strong>secundum</strong></span> <span class='ocrx_word' id='word_1_569' title='bbox 1684 2007 1762 2074; x_wconf 88' lang='lat' dir='ltr'><strong>illud</strong></span> <span class='ocrx_word' id='word_1_570' title='bbox 1795 2007 2036 2076; x_wconf 73' lang='lat' dir='ltr'><strong>proverbiorum</strong></span> <span class='ocrx_word' id='word_1_571' title='bbox 2067 2009 2217 2094; x_wconf 81' lang='lat' dir='ltr'><strong>primo⁸:</strong></span> <span class='ocrx_word' id='word_1_572' title='bbox 2249 2033 2266 2066; x_wconf 87' lang='lat'>«</span> <span class='ocrx_word' id='word_1_573' title='bbox 2282 2009 2436 2096; x_wconf 86' lang='lat' dir='ltr'><strong>Sapientia</strong></span> 
     </span>
     <span class='ocr_line' id='line_1_76' title="bbox 1481 2111 2436 2202; baseline 0 -22"><span class='ocrx_word' id='word_1_574' title='bbox 1481 2113 1557 2182; x_wconf 91' lang='lat' dir='ltr'><strong>loris</strong></span> <span class='ocrx_word' id='word_1_575' title='bbox 1580 2113 1738 2202; x_wconf 89' lang='lat' dir='ltr'><strong>praedicat</strong></span> <span class='ocrx_word' id='word_1_576' title='bbox 1760 2121 1792 2180; x_wconf 92' lang='lat' dir='ltr'><strong>et</strong></span> <span class='ocrx_word' id='word_1_577' title='bbox 1813 2111 1848 2180; x_wconf 93' lang='lat' dir='ltr'><strong>in</strong></span> <span class='ocrx_word' id='word_1_578' title='bbox 1870 2111 1981 2198; x_wconf 89' lang='lat' dir='ltr'><strong>plateis</strong></span> <span class='ocrx_word' id='word_1_579' title='bbox 2003 2113 2055 2180; x_wconf 90' lang='lat' dir='ltr'><strong>dat</strong></span> <span class='ocrx_word' id='word_1_580' title='bbox 2071 2131 2178 2180; x_wconf 91' lang='lat' dir='ltr'><strong>vocem</strong></span> <span class='ocrx_word' id='word_1_581' title='bbox 2204 2133 2312 2192; x_wconf 91' lang='lat' dir='ltr'><strong>suam,</strong></span> <span class='ocrx_word' id='word_1_582' title='bbox 2338 2117 2369 2180; x_wconf 93' lang='lat' dir='ltr'><strong>in</strong></span> <span class='ocrx_word' id='word_1_583' title='bbox 2387 2133 2436 2180; x_wconf 91' lang='lat' dir='ltr'><strong>ca-</strong></span> 
     </span>
     <span class='ocr_line' id='line_1_77' title="bbox 1482 2219 2436 2306; baseline -0.001 -20"><span class='ocrx_word' id='word_1_584' title='bbox 1482 2221 1546 2306; x_wconf 90' lang='lat' dir='ltr'><strong>pite</strong></span> <span class='ocrx_word' id='word_1_585' title='bbox 1568 2219 1736 2288; x_wconf 91' lang='lat' dir='ltr'><strong>turbarum</strong></span> <span class='ocrx_word' id='word_1_586' title='bbox 1760 2219 1915 2298; x_wconf 88' lang='lat' dir='ltr'><strong>clamitat,</strong></span> <span class='ocrx_word' id='word_1_587' title='bbox 1938 2219 2118 2304; x_wconf 82' lang='lat' dir='ltr'><strong>inferibus</strong></span> <span class='ocrx_word' id='word_1_588' title='bbox 2151 2225 2313 2304; x_wconf 79' lang='lat' dir='ltr'><strong>portarium</strong></span> <span class='ocrx_word' id='word_1_589' title='bbox 2347 2219 2436 2286; x_wconf 92' lang='lat' dir='ltr'><strong>urbis</strong></span> 
     </span>
     <span class='ocr_line' id='line_1_78' title="bbox 1482 2323 2435 2414; baseline -0.003 -22"><span class='ocrx_word' id='word_1_590' title='bbox 1482 2327 1603 2414; x_wconf 90' lang='lat' dir='ltr'><strong>prolert</strong></span> <span class='ocrx_word' id='word_1_591' title='bbox 1624 2325 1723 2394; x_wconf 91' lang='lat' dir='ltr'><strong>verba</strong></span> <span class='ocrx_word' id='word_1_592' title='bbox 1744 2343 1802 2392; x_wconf 90' lang='lat' dir='ltr'><strong>sua</strong></span> <span class='ocrx_word' id='word_1_593' title='bbox 1816 2351 1849 2392; x_wconf 89' lang='lat'><strong>».</strong></span> <span class='ocrx_word' id='word_1_594' title='bbox 1874 2325 1993 2392; x_wconf 79' lang='lat' dir='ltr'><strong>linitus</strong></span> <span class='ocrx_word' id='word_1_595' title='bbox 2018 2327 2078 2394; x_wconf 89' lang='lat' dir='ltr'><strong>istc</strong></span> <span class='ocrx_word' id='word_1_596' title='bbox 2101 2333 2148 2394; x_wconf 90' lang='lat' dir='ltr'><strong>est</strong></span> <span class='ocrx_word' id='word_1_597' title='bbox 2177 2325 2217 2392; x_wconf 90' lang='lat' dir='ltr'><strong>ad</strong></span> <span class='ocrx_word' id='word_1_598' title='bbox 2247 2323 2435 2390; x_wconf 83' lang='lat' dir='ltr'><strong>exercitium</strong></span> 
     </span>
     <span class='ocr_line' id='line_1_79' title="bbox 1482 2429 2436 2516; baseline -0.002 -20"><span class='ocrx_word' id='word_1_599' title='bbox 1482 2429 1738 2516; x_wconf 89' lang='lat' dir='ltr'><strong>praedicationis,</strong></span> <span class='ocrx_word' id='word_1_600' title='bbox 1763 2429 1935 2498; x_wconf 78' lang='lat' dir='ltr'><strong>sectandum</strong></span> <span class='ocrx_word' id='word_1_601' title='bbox 1961 2429 2039 2498; x_wconf 88' lang='lat' dir='ltr'><strong>illud</strong></span> <span class='ocrx_word' id='word_1_602' title='bbox 2060 2429 2207 2498; x_wconf 85' lang='lat' dir='ltr'><strong>Matthaei</strong></span> <span class='ocrx_word' id='word_1_603' title='bbox 2229 2429 2349 2496; x_wconf 89' lang='lat' dir='ltr'><strong>decime</strong></span> <span class='ocrx_word' id='word_1_604' title='bbox 2372 2437 2436 2496; x_wconf 91' lang='lat' dir='ltr'><strong>ter-</strong></span> 
     </span>
     <span class='ocr_line' id='line_1_80' title="bbox 1483 2537 2434 2620; baseline -0.002 -18"><span class='ocrx_word' id='word_1_605' title='bbox 1483 2537 1526 2602; x_wconf 92' lang='lat' dir='ltr'><strong>tio</strong></span> <span class='ocrx_word' id='word_1_606' title='bbox 1539 2537 1569 2602; x_wconf 78' lang='lat'><strong>⁹:</strong></span> <span class='ocrx_word' id='word_1_607' title='bbox 1593 2563 1608 2594; x_wconf 82' lang='lat' dir='ltr'><strong>o</strong></span> <span class='ocrx_word' id='word_1_608' title='bbox 1625 2537 1709 2602; x_wconf 81' lang='lat' dir='ltr'><strong>Exiit</strong></span> <span class='ocrx_word' id='word_1_609' title='bbox 1725 2537 1779 2620; x_wconf 90' lang='lat' dir='ltr'><strong>qui</strong></span> <span class='ocrx_word' id='word_1_610' title='bbox 1796 2537 1926 2604; x_wconf 89' lang='lat' dir='ltr'><strong>seminat</strong></span> <span class='ocrx_word' id='word_1_611' title='bbox 1943 2537 2098 2604; x_wconf 90' lang='lat' dir='ltr'><strong>seminare</strong></span> <span class='ocrx_word' id='word_1_612' title='bbox 2113 2555 2220 2602; x_wconf 93' lang='lat' dir='ltr'><strong>semen</strong></span> <span class='ocrx_word' id='word_1_613' title='bbox 2235 2553 2328 2604; x_wconf 92' lang='lat' dir='ltr'><strong>suum</strong></span> <span class='ocrx_word' id='word_1_614' title='bbox 2346 2561 2375 2600; x_wconf 75' lang='lat' dir='ltr'><strong>e.</strong></span> <span class='ocrx_word' id='word_1_615' title='bbox 2396 2571 2434 2584; x_wconf 90' lang='lat'>-</span> 
     </span>
     <span class='ocr_line' id='line_1_81' title="bbox 1484 2639 2435 2728; baseline -0.002 -20"><span class='ocrx_word' id='word_1_616' title='bbox 1484 2641 1518 2708; x_wconf 88' lang='lat' dir='ltr'><strong>Et</strong></span> <span class='ocrx_word' id='word_1_617' title='bbox 1535 2641 1626 2726; x_wconf 91' lang='lat' dir='ltr'><strong>quia,</strong></span> <span class='ocrx_word' id='word_1_618' title='bbox 1649 2641 1785 2726; x_wconf 89' lang='lat' dir='ltr'><strong>repulsis</strong></span> <span class='ocrx_word' id='word_1_619' title='bbox 1800 2641 1964 2728; x_wconf 90' lang='lat' dir='ltr'><strong>superbis,</strong></span> <span class='ocrx_word' id='word_1_620' title='bbox 1979 2649 2181 2726; x_wconf 89' lang='lat' dir='ltr'><strong>acceptantur</strong></span> <span class='ocrx_word' id='word_1_621' title='bbox 2198 2641 2350 2722; x_wconf 90' lang='lat' dir='ltr'><strong>humiles;</strong></span> <span class='ocrx_word' id='word_1_622' title='bbox 2366 2639 2435 2708; x_wconf 89' lang='lat' dir='ltr'><strong>ideo</strong></span> 
     </span>
     <span class='ocr_line' id='line_1_82' title="bbox 1483 2747 2434 2834; baseline -0.004 -18"><span class='ocrx_word' id='word_1_623' title='bbox 1483 2747 1609 2816; x_wconf 87' lang='lat' dir='ltr'><strong>subdit:</strong></span> <span class='ocrx_word' id='word_1_624' title='bbox 1634 2751 1674 2816; x_wconf 83' lang='lat' dir='ltr'><strong>Et</strong></span> <span class='ocrx_word' id='word_1_625' title='bbox 1693 2767 1860 2834; x_wconf 82' lang='lat' dir='ltr'><strong>pauperes</strong></span> <span class='ocrx_word' id='word_1_626' title='bbox 1883 2771 1924 2816; x_wconf 90' lang='lat' dir='ltr'><strong>ae</strong></span> <span class='ocrx_word' id='word_1_627' title='bbox 1948 2749 2063 2816; x_wconf 75' lang='lat' dir='ltr'><strong>debiles</strong></span> <span class='ocrx_word' id='word_1_628' title='bbox 2081 2757 2110 2816; x_wconf 87' lang='lat' dir='ltr'><strong>et</strong></span> <span class='ocrx_word' id='word_1_629' title='bbox 2123 2769 2237 2816; x_wconf 90' lang='lat' dir='ltr'><strong>caecos</strong></span> <span class='ocrx_word' id='word_1_630' title='bbox 2253 2755 2283 2814; x_wconf 90' lang='lat' dir='ltr'><strong>et</strong></span> <span class='ocrx_word' id='word_1_631' title='bbox 2297 2747 2434 2814; x_wconf 88' lang='lat' dir='ltr'><strong>claudus</strong></span> 
     </span>
     <span class='ocr_line' id='line_1_83' title="bbox 1482 2853 2602 2940; baseline -0.003 -18"><span class='ocrx_word' id='word_1_632' title='bbox 1482 2855 1635 2924; x_wconf 81' lang='lat' dir='ltr'><strong>intruetur</strong></span> <span class='ocrx_word' id='word_1_633' title='bbox 1649 2855 1729 2932; x_wconf 87' lang='lat' dir='ltr'><strong>lvnc;</strong></span> <span class='ocrx_word' id='word_1_634' title='bbox 1743 2855 1827 2940; x_wconf 88' lang='lat' dir='ltr'><strong>quod</strong></span> <span class='ocrx_word' id='word_1_635' title='bbox 1845 2855 2017 2922; x_wconf 90' lang='lat' dir='ltr'><strong>secuudum</strong></span> <span class='ocrx_word' id='word_1_636' title='bbox 2033 2854 2156 2922; x_wconf 89' lang='lat' dir='ltr'><strong>Glossas</strong></span> <span class='ocrx_word' id='word_1_637' title='bbox 2170 2855 2265 2924; x_wconf 89' lang='lat' dir='ltr'><strong>hahet</strong></span> <span class='ocrx_word' id='word_1_638' title='bbox 2279 2855 2303 2894; x_wconf 91' lang='lat'><strong>¹⁰</strong></span> <span class='ocrx_word' id='word_1_639' title='bbox 2319 2853 2433 2940; x_wconf 81' lang='lat' dir='ltr'><strong>exponi</strong></span> <span class='ocrx_word' id='word_1_640' title='bbox 2454 2871 2539 2926; x_wconf 61' lang='lat' dir='ltr'><strong>reseres</strong></span> <span class='ocrx_word' id='word_1_641' title='bbox 2552 2885 2602 2918; x_wconf 69' lang='lat' dir='ltr'><strong>ar-</strong></span> 
     </span>
    </p>
   </div>
   <div class='ocr_carea' id='block_1_10' title="bbox 1483 2925 2590 3050">
    <p class='ocr_par' dir='ltr' id='par_1_13' title="bbox 1483 2925 2590 3050">
     <span class='ocr_line' id='line_1_84' title="bbox 1483 2925 2590 3050; baseline -0.003 -21"><span class='ocrx_word' id='word_1_642' title='bbox 1483 2963 1668 3050; x_wconf 88' lang='lat' dir='ltr'><strong>tripliciter:</strong></span> <span class='ocrx_word' id='word_1_643' title='bbox 1691 2981 1755 3028; x_wconf 93' lang='lat' dir='ltr'><strong>uuo</strong></span> <span class='ocrx_word' id='word_1_644' title='bbox 1781 2963 1888 3042; x_wconf 92' lang='lat' dir='ltr'><strong>modo,</strong></span> <span class='ocrx_word' id='word_1_645' title='bbox 1913 2967 1948 3028; x_wconf 94' lang='lat' dir='ltr'><strong>ut</strong></span> <span class='ocrx_word' id='word_1_646' title='bbox 1965 2963 2025 3030; x_wconf 92' lang='lat' dir='ltr'><strong>ista</strong></span> <span class='ocrx_word' id='word_1_647' title='bbox 2039 2969 2151 3030; x_wconf 93' lang='lat' dir='ltr'><strong>sonent</strong></span> <span class='ocrx_word' id='word_1_648' title='bbox 2165 2961 2197 3028; x_wconf 91' lang='lat' dir='ltr'><strong>in</strong></span> <span class='ocrx_word' id='word_1_649' title='bbox 2216 2957 2358 3048; x_wconf 83' lang='lat' dir='ltr'><strong>defectus</strong></span> <span class='ocrx_word' id='word_1_650' title='bbox 2373 2981 2436 3028; x_wconf 88' lang='lat' dir='ltr'><strong>rec-</strong></span> <span class='ocrx_word' id='word_1_651' title='bbox 2475 2925 2553 3040; x_wconf 64' lang='lat' dir='ltr'><strong>liiii.</strong></span> <span class='ocrx_word' id='word_1_652' title='bbox 2564 2939 2590 2972; x_wconf 70' lang='lat'><strong>³⁰</strong></span> 
     </span>
    </p>
   </div>
   <div class='ocr_carea' id='block_1_11' title="bbox 1482 3033 2560 5056">
    <p class='ocr_par' dir='ltr' id='par_1_14' title="bbox 1482 3033 2535 4422">
     <span class='ocr_line' id='line_1_85' title="bbox 1482 3033 2535 3156; baseline 0 -22"><span class='ocrx_word' id='word_1_653' title='bbox 1482 3069 1624 3148; x_wconf 80' lang='lat' dir='ltr'><strong>terrolas,</strong></span> <span class='ocrx_word' id='word_1_654' title='bbox 1658 3075 1692 3136; x_wconf 95' lang='lat' dir='ltr'><strong>ut</strong></span> <span class='ocrx_word' id='word_1_655' title='bbox 1724 3089 1906 3156; x_wconf 87' lang='lat' dir='ltr'><strong>pauperes,</strong></span> <span class='ocrx_word' id='word_1_656' title='bbox 1936 3069 1991 3156; x_wconf 90' lang='lat' dir='ltr'><strong>qui</strong></span> <span class='ocrx_word' id='word_1_657' title='bbox 2024 3075 2130 3138; x_wconf 89' lang='lat' dir='ltr'><strong>carent</strong></span> <span class='ocrx_word' id='word_1_658' title='bbox 2160 3033 2535 3148; x_wconf 68' lang='lat' dir='ltr'><strong>reb11s3deottes,¹&#39;‘&#39;¹⁰³&#39;</strong></span> 
     </span>
     <span class='ocr_line' id='line_1_86' title="bbox 1482 3175 2433 3262; baseline -0.002 -20"><span class='ocrx_word' id='word_1_659' title='bbox 1482 3177 1539 3262; x_wconf 91' lang='lat' dir='ltr'><strong>qui</strong></span> <span class='ocrx_word' id='word_1_660' title='bbox 1560 3183 1669 3244; x_wconf 88' lang='lat' dir='ltr'><strong>carent</strong></span> <span class='ocrx_word' id='word_1_661' title='bbox 1691 3175 1833 3254; x_wconf 91' lang='lat' dir='ltr'><strong>viribus;</strong></span> <span class='ocrx_word' id='word_1_662' title='bbox 1858 3195 1988 3254; x_wconf 88' lang='lat' dir='ltr'><strong>caecos,</strong></span> <span class='ocrx_word' id='word_1_663' title='bbox 2013 3175 2067 3262; x_wconf 90' lang='lat' dir='ltr'><strong>qui</strong></span> <span class='ocrx_word' id='word_1_664' title='bbox 2094 3175 2209 3242; x_wconf 87' lang='lat' dir='ltr'><strong>habent</strong></span> <span class='ocrx_word' id='word_1_665' title='bbox 2231 3175 2387 3244; x_wconf 89' lang='lat' dir='ltr'><strong>delectum</strong></span> <span class='ocrx_word' id='word_1_666' title='bbox 2404 3175 2433 3242; x_wconf 92' lang='lat' dir='ltr'><strong>iu</strong></span> 
     </span>
     <span class='ocr_line' id='line_1_87' title="bbox 1482 3281 2433 3368; baseline -0.002 -18"><span class='ocrx_word' id='word_1_667' title='bbox 1482 3283 1571 3362; x_wconf 89' lang='lat' dir='ltr'><strong>visu;</strong></span> <span class='ocrx_word' id='word_1_668' title='bbox 1598 3281 1752 3362; x_wconf 80' lang='lat' dir='ltr'><strong>ciceides,</strong></span> <span class='ocrx_word' id='word_1_669' title='bbox 1786 3281 1841 3368; x_wconf 91' lang='lat' dir='ltr'><strong>qui</strong></span> <span class='ocrx_word' id='word_1_670' title='bbox 1871 3281 1987 3350; x_wconf 88' lang='lat' dir='ltr'><strong>babent</strong></span> <span class='ocrx_word' id='word_1_671' title='bbox 2014 3281 2169 3350; x_wconf 88' lang='lat' dir='ltr'><strong>delectum</strong></span> <span class='ocrx_word' id='word_1_672' title='bbox 2192 3281 2225 3350; x_wconf 90' lang='lat' dir='ltr'><strong>in</strong></span> <span class='ocrx_word' id='word_1_673' title='bbox 2247 3299 2433 3368; x_wconf 82' lang='lat' dir='ltr'><strong>progressu,</strong></span> 
     </span>
     <span class='ocr_line' id='line_1_88' title="bbox 1483 3389 2435 3474; baseline -0.002 -18"><span class='ocrx_word' id='word_1_674' title='bbox 1483 3389 1556 3474; x_wconf 89' lang='lat' dir='ltr'><strong>quie</strong></span> <span class='ocrx_word' id='word_1_675' title='bbox 1577 3389 1617 3456; x_wconf 89' lang='lat' dir='ltr'><strong>ad</strong></span> <span class='ocrx_word' id='word_1_676' title='bbox 1641 3389 1776 3456; x_wconf 87' lang='lat' dir='ltr'><strong>litteram</strong></span> <span class='ocrx_word' id='word_1_677' title='bbox 1800 3389 1894 3454; x_wconf 90' lang='lat' dir='ltr'><strong>etiam</strong></span> <span class='ocrx_word' id='word_1_678' title='bbox 1918 3389 1994 3456; x_wconf 92' lang='lat' dir='ltr'><strong>tales</strong></span> <span class='ocrx_word' id='word_1_679' title='bbox 2017 3389 2228 3456; x_wconf 81' lang='lat' dir='ltr'><strong>adurittuntur</strong></span> <span class='ocrx_word' id='word_1_680' title='bbox 2247 3389 2287 3454; x_wconf 90' lang='lat' dir='ltr'><strong>ad</strong></span> <span class='ocrx_word' id='word_1_681' title='bbox 2302 3405 2435 3474; x_wconf 80' lang='lat' dir='ltr'><strong>regnum</strong></span> 
     </span>
     <span class='ocr_line' id='line_1_89' title="bbox 1484 3495 2435 3582; baseline -0.004 -18"><span class='ocrx_word' id='word_1_682' title='bbox 1484 3495 1664 3574; x_wconf 87' lang='lat' dir='ltr'><strong>caelorum;</strong></span> <span class='ocrx_word' id='word_1_683' title='bbox 1693 3495 1812 3580; x_wconf 91' lang='lat' dir='ltr'><strong>primae</strong></span> <span class='ocrx_word' id='word_1_684' title='bbox 1837 3497 1875 3562; x_wconf 90' lang='lat' dir='ltr'><strong>ad</strong></span> <span class='ocrx_word' id='word_1_685' title='bbox 1904 3495 2079 3562; x_wconf 86' lang='lat' dir='ltr'><strong>Corinthios</strong></span> <span class='ocrx_word' id='word_1_686' title='bbox 2106 3497 2211 3580; x_wconf 90' lang='lat' dir='ltr'><strong>primo</strong></span> <span class='ocrx_word' id='word_1_687' title='bbox 2225 3499 2271 3560; x_wconf 84' lang='lat'><strong>11:</strong></span> <span class='ocrx_word' id='word_1_688' title='bbox 2299 3521 2314 3552; x_wconf 77' lang='lat' dir='ltr'><strong>s</strong></span> <span class='ocrx_word' id='word_1_689' title='bbox 2332 3495 2435 3582; x_wconf 85' lang='lat' dir='ltr'><strong>Respi-</strong></span> 
     </span>
     <span class='ocr_line' id='line_1_90' title="bbox 1484 3589 2445 3686; baseline 0 -18"><span class='ocrx_word' id='word_1_690' title='bbox 1484 3601 1559 3678; x_wconf 89' lang='lat' dir='ltr'><strong>cite,</strong></span> <span class='ocrx_word' id='word_1_691' title='bbox 1575 3589 1704 3678; x_wconf 85' lang='lat' dir='ltr'><strong>fratres,</strong></span> <span class='ocrx_word' id='word_1_692' title='bbox 1722 3593 1915 3666; x_wconf 89' lang='lat' dir='ltr'><strong>vocationem</strong></span> <span class='ocrx_word' id='word_1_693' title='bbox 1937 3607 2093 3680; x_wconf 89' lang='lat' dir='ltr'><strong>vestram,</strong></span> <span class='ocrx_word' id='word_1_694' title='bbox 2113 3601 2265 3686; x_wconf 89' lang='lat' dir='ltr'><strong>quianon</strong></span> <span class='ocrx_word' id='word_1_695' title='bbox 2282 3603 2370 3668; x_wconf 92' lang='lat' dir='ltr'><strong>multi</strong></span> <span class='ocrx_word' id='word_1_696' title='bbox 2389 3597 2445 3668; x_wconf 58' lang='lat' dir='ltr'><strong>sa?</strong></span> 
     </span>
     <span class='ocr_line' id='line_1_91' title="bbox 1483 3703 2435 3790; baseline 0.001 -21"><span class='ocrx_word' id='word_1_697' title='bbox 1483 3703 1603 3788; x_wconf 90' lang='lat' dir='ltr'><strong>pientes</strong></span> <span class='ocrx_word' id='word_1_698' title='bbox 1625 3705 1799 3772; x_wconf 90' lang='lat' dir='ltr'><strong>secundum</strong></span> <span class='ocrx_word' id='word_1_699' title='bbox 1822 3723 1967 3786; x_wconf 89' lang='lat' dir='ltr'><strong>carnem,</strong></span> <span class='ocrx_word' id='word_1_700' title='bbox 1990 3723 2053 3770; x_wconf 93' lang='lat' dir='ltr'><strong>non</strong></span> <span class='ocrx_word' id='word_1_701' title='bbox 2075 3707 2166 3772; x_wconf 90' lang='lat' dir='ltr'><strong>multi</strong></span> <span class='ocrx_word' id='word_1_702' title='bbox 2191 3713 2351 3790; x_wconf 91' lang='lat' dir='ltr'><strong>potentes,</strong></span> <span class='ocrx_word' id='word_1_703' title='bbox 2373 3725 2435 3772; x_wconf 91' lang='lat' dir='ltr'><strong>non</strong></span> 
     </span>
     <span class='ocr_line' id='line_1_92' title="bbox 1484 3809 2436 3898; baseline 0.002 -22"><span class='ocrx_word' id='word_1_704' title='bbox 1484 3809 1573 3878; x_wconf 93' lang='lat' dir='ltr'><strong>multi</strong></span> <span class='ocrx_word' id='word_1_705' title='bbox 1607 3809 1743 3890; x_wconf 90' lang='lat' dir='ltr'><strong>nobiles,</strong></span> <span class='ocrx_word' id='word_1_706' title='bbox 1776 3811 1830 3878; x_wconf 90' lang='lat' dir='ltr'><strong>sed</strong></span> <span class='ocrx_word' id='word_1_707' title='bbox 1861 3829 1941 3896; x_wconf 89' lang='lat' dir='ltr'><strong>quae</strong></span> <span class='ocrx_word' id='word_1_708' title='bbox 1973 3811 2068 3878; x_wconf 89' lang='lat' dir='ltr'><strong>stulta</strong></span> <span class='ocrx_word' id='word_1_709' title='bbox 2103 3817 2176 3878; x_wconf 92' lang='lat' dir='ltr'><strong>sunt</strong></span> <span class='ocrx_word' id='word_1_710' title='bbox 2207 3811 2313 3880; x_wconf 89' lang='lat' dir='ltr'><strong>mundi</strong></span> <span class='ocrx_word' id='word_1_711' title='bbox 2347 3811 2436 3898; x_wconf 82' lang='lat' dir='ltr'><strong>elegit</strong></span> 
     </span>
     <span class='ocr_line' id='line_1_93' title="bbox 1484 3909 2437 4002; baseline 0.002 -20"><span class='ocrx_word' id='word_1_712' title='bbox 1484 3917 1644 3996; x_wconf 86' lang='lat' dir='ltr'><strong>Deus,ut</strong></span> <span class='ocrx_word' id='word_1_713' title='bbox 1668 3917 1836 3982; x_wconf 87' lang='lat' dir='ltr'><strong>confundat</strong></span> <span class='ocrx_word' id='word_1_714' title='bbox 1859 3909 2034 4002; x_wconf 83' lang='lat' dir='ltr'><strong>sapientes3</strong></span> <span class='ocrx_word' id='word_1_715' title='bbox 2057 3925 2090 3984; x_wconf 89' lang='lat' dir='ltr'><strong>et</strong></span> <span class='ocrx_word' id='word_1_716' title='bbox 2111 3917 2235 3986; x_wconf 85' lang='lat' dir='ltr'><strong>infirma</strong></span> <span class='ocrx_word' id='word_1_717' title='bbox 2251 3919 2360 3986; x_wconf 78' lang='lat' dir='ltr'><strong>emundi</strong></span> <span class='ocrx_word' id='word_1_718' title='bbox 2375 3919 2437 3986; x_wconf 91' lang='lat' dir='ltr'><strong>ele-</strong></span> 
     </span>
     <span class='ocr_line' id='line_1_94' title="bbox 1484 4019 2437 4106; baseline 0.002 -21"><span class='ocrx_word' id='word_1_719' title='bbox 1484 4019 1527 4106; x_wconf 84' lang='lat' dir='ltr'><strong>git</strong></span> <span class='ocrx_word' id='word_1_720' title='bbox 1550 4019 1652 4100; x_wconf 87' lang='lat' dir='ltr'><strong>Deus,</strong></span> <span class='ocrx_word' id='word_1_721' title='bbox 1676 4027 1712 4088; x_wconf 93' lang='lat' dir='ltr'><strong>ut</strong></span> <span class='ocrx_word' id='word_1_722' title='bbox 1736 4019 2041 4102; x_wconf 79' lang='lat' dir='ltr'><strong>eorrlnudatiertia3</strong></span> <span class='ocrx_word' id='word_1_723' title='bbox 2064 4029 2097 4088; x_wconf 90' lang='lat' dir='ltr'><strong>et</strong></span> <span class='ocrx_word' id='word_1_724' title='bbox 2118 4021 2266 4106; x_wconf 83' lang='lat' dir='ltr'><strong>ignobilia</strong></span> <span class='ocrx_word' id='word_1_725' title='bbox 2283 4023 2391 4088; x_wconf 80' lang='lat' dir='ltr'><strong>orandi</strong></span> <span class='ocrx_word' id='word_1_726' title='bbox 2408 4025 2437 4088; x_wconf 93' lang='lat' dir='ltr'><strong>et</strong></span> 
     </span>
     <span class='ocr_line' id='line_1_95' title="bbox 1484 4127 2438 4214; baseline -0.002 -22"><span class='ocrx_word' id='word_1_727' title='bbox 1484 4127 1728 4210; x_wconf 90' lang='lat' dir='ltr'><strong>contemptibilia</strong></span> <span class='ocrx_word' id='word_1_728' title='bbox 1749 4127 1843 4212; x_wconf 79' lang='lat' dir='ltr'><strong>elegit</strong></span> <span class='ocrx_word' id='word_1_729' title='bbox 1865 4127 1967 4206; x_wconf 87' lang='lat' dir='ltr'><strong>Deus,</strong></span> <span class='ocrx_word' id='word_1_730' title='bbox 1991 4133 2022 4192; x_wconf 87' lang='lat' dir='ltr'><strong>et</strong></span> <span class='ocrx_word' id='word_1_731' title='bbox 2045 4145 2081 4194; x_wconf 91' lang='lat' dir='ltr'><strong>ea</strong></span> <span class='ocrx_word' id='word_1_732' title='bbox 2105 4145 2184 4214; x_wconf 89' lang='lat' dir='ltr'><strong>quae</strong></span> <span class='ocrx_word' id='word_1_733' title='bbox 2209 4147 2271 4196; x_wconf 92' lang='lat' dir='ltr'><strong>non</strong></span> <span class='ocrx_word' id='word_1_734' title='bbox 2288 4133 2377 4206; x_wconf 89' lang='lat' dir='ltr'><strong>sunt,</strong></span> <span class='ocrx_word' id='word_1_735' title='bbox 2403 4131 2438 4193; x_wconf 91' lang='lat' dir='ltr'><strong>ut</strong></span> 
     </span>
     <span class='ocr_line' id='line_1_96' title="bbox 1484 4233 2437 4318; baseline 0 -20"><span class='ocrx_word' id='word_1_736' title='bbox 1484 4249 1519 4298; x_wconf 91' lang='lat' dir='ltr'><strong>ea</strong></span> <span class='ocrx_word' id='word_1_737' title='bbox 1544 4249 1623 4316; x_wconf 90' lang='lat' dir='ltr'><strong>quae</strong></span> <span class='ocrx_word' id='word_1_738' title='bbox 1646 4241 1737 4312; x_wconf 91' lang='lat' dir='ltr'><strong>sunt,</strong></span> <span class='ocrx_word' id='word_1_739' title='bbox 1760 4233 1956 4312; x_wconf 90' lang='lat' dir='ltr'><strong>destrueret,</strong></span> <span class='ocrx_word' id='word_1_740' title='bbox 1987 4239 2024 4298; x_wconf 92' lang='lat' dir='ltr'><strong>ut</strong></span> <span class='ocrx_word' id='word_1_741' title='bbox 2047 4253 2109 4298; x_wconf 93' lang='lat' dir='ltr'><strong>non</strong></span> <span class='ocrx_word' id='word_1_742' title='bbox 2132 4235 2286 4318; x_wconf 82' lang='lat' dir='ltr'><strong>glorietur</strong></span> <span class='ocrx_word' id='word_1_743' title='bbox 2308 4233 2341 4298; x_wconf 94' lang='lat' dir='ltr'><strong>in</strong></span> <span class='ocrx_word' id='word_1_744' title='bbox 2364 4251 2437 4298; x_wconf 89' lang='lat' dir='ltr'><strong>eon·</strong></span> 
     </span>
     <span class='ocr_line' id='line_1_97' title="bbox 1484 4329 1948 4422; baseline -0.004 -18"><span class='ocrx_word' id='word_1_745' title='bbox 1484 4343 1592 4422; x_wconf 90' lang='lat' dir='ltr'><strong>spectu</strong></span> <span class='ocrx_word' id='word_1_746' title='bbox 1616 4337 1683 4406; x_wconf 90' lang='lat' dir='ltr'><strong>eius</strong></span> <span class='ocrx_word' id='word_1_747' title='bbox 1706 4337 1807 4404; x_wconf 93' lang='lat' dir='ltr'><strong>omnis</strong></span> <span class='ocrx_word' id='word_1_748' title='bbox 1830 4355 1904 4404; x_wconf 89' lang='lat' dir='ltr'><strong>caro</strong></span> <span class='ocrx_word' id='word_1_749' title='bbox 1920 4329 1948 4402; x_wconf 70' lang='lat' dir='ltr'><strong>i.</strong></span> 
     </span>
    </p>

    <p class='ocr_par' dir='ltr' id='par_1_15' title="bbox 1486 4441 2560 5056">
     <span class='ocr_line' id='line_1_98' title="bbox 1571 4441 2560 4532; baseline -0.002 -24"><span class='ocrx_word' id='word_1_750' title='bbox 1571 4443 1625 4508; x_wconf 81' lang='lat' dir='ltr'><strong>bu.</strong></span> <span class='ocrx_word' id='word_1_751' title='bbox 1651 4443 1714 4508; x_wconf 78' lang='lat' dir='ltr'><strong>llio</strong></span> <span class='ocrx_word' id='word_1_752' title='bbox 1738 4443 1829 4508; x_wconf 89' lang='lat' dir='ltr'><strong>mode</strong></span> <span class='ocrx_word' id='word_1_753' title='bbox 1853 4443 1986 4526; x_wconf 78' lang='lat' dir='ltr'><strong>legitur,</strong></span> <span class='ocrx_word' id='word_1_754' title='bbox 2001 4449 2040 4508; x_wconf 93' lang='lat' dir='ltr'><strong>ut</strong></span> <span class='ocrx_word' id='word_1_755' title='bbox 2054 4449 2166 4508; x_wconf 87' lang='lat' dir='ltr'><strong>sonent</strong></span> <span class='ocrx_word' id='word_1_756' title='bbox 2179 4441 2213 4508; x_wconf 92' lang='lat' dir='ltr'><strong>in</strong></span> <span class='ocrx_word' id='word_1_757' title='bbox 2228 4441 2370 4532; x_wconf 76' lang='lat' dir='ltr'><strong>clessam</strong></span> <span class='ocrx_word' id='word_1_758' title='bbox 2390 4441 2437 4510; x_wconf 88' lang='lat' dir='ltr'><strong>ni·</strong></span> <span class='ocrx_word' id='word_1_759' title='bbox 2454 4463 2560 4508; x_wconf 68' lang='lat' dir='ltr'><strong>secunus.</strong></span> 
     </span>
     <span class='ocr_line' id='line_1_99' title="bbox 1486 4547 2438 4634; baseline 0 -20"><span class='ocrx_word' id='word_1_760' title='bbox 1486 4549 1602 4628; x_wconf 87' lang='lat' dir='ltr'><strong>tiosos,</strong></span> <span class='ocrx_word' id='word_1_761' title='bbox 1626 4555 1663 4614; x_wconf 96' lang='lat' dir='ltr'><strong>ut</strong></span> <span class='ocrx_word' id='word_1_762' title='bbox 1685 4547 1747 4614; x_wconf 91' lang='lat' dir='ltr'><strong>siut</strong></span> <span class='ocrx_word' id='word_1_763' title='bbox 1766 4567 1934 4634; x_wconf 86' lang='lat' dir='ltr'><strong>pauperes</strong></span> <span class='ocrx_word' id='word_1_764' title='bbox 1956 4555 2087 4632; x_wconf 89' lang='lat' dir='ltr'><strong>prepter</strong></span> <span class='ocrx_word' id='word_1_765' title='bbox 2110 4547 2262 4616; x_wconf 89' lang='lat' dir='ltr'><strong>delectum</strong></span> <span class='ocrx_word' id='word_1_766' title='bbox 2284 4549 2438 4634; x_wconf 64' lang='lat' dir='ltr'><strong>prutina·</strong></span> 
     </span>
     <span class='ocr_line' id='line_1_100' title="bbox 1486 4653 2439 4738; baseline 0 -20"><span class='ocrx_word' id='word_1_767' title='bbox 1486 4653 1619 4732; x_wconf 87' lang='lat' dir='ltr'><strong>debiles,</strong></span> <span class='ocrx_word' id='word_1_768' title='bbox 1652 4661 1782 4738; x_wconf 88' lang='lat' dir='ltr'><strong>propter</strong></span> <span class='ocrx_word' id='word_1_769' title='bbox 1805 4653 1960 4718; x_wconf 90' lang='lat' dir='ltr'><strong>delectum</strong></span> <span class='ocrx_word' id='word_1_770' title='bbox 1991 4653 2148 4730; x_wconf 86' lang='lat' dir='ltr'><strong>uirtutis,·</strong></span> <span class='ocrx_word' id='word_1_771' title='bbox 2178 4653 2286 4732; x_wconf 91' lang='lat' dir='ltr'><strong>caeci,</strong></span> <span class='ocrx_word' id='word_1_772' title='bbox 2309 4659 2439 4736; x_wconf 88' lang='lat' dir='ltr'><strong>propter</strong></span> 
     </span>
     <span class='ocr_line' id='line_1_101' title="bbox 1486 4757 2439 4844; baseline 0 -18"><span class='ocrx_word' id='word_1_773' title='bbox 1486 4757 1638 4826; x_wconf 87' lang='lat' dir='ltr'><strong>delectum</strong></span> <span class='ocrx_word' id='word_1_774' title='bbox 1666 4757 1887 4844; x_wconf 70' lang='lat' dir='ltr'><strong>praeuncta·</strong></span> <span class='ocrx_word' id='word_1_775' title='bbox 1911 4763 1941 4826; x_wconf 90' lang='lat' dir='ltr'><strong>et</strong></span> <span class='ocrx_word' id='word_1_776' title='bbox 1965 4757 2098 4838; x_wconf 84' lang='lat' dir='ltr'><strong>claudi,</strong></span> <span class='ocrx_word' id='word_1_777' title='bbox 2121 4765 2251 4844; x_wconf 91' lang='lat' dir='ltr'><strong>propter</strong></span> <span class='ocrx_word' id='word_1_778' title='bbox 2285 4759 2439 4826; x_wconf 90' lang='lat' dir='ltr'><strong>defectum</strong></span> 
     </span>
     <span class='ocr_line' id='line_1_102' title="bbox 1487 4865 2439 4952; baseline 0.002 -22"><span class='ocrx_word' id='word_1_779' title='bbox 1487 4865 1587 4932; x_wconf 88' lang='lat' dir='ltr'><strong>honae</strong></span> <span class='ocrx_word' id='word_1_780' title='bbox 1610 4865 1800 4932; x_wconf 85' lang='lat' dir='ltr'><strong>uoluntatis.</strong></span> <span class='ocrx_word' id='word_1_781' title='bbox 1826 4865 1863 4932; x_wconf 84' lang='lat' dir='ltr'><strong>Et</strong></span> <span class='ocrx_word' id='word_1_782' title='bbox 1885 4871 1989 4934; x_wconf 90' lang='lat' dir='ltr'><strong>tamen</strong></span> <span class='ocrx_word' id='word_1_783' title='bbox 2013 4865 2070 4932; x_wconf 91' lang='lat' dir='ltr'><strong>hes</strong></span> <span class='ocrx_word' id='word_1_784' title='bbox 2087 4865 2172 4952; x_wconf 75' lang='lat' dir='ltr'><strong>eligit</strong></span> <span class='ocrx_word' id='word_1_785' title='bbox 2187 4873 2220 4934; x_wconf 91' lang='lat' dir='ltr'><strong>et</strong></span> <span class='ocrx_word' id='word_1_786' title='bbox 2234 4871 2323 4934; x_wconf 90' lang='lat' dir='ltr'><strong>vocat</strong></span> <span class='ocrx_word' id='word_1_787' title='bbox 2339 4867 2439 4944; x_wconf 88' lang='lat' dir='ltr'><strong>Deus,</strong></span> 
     </span>
     <span class='ocr_line' id='line_1_103' title="bbox 1489 4969 2440 5056; baseline 0.002 -20"><span class='ocrx_word' id='word_1_788' title='bbox 1489 4971 1579 5056; x_wconf 87' lang='lat' dir='ltr'><strong>quia,</strong></span> <span class='ocrx_word' id='word_1_789' title='bbox 1598 4972 1742 5040; x_wconf 91' lang='lat' dir='ltr'><strong>hlatthaei</strong></span> <span class='ocrx_word' id='word_1_790' title='bbox 1757 4991 1842 5038; x_wconf 92' lang='lat' dir='ltr'><strong>nono</strong></span> <span class='ocrx_word' id='word_1_791' title='bbox 1856 4969 1899 5052; x_wconf 62' lang='lat'><strong>12,</strong></span> <span class='ocrx_word' id='word_1_792' title='bbox 1923 4997 1938 5030; x_wconf 72' lang='grc' dir='ltr'><strong>(ι</strong></span> <span class='ocrx_word' id='word_1_793' title='bbox 1952 4991 2014 5038; x_wconf 92' lang='lat' dir='ltr'><strong>non</strong></span> <span class='ocrx_word' id='word_1_794' title='bbox 2034 4971 2102 5038; x_wconf 85' lang='lat' dir='ltr'><strong>iuni</strong></span> <span class='ocrx_word' id='word_1_795' title='bbox 2119 4991 2232 5040; x_wconf 88' lang='lat' dir='ltr'><strong>vocare</strong></span> <span class='ocrx_word' id='word_1_796' title='bbox 2246 4973 2363 5052; x_wconf 89' lang='lat' dir='ltr'><strong>iustos,</strong></span> <span class='ocrx_word' id='word_1_797' title='bbox 2387 4969 2440 5038; x_wconf 87' lang='lat' dir='ltr'><strong>sed</strong></span> 
     </span>
    </p>
   </div>
   <div class='ocr_carea' id='block_1_12' title="bbox 1488 5265 2534 6930">
    <p class='ocr_par' dir='ltr' id='par_1_16' title="bbox 1488 5265 2441 5422">
     <span class='ocr_line' id='line_1_104' title="bbox 1488 5265 2441 5334; baseline -0.006 -12"><span class='ocrx_word' id='word_1_798' title='bbox 1488 5269 1581 5322; x_wconf 87' lang='lat' dir='ltr'><strong>Hamil.</strong></span> <span class='ocrx_word' id='word_1_799' title='bbox 1597 5269 1622 5320; x_wconf 90' lang='lat' dir='ltr'><strong>in</strong></span> <span class='ocrx_word' id='word_1_800' title='bbox 1633 5269 1734 5334; x_wconf 78' lang='lat' dir='ltr'><strong>Eveng.</strong></span> <span class='ocrx_word' id='word_1_801' title='bbox 1746 5267 1834 5320; x_wconf 89' lang='lat' dir='ltr'><strong>homil.</strong></span> <span class='ocrx_word' id='word_1_802' title='bbox 1850 5267 1890 5320; x_wconf 85' lang='grc'><strong>36.</strong></span> <span class='ocrx_word' id='word_1_803' title='bbox 1912 5283 1935 5320; x_wconf 89' lang='lat' dir='ltr'><strong>n.</strong></span> <span class='ocrx_word' id='word_1_804' title='bbox 1955 5269 1986 5320; x_wconf 86' lang='lat'><strong>6:</strong></span> <span class='ocrx_word' id='word_1_805' title='bbox 2003 5267 2069 5334; x_wconf 84' lang='lat' dir='ltr'><strong>Quia</strong></span> <span class='ocrx_word' id='word_1_806' title='bbox 2090 5281 2153 5332; x_wconf 81' lang='lat' dir='ltr'><strong>ergo</strong></span> <span class='ocrx_word' id='word_1_807' title='bbox 2172 5269 2261 5320; x_wconf 87' lang='lat' dir='ltr'><strong>venire</strong></span> <span class='ocrx_word' id='word_1_808' title='bbox 2279 5265 2385 5330; x_wconf 87' lang='lat' dir='ltr'><strong>superbi</strong></span> <span class='ocrx_word' id='word_1_809' title='bbox 2405 5279 2441 5318; x_wconf 91' lang='lat' dir='ltr'><strong>re·</strong></span> 
     </span>
     <span class='ocr_line' id='line_1_105' title="bbox 1488 5339 2230 5422; baseline -0.004 -14"><span class='ocrx_word' id='word_1_810' title='bbox 1488 5363 1584 5420; x_wconf 81' lang='lat' dir='ltr'><strong>aurunt,</strong></span> <span class='ocrx_word' id='word_1_811' title='bbox 1606 5369 1737 5422; x_wconf 87' lang='lat' dir='ltr'><strong>pauperes</strong></span> <span class='ocrx_word' id='word_1_812' title='bbox 1753 5357 1894 5422; x_wconf 81' lang='lat' dir='ltr'><strong>eliguntur.</strong></span> <span class='ocrx_word' id='word_1_813' title='bbox 2226 5339 2230 5348; x_wconf 52' lang='lat'>¹</span> 
     </span>
    </p>

    <p class='ocr_par' dir='ltr' id='par_1_17' title="bbox 1559 5435 2213 5514">
     <span class='ocr_line' id='line_1_106' title="bbox 1559 5435 2213 5514; baseline 0 -16"><span class='ocrx_word' id='word_1_814' title='bbox 1559 5441 1580 5474; x_wconf 80' lang='lat'><strong>²⁰</strong></span> <span class='ocrx_word' id='word_1_815' title='bbox 1600 5443 1665 5498; x_wconf 88' lang='lat' dir='ltr'><strong>Ced.</strong></span> <span class='ocrx_word' id='word_1_816' title='bbox 1683 5447 1704 5498; x_wconf 89' lang='lat' dir='ltr'>D</span> <span class='ocrx_word' id='word_1_817' title='bbox 1724 5459 1793 5514; x_wconf 78' lang='lat' dir='ltr'><strong>quine</strong></span> <span class='ocrx_word' id='word_1_818' title='bbox 1809 5443 1958 5500; x_wconf 85' lang='lat' dir='ltr'><strong>secttndarn</strong></span> <span class='ocrx_word' id='word_1_819' title='bbox 1979 5443 2089 5500; x_wconf 85' lang='lat' dir='ltr'><strong>Glossus</strong></span> <span class='ocrx_word' id='word_1_820' title='bbox 2108 5435 2213 5498; x_wconf 78' lang='lat' dir='ltr'><strong>leobini.</strong></span> 
     </span>
    </p>

    <p class='ocr_par' dir='ltr' id='par_1_18' title="bbox 1488 5529 2442 5868">
     <span class='ocr_line' id='line_1_107' title="bbox 1559 5529 2442 5604; baseline -0.005 -18"><span class='ocrx_word' id='word_1_821' title='bbox 1559 5531 1579 5564; x_wconf 84' lang='lat'><strong>²¹</strong></span> <span class='ocrx_word' id='word_1_822' title='bbox 1602 5535 1677 5588; x_wconf 78' lang='lat' dir='ltr'><strong>vers,</strong></span> <span class='ocrx_word' id='word_1_823' title='bbox 1693 5535 1790 5600; x_wconf 72' lang='lat' dir='ltr'><strong>iti-29,</strong></span> <span class='ocrx_word' id='word_1_824' title='bbox 1809 5533 1855 5586; x_wconf 91' lang='lat' dir='ltr'><strong>ubi</strong></span> <span class='ocrx_word' id='word_1_825' title='bbox 1867 5549 1917 5600; x_wconf 89' lang='lat' dir='ltr'><strong>pro</strong></span> <span class='ocrx_word' id='word_1_826' title='bbox 1929 5533 2055 5604; x_wconf 81' lang='lat' dir='ltr'><strong>Respieite</strong></span> <span class='ocrx_word' id='word_1_827' title='bbox 2073 5537 2132 5588; x_wconf 84' lang='lat' dir='ltr'><strong>Vnt.</strong></span> <span class='ocrx_word' id='word_1_828' title='bbox 2145 5549 2205 5588; x_wconf 81' lang='lat' dir='ltr'><strong>cunr</strong></span> <span class='ocrx_word' id='word_1_829' title='bbox 2220 5533 2330 5598; x_wconf 69' lang='lat' dir='ltr'><strong>irrigata</strong></span> <span class='ocrx_word' id='word_1_830' title='bbox 2349 5529 2442 5586; x_wconf 86' lang='lat' dir='ltr'><strong>Videt.</strong></span> 
     </span>
     <span class='ocr_line' id='line_1_108' title="bbox 1488 5615 2441 5690; baseline -0.004 -14"><span class='ocrx_word' id='word_1_831' title='bbox 1488 5651 1522 5662; x_wconf 99' lang='lat'>-</span> <span class='ocrx_word' id='word_1_832' title='bbox 1541 5625 1631 5676; x_wconf 87' lang='lat' dir='ltr'><strong>Glossu</strong></span> <span class='ocrx_word' id='word_1_833' title='bbox 1650 5621 1794 5682; x_wconf 77' lang='lat' dir='ltr'><strong>ordinaria</strong></span> <span class='ocrx_word' id='word_1_834' title='bbox 1813 5623 1854 5690; x_wconf 84' lang='lat' dir='ltr'><strong>(ex</strong></span> <span class='ocrx_word' id='word_1_835' title='bbox 1872 5615 2007 5686; x_wconf 85' lang='lat' dir='ltr'><strong>Ambros,</strong></span> <span class='ocrx_word' id='word_1_836' title='bbox 2022 5623 2073 5676; x_wconf 90' lang='lat' dir='ltr'><strong>vu.</strong></span> <span class='ocrx_word' id='word_1_837' title='bbox 2095 5625 2121 5676; x_wconf 91' lang='lat' dir='ltr'><strong>in</strong></span> <span class='ocrx_word' id='word_1_838' title='bbox 2137 5625 2199 5676; x_wconf 91' lang='lat' dir='ltr'><strong>Luc.</strong></span> <span class='ocrx_word' id='word_1_839' title='bbox 2220 5637 2243 5674; x_wconf 93' lang='lat' dir='ltr'><strong>e.</strong></span> <span class='ocrx_word' id='word_1_840' title='bbox 2262 5621 2304 5674; x_wconf 83' lang='lat' dir='ltr'><strong>ll.</strong></span> <span class='ocrx_word' id='word_1_841' title='bbox 2321 5635 2349 5672; x_wconf 90' lang='lat' dir='ltr'><strong>n.</strong></span> <span class='ocrx_word' id='word_1_842' title='bbox 2368 5619 2441 5686; x_wconf 73' lang='lat'><strong>202.)</strong></span> 
     </span>
     <span class='ocr_line' id='line_1_109' title="bbox 1488 5709 2442 5780; baseline -0.001 -18"><span class='ocrx_word' id='word_1_843' title='bbox 1488 5713 1560 5774; x_wconf 90' lang='lat' dir='ltr'><strong>apud</strong></span> <span class='ocrx_word' id='word_1_844' title='bbox 1577 5713 1725 5778; x_wconf 83' lang='lat' dir='ltr'><strong>Lyranum:</strong></span> <span class='ocrx_word' id='word_1_845' title='bbox 1744 5713 1835 5764; x_wconf 84' lang='lat' dir='ltr'><strong>inritat</strong></span> <span class='ocrx_word' id='word_1_846' title='bbox 1854 5725 1984 5778; x_wconf 88' lang='lat' dir='ltr'><strong>pauperes</strong></span> <span class='ocrx_word' id='word_1_847' title='bbox 2001 5725 2033 5762; x_wconf 87' lang='lat' dir='ltr'><strong>ac</strong></span> <span class='ocrx_word' id='word_1_848' title='bbox 2051 5711 2164 5780; x_wconf 87' lang='lat' dir='ltr'><strong>debiles,</strong></span> <span class='ocrx_word' id='word_1_849' title='bbox 2180 5723 2271 5764; x_wconf 88' lang='lat' dir='ltr'><strong>coecos</strong></span> <span class='ocrx_word' id='word_1_850' title='bbox 2285 5715 2309 5762; x_wconf 92' lang='lat' dir='ltr'><strong>et</strong></span> <span class='ocrx_word' id='word_1_851' title='bbox 2321 5709 2442 5774; x_wconf 79' lang='lat' dir='ltr'><strong>clocides,</strong></span> 
     </span>
     <span class='ocr_line' id='line_1_110' title="bbox 1488 5799 2440 5868; baseline -0.004 -16"><span class='ocrx_word' id='word_1_852' title='bbox 1488 5799 1639 5864; x_wconf 84' lang='lat' dir='ltr'><strong>ostendens,</strong></span> <span class='ocrx_word' id='word_1_853' title='bbox 1652 5801 1727 5868; x_wconf 91' lang='lat' dir='ltr'><strong>qnod</strong></span> <span class='ocrx_word' id='word_1_854' title='bbox 1739 5799 1859 5854; x_wconf 87' lang='lat' dir='ltr'><strong>debilitas</strong></span> <span class='ocrx_word' id='word_1_855' title='bbox 1877 5799 1999 5868; x_wconf 86' lang='lat' dir='ltr'><strong>corporis</strong></span> <span class='ocrx_word' id='word_1_856' title='bbox 2016 5799 2116 5852; x_wconf 91' lang='lat' dir='ltr'><strong>nullum</strong></span> <span class='ocrx_word' id='word_1_857' title='bbox 2135 5801 2247 5854; x_wconf 85' lang='lat' dir='ltr'><strong>excludit</strong></span> <span class='ocrx_word' id='word_1_858' title='bbox 2264 5813 2280 5850; x_wconf 86' lang='lat' dir='ltr'><strong>a</strong></span> <span class='ocrx_word' id='word_1_859' title='bbox 2298 5811 2379 5864; x_wconf 84' lang='lat' dir='ltr'><strong>regno</strong></span> <span class='ocrx_word' id='word_1_860' title='bbox 2392 5803 2440 5850; x_wconf 90' lang='lat' dir='ltr'><strong>etc.</strong></span> 
     </span>
    </p>

    <p class='ocr_par' dir='ltr' id='par_1_19' title="bbox 1489 5885 2534 6930">
     <span class='ocr_line' id='line_1_111' title="bbox 1559 5885 2443 5954; baseline -0.005 -12"><span class='ocrx_word' id='word_1_861' title='bbox 1559 5885 1579 5918; x_wconf 78' lang='lat'><strong>¹²</strong></span> <span class='ocrx_word' id='word_1_862' title='bbox 1600 5891 1676 5942; x_wconf 88' lang='lat' dir='ltr'><strong>Vers.</strong></span> <span class='ocrx_word' id='word_1_863' title='bbox 1693 5889 1742 5954; x_wconf 84' lang='lat' dir='ltr'><strong>ta,</strong></span> <span class='ocrx_word' id='word_1_864' title='bbox 1759 5889 1803 5942; x_wconf 87' lang='lat' dir='ltr'><strong>cui</strong></span> <span class='ocrx_word' id='word_1_865' title='bbox 1820 5887 1989 5954; x_wconf 78' lang='lat' dir='ltr'><strong>subiungitur</strong></span> <span class='ocrx_word' id='word_1_866' title='bbox 2006 5889 2050 5954; x_wconf 70' lang='lat' dir='ltr'><strong>il,</strong></span> <span class='ocrx_word' id='word_1_867' title='bbox 2068 5889 2112 5954; x_wconf 87' lang='lat' dir='ltr'><strong>3l,</strong></span> <span class='ocrx_word' id='word_1_868' title='bbox 2129 5887 2156 5940; x_wconf 91' lang='lat' dir='ltr'><strong>in</strong></span> <span class='ocrx_word' id='word_1_869' title='bbox 2174 5889 2249 5940; x_wconf 81' lang='lat' dir='ltr'><strong>civius</strong></span> <span class='ocrx_word' id='word_1_870' title='bbox 2267 5887 2319 5938; x_wconf 85' lang='lat' dir='ltr'><strong>fine</strong></span> <span class='ocrx_word' id='word_1_871' title='bbox 2337 5899 2385 5950; x_wconf 93' lang='lat' dir='ltr'><strong>pro</strong></span> <span class='ocrx_word' id='word_1_872' title='bbox 2405 5899 2443 5938; x_wconf 88' lang='lat' dir='ltr'><strong>re·</strong></span> 
     </span>
     <span class='ocr_line' id='line_1_112' title="bbox 1489 5973 2442 6044; baseline -0.006 -14"><span class='ocrx_word' id='word_1_873' title='bbox 1489 5991 1573 6044; x_wconf 85' lang='lat' dir='ltr'><strong>quarn</strong></span> <span class='ocrx_word' id='word_1_874' title='bbox 1592 5975 1641 6030; x_wconf 88' lang='lat' dir='ltr'><strong>Dei</strong></span> <span class='ocrx_word' id='word_1_875' title='bbox 1658 5975 1767 6030; x_wconf 80' lang='lat' dir='ltr'>ACDF</span> <span class='ocrx_word' id='word_1_876' title='bbox 1792 5989 1908 6044; x_wconf 74' lang='lat' dir='ltr'><strong>repauso</strong></span> <span class='ocrx_word' id='word_1_877' title='bbox 1933 5975 2078 6030; x_wconf 85' lang='lat' dir='ltr'><strong>coelorum.</strong></span> <span class='ocrx_word' id='word_1_878' title='bbox 2098 6005 2132 6014; x_wconf 99' lang='lat'>-</span> <span class='ocrx_word' id='word_1_879' title='bbox 2150 5977 2274 6040; x_wconf 72' lang='lat' dir='ltr'><strong>aragon,</strong></span> <span class='ocrx_word' id='word_1_880' title='bbox 2299 5975 2325 6026; x_wconf 87' lang='lat' dir='ltr'><strong>u.</strong></span> <span class='ocrx_word' id='word_1_881' title='bbox 2351 5973 2442 6026; x_wconf 86' lang='lat' dir='ltr'><strong>llomil.</strong></span> 
     </span>
     <span class='ocr_line' id='line_1_113' title="bbox 1490 6059 2444 6130; baseline -0.005 -15"><span class='ocrx_word' id='word_1_882' title='bbox 1490 6065 1515 6116; x_wconf 89' lang='lat' dir='ltr'><strong>in</strong></span> <span class='ocrx_word' id='word_1_883' title='bbox 1534 6065 1634 6128; x_wconf 74' lang='lat' dir='ltr'><strong>Eveng.</strong></span> <span class='ocrx_word' id='word_1_884' title='bbox 1653 6065 1744 6118; x_wconf 81' lang='lat' dir='ltr'><strong>liomil.</strong></span> <span class='ocrx_word' id='word_1_885' title='bbox 1761 6065 1806 6116; x_wconf 84' lang='grc'><strong>36.</strong></span> <span class='ocrx_word' id='word_1_886' title='bbox 1823 6077 1851 6116; x_wconf 90' lang='lat' dir='ltr'><strong>n.</strong></span> <span class='ocrx_word' id='word_1_887' title='bbox 1871 6065 1896 6116; x_wconf 88' lang='grc'><strong>6.</strong></span> <span class='ocrx_word' id='word_1_888' title='bbox 1918 6065 1956 6130; x_wconf 82' lang='lat' dir='ltr'><strong>(ex</strong></span> <span class='ocrx_word' id='word_1_889' title='bbox 1976 6077 2029 6128; x_wconf 92' lang='lat' dir='ltr'><strong>quo</strong></span> <span class='ocrx_word' id='word_1_890' title='bbox 2049 6069 2087 6114; x_wconf 88' lang='lat' dir='ltr'><strong>est</strong></span> <span class='ocrx_word' id='word_1_891' title='bbox 2110 6065 2198 6116; x_wconf 86' lang='lat' dir='ltr'><strong>Glossa</strong></span> <span class='ocrx_word' id='word_1_892' title='bbox 2218 6059 2398 6116; x_wconf 77' lang='lat' dir='ltr'><strong>interlinearis</strong></span> <span class='ocrx_word' id='word_1_893' title='bbox 2417 6061 2444 6110; x_wconf 85' lang='lat' dir='ltr'><strong>in</strong></span> 
     </span>
     <span class='ocr_line' id='line_1_114' title="bbox 1490 6149 2443 6220; baseline -0.004 -16"><span class='ocrx_word' id='word_1_894' title='bbox 1490 6155 1551 6204; x_wconf 87' lang='lat' dir='ltr'><strong>Luc.</strong></span> <span class='ocrx_word' id='word_1_895' title='bbox 1571 6151 1620 6218; x_wconf 79' lang='lat' dir='ltr'><strong>tl,</strong></span> <span class='ocrx_word' id='word_1_896' title='bbox 1637 6151 1706 6220; x_wconf 68' lang='lat' dir='ltr'><strong>ati:</strong></span> <span class='ocrx_word' id='word_1_897' title='bbox 1728 6153 1863 6220; x_wconf 85' lang='lat' dir='ltr'><strong>Pauperes</strong></span> <span class='ocrx_word' id='word_1_898' title='bbox 1889 6155 1917 6204; x_wconf 86' lang='lat' dir='ltr'><strong>et</strong></span> <span class='ocrx_word' id='word_1_899' title='bbox 1937 6149 2035 6206; x_wconf 85' lang='lat' dir='ltr'><strong>debiles</strong></span> <span class='ocrx_word' id='word_1_900' title='bbox 2060 6151 2181 6204; x_wconf 74' lang='lat' dir='ltr'><strong>diceretur</strong></span> <span class='ocrx_word' id='word_1_901' title='bbox 2205 6149 2252 6218; x_wconf 89' lang='lat' dir='ltr'><strong>qui</strong></span> <span class='ocrx_word' id='word_1_902' title='bbox 2277 6149 2371 6202; x_wconf 88' lang='lat' dir='ltr'><strong>iudicio</strong></span> <span class='ocrx_word' id='word_1_903' title='bbox 2396 6161 2443 6202; x_wconf 93' lang='lat' dir='ltr'><strong>suo</strong></span> 
     </span>
     <span class='ocr_line' id='line_1_115' title="bbox 1490 6235 2444 6306; baseline 0 -16"><span class='ocrx_word' id='word_1_904' title='bbox 1490 6241 1561 6304; x_wconf 88' lang='lat' dir='ltr'><strong>opud</strong></span> <span class='ocrx_word' id='word_1_905' title='bbox 1588 6239 1745 6304; x_wconf 90' lang='lat' dir='ltr'><strong>semetipsos</strong></span> <span class='ocrx_word' id='word_1_906' title='bbox 1771 6239 1868 6290; x_wconf 86' lang='lat' dir='ltr'><strong>infirmi</strong></span> <span class='ocrx_word' id='word_1_907' title='bbox 1892 6245 1960 6290; x_wconf 85' lang='lat' dir='ltr'><strong>sum.</strong></span> <span class='ocrx_word' id='word_1_908' title='bbox 1986 6239 2050 6290; x_wconf 85' lang='lat' dir='ltr'><strong>Nam</strong></span> <span class='ocrx_word' id='word_1_909' title='bbox 2069 6251 2205 6306; x_wconf 75' lang='lat' dir='ltr'><strong>puerperas</strong></span> <span class='ocrx_word' id='word_1_910' title='bbox 2225 6241 2249 6292; x_wconf 90' lang='lat' dir='ltr'><strong>el</strong></span> <span class='ocrx_word' id='word_1_911' title='bbox 2267 6235 2348 6306; x_wconf 84' lang='lat' dir='ltr'><strong>qnasi</strong></span> <span class='ocrx_word' id='word_1_912' title='bbox 2362 6235 2444 6306; x_wconf 71' lang='lat' dir='ltr'><strong>sortes</strong></span> 
     </span>
     <span class='ocr_line' id='line_1_116' title="bbox 1490 6323 2445 6392; baseline -0.004 -14"><span class='ocrx_word' id='word_1_913' title='bbox 1490 6333 1550 6378; x_wconf 92' lang='lat' dir='ltr'><strong>sunt</strong></span> <span class='ocrx_word' id='word_1_914' title='bbox 1571 6327 1618 6392; x_wconf 88' lang='lat' dir='ltr'><strong>qui</strong></span> <span class='ocrx_word' id='word_1_915' title='bbox 1636 6331 1663 6378; x_wconf 91' lang='lat' dir='ltr'><strong>et</strong></span> <span class='ocrx_word' id='word_1_916' title='bbox 1682 6325 1757 6392; x_wconf 87' lang='lat' dir='ltr'><strong>positi</strong></span> <span class='ocrx_word' id='word_1_917' title='bbox 1777 6325 1805 6376; x_wconf 90' lang='lat' dir='ltr'><strong>in</strong></span> <span class='ocrx_word' id='word_1_918' title='bbox 1822 6329 1978 6390; x_wconf 85' lang='lat' dir='ltr'><strong>paupertate</strong></span> <span class='ocrx_word' id='word_1_919' title='bbox 2003 6323 2170 6390; x_wconf 87' lang='lat' dir='ltr'><strong>superbiunt.</strong></span> <span class='ocrx_word' id='word_1_920' title='bbox 2196 6323 2275 6378; x_wconf 82' lang='lat' dir='ltr'><strong>Caeci</strong></span> <span class='ocrx_word' id='word_1_921' title='bbox 2298 6337 2361 6376; x_wconf 75' lang='lat' dir='ltr'><strong>sero</strong></span> <span class='ocrx_word' id='word_1_922' title='bbox 2385 6329 2445 6376; x_wconf 89' lang='lat' dir='ltr'><strong>sunt</strong></span> 
     </span>
     <span class='ocr_line' id='line_1_117' title="bbox 1490 6413 2445 6482; baseline -0.004 -14"><span class='ocrx_word' id='word_1_923' title='bbox 1490 6415 1534 6482; x_wconf 93' lang='lat' dir='ltr'><strong>qui</strong></span> <span class='ocrx_word' id='word_1_924' title='bbox 1554 6413 1653 6466; x_wconf 83' lang='lat' dir='ltr'><strong>nnlhrm</strong></span> <span class='ocrx_word' id='word_1_925' title='bbox 1673 6413 1768 6480; x_wconf 81' lang='lat' dir='ltr'><strong>ingenii</strong></span> <span class='ocrx_word' id='word_1_926' title='bbox 1786 6415 1875 6466; x_wconf 92' lang='lat' dir='ltr'><strong>lumen</strong></span> <span class='ocrx_word' id='word_1_927' title='bbox 1893 6413 1999 6468; x_wconf 90' lang='lat' dir='ltr'><strong>babent.</strong></span> <span class='ocrx_word' id='word_1_928' title='bbox 2018 6413 2117 6468; x_wconf 81' lang='lat' dir='ltr'><strong>Claudi</strong></span> <span class='ocrx_word' id='word_1_929' title='bbox 2132 6429 2240 6482; x_wconf 83' lang='lat' dir='ltr'><strong>quoque</strong></span> <span class='ocrx_word' id='word_1_930' title='bbox 2257 6421 2316 6466; x_wconf 91' lang='lat' dir='ltr'><strong>sunt</strong></span> <span class='ocrx_word' id='word_1_931' title='bbox 2342 6413 2386 6482; x_wconf 88' lang='lat' dir='ltr'><strong>qui</strong></span> <span class='ocrx_word' id='word_1_932' title='bbox 2408 6427 2445 6466; x_wconf 92' lang='lat' dir='ltr'><strong>re-</strong></span> 
     </span>
     <span class='ocr_line' id='line_1_118' title="bbox 1490 6499 2445 6568; baseline -0.002 -12"><span class='ocrx_word' id='word_1_933' title='bbox 1490 6511 1545 6556; x_wconf 86' lang='lat' dir='ltr'><strong>ctos</strong></span> <span class='ocrx_word' id='word_1_934' title='bbox 1562 6515 1669 6566; x_wconf 76' lang='lat' dir='ltr'><strong>gressus</strong></span> <span class='ocrx_word' id='word_1_935' title='bbox 1686 6503 1713 6554; x_wconf 92' lang='lat' dir='ltr'><strong>in</strong></span> <span class='ocrx_word' id='word_1_936' title='bbox 1732 6503 1883 6568; x_wconf 88' lang='lat' dir='ltr'><strong>operatione</strong></span> <span class='ocrx_word' id='word_1_937' title='bbox 1901 6517 1952 6554; x_wconf 90' lang='lat' dir='ltr'><strong>uon</strong></span> <span class='ocrx_word' id='word_1_938' title='bbox 1973 6499 2076 6556; x_wconf 89' lang='lat' dir='ltr'><strong>habent.</strong></span> <span class='ocrx_word' id='word_1_939' title='bbox 2090 6503 2231 6566; x_wconf 65' lang='lat' dir='ltr'><strong>&#39;Saddunv</strong></span> <span class='ocrx_word' id='word_1_940' title='bbox 2253 6515 2359 6554; x_wconf 91' lang='lat' dir='ltr'><strong>morum</strong></span> <span class='ocrx_word' id='word_1_941' title='bbox 2382 6503 2445 6554; x_wconf 84' lang='lat' dir='ltr'><strong>vitia</strong></span> 
     </span>
     <span class='ocr_line' id='line_1_119' title="bbox 1491 6593 2445 6662; baseline 0 -18"><span class='ocrx_word' id='word_1_942' title='bbox 1491 6593 1514 6646; x_wconf 90' lang='lat' dir='ltr'><strong>in</strong></span> <span class='ocrx_word' id='word_1_943' title='bbox 1533 6593 1713 6648; x_wconf 90' lang='lat' dir='ltr'><strong>membrorum</strong></span> <span class='ocrx_word' id='word_1_944' title='bbox 1734 6593 1866 6646; x_wconf 89' lang='lat' dir='ltr'><strong>debilitate</strong></span> <span class='ocrx_word' id='word_1_945' title='bbox 1883 6593 2028 6660; x_wconf 81' lang='lat' dir='ltr'><strong>signantur,</strong></span> <span class='ocrx_word' id='word_1_946' title='bbox 2046 6597 2163 6658; x_wconf 88' lang='lat' dir='ltr'><strong>protecto</strong></span> <span class='ocrx_word' id='word_1_947' title='bbox 2180 6593 2274 6662; x_wconf 89' lang='lat' dir='ltr'><strong>liquet,</strong></span> <span class='ocrx_word' id='word_1_948' title='bbox 2294 6593 2367 6662; x_wconf 87' lang='lat' dir='ltr'><strong>qnia,</strong></span> <span class='ocrx_word' id='word_1_949' title='bbox 2379 6593 2445 6646; x_wconf 88' lang='lat' dir='ltr'><strong>sicut</strong></span> 
     </span>
     <span class='ocr_line' id='line_1_120' title="bbox 1490 6683 2446 6752; baseline 0 -18"><span class='ocrx_word' id='word_1_950' title='bbox 1490 6683 1523 6734; x_wconf 92' lang='lat' dir='ltr'><strong>illi</strong></span> <span class='ocrx_word' id='word_1_951' title='bbox 1544 6689 1693 6748; x_wconf 84' lang='lat' dir='ltr'><strong>peccatores</strong></span> <span class='ocrx_word' id='word_1_952' title='bbox 1711 6685 1827 6750; x_wconf 88' lang='lat' dir='ltr'><strong>luerunt,</strong></span> <span class='ocrx_word' id='word_1_953' title='bbox 1841 6683 1886 6752; x_wconf 92' lang='lat' dir='ltr'><strong>qui</strong></span> <span class='ocrx_word' id='word_1_954' title='bbox 1898 6683 1986 6736; x_wconf 82' lang='lat' dir='ltr'><strong>vocati</strong></span> <span class='ocrx_word' id='word_1_955' title='bbox 2004 6683 2095 6734; x_wconf 90' lang='lat' dir='ltr'><strong>venire</strong></span> <span class='ocrx_word' id='word_1_956' title='bbox 2114 6683 2263 6746; x_wconf 88' lang='lat' dir='ltr'><strong>noluerunt;</strong></span> <span class='ocrx_word' id='word_1_957' title='bbox 2285 6683 2316 6734; x_wconf 89' lang='lat' dir='ltr'><strong>ita</strong></span> <span class='ocrx_word' id='word_1_958' title='bbox 2336 6683 2363 6734; x_wconf 92' lang='lat' dir='ltr'><strong>hi</strong></span> <span class='ocrx_word' id='word_1_959' title='bbox 2380 6695 2446 6750; x_wconf 91' lang='lat' dir='ltr'><strong>que-</strong></span> 
     </span>
     <span class='ocr_line' id='line_1_121' title="bbox 1490 6773 2534 6840; baseline 0.001 -16"><span class='ocrx_word' id='word_1_960' title='bbox 1490 6785 1542 6840; x_wconf 90' lang='lat' dir='ltr'><strong>que</strong></span> <span class='ocrx_word' id='word_1_961' title='bbox 1561 6779 1710 6838; x_wconf 87' lang='lat' dir='ltr'><strong>peccntores</strong></span> <span class='ocrx_word' id='word_1_962' title='bbox 1730 6777 1803 6836; x_wconf 80' lang='lat' dir='ltr'><strong>seint,</strong></span> <span class='ocrx_word' id='word_1_963' title='bbox 1821 6773 1867 6840; x_wconf 92' lang='lat' dir='ltr'><strong>qui</strong></span> <span class='ocrx_word' id='word_1_964' title='bbox 1886 6773 2028 6826; x_wconf 84' lang='lat' dir='ltr'><strong>invitantur</strong></span> <span class='ocrx_word' id='word_1_965' title='bbox 2048 6777 2072 6824; x_wconf 92' lang='lat' dir='ltr'><strong>et</strong></span> <span class='ocrx_word' id='word_1_966' title='bbox 2089 6773 2205 6826; x_wconf 66' lang='lat' dir='ltr'><strong>rreoiuot.</strong></span> <span class='ocrx_word' id='word_1_967' title='bbox 2228 6773 2277 6826; x_wconf 89' lang='lat' dir='ltr'><strong>Sed</strong></span> <span class='ocrx_word' id='word_1_968' title='bbox 2297 6779 2446 6838; x_wconf 86' lang='lat' dir='ltr'><strong>peccatores</strong></span> <span class='ocrx_word' id='word_1_969' title='bbox 2532 6785 2534 6788; x_wconf 82' lang='lat'>·</span> 
     </span>
     <span class='ocr_line' id='line_1_122' title="bbox 1490 6861 2285 6930; baseline 0.001 -16"><span class='ocrx_word' id='word_1_970' title='bbox 1490 6861 1598 6928; x_wconf 89' lang='lat' dir='ltr'><strong>superbi</strong></span> <span class='ocrx_word' id='word_1_971' title='bbox 1615 6867 1783 6930; x_wconf 89' lang='lat' dir='ltr'><strong>respuuntur,</strong></span> <span class='ocrx_word' id='word_1_972' title='bbox 1803 6869 1830 6914; x_wconf 91' lang='lat' dir='ltr'><strong>nt</strong></span> <span class='ocrx_word' id='word_1_973' title='bbox 1849 6869 1999 6930; x_wconf 86' lang='lat' dir='ltr'><strong>peccatores</strong></span> <span class='ocrx_word' id='word_1_974' title='bbox 2018 6863 2129 6918; x_wconf 89' lang='lat' dir='ltr'><strong>humiles</strong></span> <span class='ocrx_word' id='word_1_975' title='bbox 2148 6863 2285 6928; x_wconf 76' lang='lat' dir='ltr'><strong>eliguntur.</strong></span> 
     </span>
    </p>
   </div>
   <div class='ocr_carea' id='block_1_13' title="bbox 0 0 2971 8260">
    <p class='ocr_par' dir='ltr' id='par_1_20' title="bbox 0 0 2971 8260">
     <span class='ocr_line' id='line_1_123' title="bbox 0 0 2971 8260; baseline 0 0"><span class='ocrx_word' id='word_1_976' title='bbox 0 0 2971 8260; x_wconf 95' lang='lat' dir='ltr'><strong> </strong></span> 
     </span>
    </p>
   </div>
  </div>
 </body>
</html>
