5908 8266
419 605 486 670 748
656 637 657 640 ¹
1285 595 1400 662 INDEX
1423 595 1551 662 RERUM

713 687 765 740 cat
949 711 950 714 π
2056 677 2118 734 444

420 773 565 840 amputatio
584 773 781 838 superfluorum
800 787 849 840 per
875 778 1059 840 paupertatem
1097 773 1173 826 cuius
1190 771 1298 824 brachia
1315 777 1378 824 sunt
1396 785 1458 838 spes
1475 777 1499 824 et
1513 783 1601 836 amor,
1618 771 1697 824 timor
1711 775 1736 824 et
1772 769 1920 834 scientiam,
1945 767 2061 822 debilitat
2089 767 2251 822 vulnerando
2274 773 2410 830 naturam,

421 863 464 914 vel
483 873 531 926 per
553 861 793 926 eleemosynasvel
811 875 861 926 per
880 859 1060 914 sollicitudinis
1097 859 1172 914 dolor
1189 857 1251 914 tolo.
1609 891 1610 894 =
1635 899 1638 902 -
1773 861 1934 926 depauperat
1946 857 2099 924 expellendo
2113 855 2224 922 gratiam
2237 857 2289 914 558
2303 873 2331 912 v.
2344 857 2403 912 461

422 945 595 1002 abiectionem
614 947 648 1002 114.
661 947 904 1004 71-Cnrtstianus
917 947 996 1004 debet
1007 963 1060 1000 cre
1151 975 1185 986 -
1204 947 1322 1014 Quattuor
1343 961 1439 1000 cornua
1466 947 1551 1000 crucis
1576 947 1735 1000 adornantur
1825 977 1860 986 -
1878 947 2039 1000 rounanttur
2057 959 2104 1012 per
2123 947 2410 1010 malamoccasionem,¹

353 1023 354 1026 '
422 1037 542 1088 scereiu
568 1025 837 1100 gratianopolis
863 1035 969 1100 liei,in
992 1037 1059 1100 vita,
1099 1035 1212 1098 gemmis
1229 1041 1344 1102 quatuor
1361 1037 1488 1088 virtutum
1507 1035 1552 1088 711
1571 1035 1622 1088 578
1650 1037 1682 1088 45
1700 1061 1736 1076 --
1773 1037 1866 1088 malam
1887 1035 2087 1088 delectationem
2113 1039 2141 1088 et
2166 1037 2265 1088 malurn
2282 1037 2409 1100 operatio·

422 1123 487 1176 alios
503 1121 689 1190 illuminando,
709 1129 735 1178 et
752 1125 955 1178 intemaveliu
975 1123 1060 1190 cogni·
1099 1109 1122 1172 lu
1155 1129 1240 1174 cruce
1267 1127 1306 1174 est
1337 1123 1530 1204 consummatio
1559 1123 1734 1190 discipulatus
1772 1135 1833 1174 uem
1851 1123 1885 1174 71
1904 1123 1956 1176 558
1974 1137 2000 1174 v.
2021 1121 2052 1174 46
2075 1125 2146 1176 3-
2162 1125 2226 1178 solet
2242 1127 2357 1178 contrairi
2378 1139 2409 1176 ex

423 1209 492 1264 tione
509 1211 642 1276 veritatis,
661 1211 687 1262 iu
706 1211 942 1278 amorebouitatis,
962 1213 1061 1276 inope
1098 1207 1191 1262 Christi
1211 1209 1261 1262 376
1289 1207 1322 1262 54
1341 1237 1374 1250 -.
1401 1205 1439 1262 est
1458 1225 1561 1264 summa
1591 1213 1735 1274 humilitas,
1773 1211 1932 1274 pinguedine
1952 1217 1976 1262 et
1994 1211 2172 1264 consolatione
2191 1209 2253 1266 ilict
2267 1213 2409 1266 -ltlalum

422 1299 524 1352 ratione
550 1299 655 1352 virtutis
681 1303 707 1352 et
737 1299 763 1352 in
791 1299 934 1354 constantia
957 1299 1061 1352 virtutis
1098 1301 1239 1362 paupertas
1268 1301 1294 1348 et
1320 1297 1458 1352 austeritas
1483 1295 1546 1352 ibid.
1569 1297 1735 1352 -Crucem
1773 1297 1865 1364 calpae
1884 1299 1979 1362 premit
1997 1299 2158 1352 voluntatem
2178 1301 2262 1352 6044

424 1385 477 1440 554
496 1387 555 1452 8,9
915 1403 918 1410 ·
1098 1385 1216 1438 baiulare
1233 1391 1273 1438 est
1299 1385 1472 1438 humilitatem
1491 1387 1518 1440 in
1537 1387 1629 1450 corde,
1654 1391 1735 1442 auste
1824 1413 1860 1426 -
1879 1387 2078 1452 Statusculpae
2096 1387 2196 1452 gradus
2213 1385 2316 1452 primus
2334 1389 2409 1442 estin

424 1507 425 1510 =
476 1475 584 1528 Gatntnn
603 1475 676 1526 -in
689 1475 835 1528 maioribus
848 1475 1013 1542 conspectius
1026 1475 1060 1528 vi·
1097 1473 1200 1526 ritatem
1220 1473 1244 1524 in
1273 1487 1352 1526 carne
1378 1481 1405 1526 et
1430 1481 1614 1540 paupertatem
1634 1475 1659 1528 iu
1679 1489 1735 1540 pas·
1773 1475 1887 1526 interiori
1904 1475 2052 1538 allectione,
2079 1475 2211 1530 secundus
2233 1475 2262 1530 ia
2288 1475 2409 1532 exteriori

419 1563 517 1616 dentur
536 1565 569 1616 74
589 1565 675 1636 5960
793 1589 812 1610 2
1029 1575 1031 1586 2
1098 1561 1171 1616 sione
1188 1575 1324 1614 assumere
1343 1561 1375 1616 14.
1397 1561 1602 1616 53-41444444
1619 1561 1736 1616 1444441444
1772 1561 1921 1628 operatione
1938 1569 1973 1616 'ot
1990 1565 2084 1616 tertius
2101 1565 2128 1616 in
2147 1565 2337 1620 consuetudine
2351 1565 2409 1618 sive

477 1651 634 1724 (1444444444
652 1679 687 1714 -,-
704 1665 802 1718 magna
820 1659 861 1706 est
877 1653 994 1718 affligere
1022 1665 1061 1704 aa·
1099 1649 1241 1716 opponitur
1259 1649 1355 1714 triplici
1371 1651 1601 1718 concupiscentiae
1617 1659 1645 1706 et
1662 1667 1735 1706 excu-
1773 1651 1947 1706 obstinatione
1970 1651 2015 1706 Vll
2040 1649 2091 1704 174
2116 1653 2159 1704 34.
2184 1653 2236 1706 415
2258 1655 2289 1706 96
2309 1681 2344 1694 -
2361 1655 2409 1706 Na·

424 1747 513 1806 gratos
534 1741 574 1796 711
596 1739 681 1792 4476
988 1737 991 1746 ’
1099 1739 1190 1792 sationi
1209 1735 1271 1790 ibid.
1747 1781 1748 1784 ,
1773 1755 1848 1794 sceau
1865 1739 1998 1794 nativitate
2018 1739 2109 1804 culpae
2123 1741 2148 1792 in
2160 1739 2306 1806 ignominia
2326 1743 2409 1796 nasci·

476 1829 563 1884 Cedat
577 1829 651 1882 -444
670 1829 713 1880 4114
731 1829 789 1884 1444
807 1829 931 1882 dicuutur
950 1829 999 1882 viri
1014 1833 1062 1884 lor·
1153 1851 1186 1866 -·
1205 1825 1314 1880 Dillicile
1340 1831 1377 1880 est
1403 1829 1470 1880 terre
1496 1841 1602 1880 crucem
1620 1829 1666 1882 Vll
1684 1829 1734 1882 448
1773 1835 1823 1894 tur,
1841 1831 1866 1884 in
1887 1829 2069 1884 maledictione
2087 1829 2164 1896 vivit,
2191 1831 2216 1882 iu
2241 1823 2411 1884 damnatione

422 1919 522 1972 tissimi
536 1919 567 1970 71
587 1919 619 1970 93
639 1933 666 1970 v.
685 1919 867 1984 3-portaul
884 1919 990 1984 pondus
1007 1933 1062 1972 cor·
1100 1917 1133 1970 37
1153 1943 1187 1954 ·-
1207 1915 1313 1970 terenda
1333 1923 1371 1970 est
1390 1915 1508 1982 quotidie
1526 1929 1574 1982 per
1587 1917 1735 1970 continuam
1773 1919 1884 1972 tuoritur
1902 1919 1934 1972 71
1955 1917 2000 1970 554
2025 1919 2039 1970 3

425 2009 497 2072 poris
515 2003 579 2060 told.
736 2017 738 2024 ’
1100 2005 1278 2058 austeritatem
1289 2005 1323 2058 ad
1337 2005 1502 2072 sentiendum
1517 2003 1649 2060 Christum
1661 2003 1733 2070 laid,
1826 2035 1861 2048 -·
1879 2005 2013 2072 originalis
2031 2005 2159 2070 figuratur
2186 2005 2213 2056 in
2231 2005 2346 2072 paralysi
2365 2007 2410 2060 711

478 2093 549 2150 Cuux
566 2093 1062 2160 *Lignumarcaesignificabatcro·
1100 2095 1132 2146 38
1147 2093 1289 2146 -Geutes
1305 2099 1411 2158 ponant
1427 2105 1548 2160 crucem,
1566 2105 1628 2146 eum
1659 2105 1737 2158 paga·
1775 2095 1824 2148 448
1844 2097 1878 2148 60
1896 2123 1932 2136 -
1950 2093 2057 2150 actualis
2076 2095 2205 2158 ugruatur
2223 2093 2250 2144 iu
2264 2095 2334 2158 lepra
2346 2093 2409 2146 44441.

423 2197 483 2238 cem
501 2185 536 2236 71
556 2181 607 2234 474
625 2197 652 2236 v.
673 2181 696 2234 4.
719 2183 770 2236 497
783 2199 809 2236 v.
829 2183 946 2238 7-est
959 2191 1062 2250 statera,
1100 2181 1736 2248 uisritibusrelictis,obedienteramplcctuntur
1772 2213 1806 2222 -
1833 2183 1929 2250 Culpae
1953 2183 2071 2250 expulsio
2094 2181 2257 2248 significatur
2283 2181 2412 2234 electione

424 2273 451 2326 in
471 2287 522 2342 qua
541 2271 659 2326 Christus
676 2273 801 2338 appendit
819 2287 849 2328 se
866 2273 956 2340 ipsum
976 2271 1062 2326 5675
1100 2271 1213 2338 vestigia
1229 2273 1378 2326 dominicae
1397 2273 1527 2338 passionis
1543 2271 1595 2324 574
1614 2271 1650 2324 30
1774 2273 1934 2326 daemonum
1964 2271 2016 2324 447
2041 2271 2077 2324 48
2102 2299 2140 2310 --
2161 2269 2291 2324 Remissio
2318 2271 2412 2336 culpae

423 2389 460 2404 -·
485 2369 524 2416 est
549 2367 628 2428 typus
656 2363 825 2416 monarchiae
851 2363 992 2432 singularis
1021 2363 1061 2416 711
1153 2367 1325 2426 —portatur
1350 2359 1384 2414 ab
1412 2343 1556 2428 hypocritis
1586 2375 1633 2426 pro
1660 2361 1737 2414 laude
1774 2363 1908 2428 originalis
1936 2363 2130 2426 praefiguratur
2148 2361 2172 2412 in
2193 2359 2343 2414 dimissione
2372 2371 2413 2410 ca-

425 2453 477 2506 103
496 2451 531 2504 59
550 2479 586 2488 -
603 2449 693 2506 Crucis
719 2453 854 2506 cacumina
872 2455 960 2506 caelos
977 2459 1064 2506 osten·-
1100 2453 1227 2518 humana,
1239 2465 1292 2504 non
1304 2451 1401 2504 timore
1417 2451 1465 2504 Dei
1481 2451 1525 2504 vel
1538 2449 1675 2504 dilectione
1693 2451 1735 2504 711
1773 2447 1899 2516 4444444444
1916 2451 2028 2504 liliorum
2054 2451 2132 2502 lsrael
2150 2451 2183 2500 98
2204 2449 2237 2500 39
2258 2477 2292 2488 -—
2311 2449 2412 2502 Remis·

425 2541 498 2606 dunt,
517 2541 570 2594 ima
584 2541 906 2606 petuutinleros,coruua
920 2547 1016 2596 terram
1030 2549 1063 2596 te·
1100 2539 1152 2592 574
1185 2539 1220 2592 30
1246 2567 1284 2578 -·-
1301 2537 1345 2590 ab
1377 2537 1499 2594 acidiosis
1526 2543 1646 2602 portatur
1675 2551 1736 2590 cum
1773 2537 1812 2592 sio
1829 2539 1920 2604 culpae
1939 2537 2075 2602 originalis
2087 2537 2111 2590 iu
2125 2537 2259 2592 sanatione
2276 2535 2410 2604 paralytici

426 2635 491 2694 gout
508 2627 569 2684 ibid.
660 2695 661 2698 Ἴ
1101 2639 1244 2690 murmure,
1263 2639 1350 2690 poena
1366 2631 1394 2678 ct
1409 2625 1533 2678 violentia
1549 2623 1611 2678 44444.
1631 2651 1666 2664 ·-·
1678 2639 1737 2688 por·
1774 2627 1902 2690 liguratur
1919 2627 1971 2678 448
1991 2627 2025 2678 64

450 2771 452 2776 ,
479 2745 514 2764 —-
533 2717 647 2770 Gentiles
665 2717 821 2770 occidebant
834 2723 919 2770 morte
931 2717 1017 2772 crucis
1030 2717 1062 2770 71
1100 2717 1177 2768 tanda
1202 2719 1249 2776 est,
1268 2715 1337 2768 sicut
1361 2713 1480 2764 Salvator
1508 2725 1584 2764 suam
1608 2713 1735 2778 portavit,
1826 2711 1999 2764 -llemissio
2010 2713 2101 2776 culpae
2111 2713 2245 2776 originalis
2258 2717 2285 2768 fil
2297 2729 2345 2780 per
2357 2715 2412 2766 olli·
2506 2717 2507 2720 ’

426 2803 479 2858 487
497 2805 531 2858 56
543 2835 580 2844 -
593 2807 661 2858 Mors
672 2805 759 2858 crucis
772 2813 828 2858 erat
847 2807 996 2870 turpissima
1011 2805 1062 2858 444
1099 2815 1153 2854 non
1170 2801 1236 2852 sicut
1256 2801 1405 2864 Cyrenaeus
1421 2801 1534 2852 alienam
1551 2797 1613 2852 14444.
1773 2799 1843 2852 cium
1853 2801 2015 2852 sacramenti
2024 2799 2069 2852 Vll
2083 2801 2133 2852 448
2144 2801 2177 2852 64
2189 2827 2223 2838 -
2233 2801 2281 2852 Per
2294 2803 2410 2856 officium

425 2907 454 2948 u.
474 2893 515 2946 49.
535 2895 585 2944 618
606 2895 615 2944 4
639 2919 674 2932 -
692 2893 761 2946 hlors
775 2893 996 2946 crucisvilissima
1012 2893 1061 2944 440
1153 2915 1187 2926 -
1215 2885 1266 2952 Qui
1292 2887 1479 2950 contempserit
1505 2899 1610 2938 crucem
1643 2885 1735 2938 Christi
1773 2885 1932 2938 sacramenti
1950 2887 2074 2938 etrrautur
2091 2887 2170 2938 etiam
2190 2891 2313 2954 sequelae
2330 2887 2393 2942 44444.

425 2967 471 3034 47.
491 2979 606 3032 49546.
625 2981 676 3032 496
696 2981 730 3030 39
748 3005 785 3020 -·-
803 2985 843 3032 est
860 2977 1063 3044 contemptibilis
1100 2981 1224 3040 tanquam
1232 2973 1447 3038 ignominiosam,
1458 2977 1528 3026 huuc
1537 2973 1734 3026 erubescentem
1826 3001 1859 3012 —·
1878 2957 2007 3038 purgatur
2024 2973 2050 3026 iu
2071 2977 2140 3026 tonte
2159 2975 2357 3028 misericordiae
2377 2975 2410 3028 74

425 3067 589 3130 landelinus,
608 3065 730 3118 fidelibus
752 3065 912 3120 venerabilis
931 3065 981 3116 174
1000 3079 1029 3116 v.
1048 3065 1063 3116 4
1101 3063 1176 3116 iaciat
1193 3061 1273 3114 Filius
1290 3059 1404 3114 hominis
1430 3061 1458 3112 iu
1481 3061 1551 3114 444414
1577 3059 1672 3116 iudicio
1694 3063 1735 3116 711
1774 3061 1826 3116 555
1844 3063 1859 3114 4
1879 3087 1913 3100 -·
1933 3063 2033 3116 deletur
2051 3077 2098 3128 per
2119 3063 2229 3128 gratiam
2249 3077 2265 3116 a
2282 3065 2410 3116 Deosolo

425 3185 462 3196 -
488 3161 549 3220 post
571 3155 722 3218 passionem
749 3153 845 3206 Christi
870 3159 911 3206 est
937 3153 1064 3206 victoriae
1101 3153 1152 3204 449
1172 3149 1201 3202 41
1223 3179 1261 3190 -
1279 3151 1328 3218 Qui
1341 3149 1433 3204 Christi
1449 3163 1554 3220 crucem
1568 3155 1736 3204 contemnunt
1774 3149 1893 3204 ellective
1909 3149 1961 3204 514
1974 3149 2008 3202 49
2027 3179 2063 3188 -
2081 3149 2209 3204 liberatio
2228 3165 2244 3202 a
2264 3153 2338 3218 culpa
2351 3167 2411 3218 pro·

425 3249 564 3310 tropaeum
593 3247 616 3294 et
645 3239 728 3306 gloria
745 3241 876 3296 Ecclesiae
895 3239 946 3294 144
974 3255 1000 3294 v.
1031 3241 1062 3292 19
1101 3239 1224 3306 peribant
1240 3251 1302 3292 cum
1322 3239 1434 3304 peccatis
1454 3239 1508 3292 suis
1526 3239 1612 3292 3389
1774 3239 1883 3294 mittitur
1908 3237 2076 3292 credentibus
2094 3239 2146 3292 363
2166 3239 2201 3292 47
2218 3267 2256 3280 -
2273 3241 2410 3294 dimittitur

357 3357 358 3362 κ
425 3359 462 3370 -
480 3331 548 3382 llors
565 3329 651 3382 crucis
663 3333 722 3380 anta
734 3327 866 3384 Christum
877 3329 1064 3394 vilipendenda
1155 3327 1419 3382 *circumferenda
1448 3331 1486 3380 est
1514 3333 1542 3380 ut
1569 3341 1665 3382 corona
1694 3329 1735 3382 Vll
1774 3335 1828 3382 tam
1842 3329 1929 3380 electis
1946 3343 2025 3396 quam
2041 3327 2176 3394 praescitis
2193 3329 2238 3382 561
2258 3333 2273 3382 4
2290 3329 2309 3382 b
2324 3359 2358 3370 -
2374 3345 2412 3384 re·

427 3423 496 3480 erat,
516 3417 562 3470 sed
582 3417 750 3482 postmodum
772 3419 885 3484 gloriosa
905 3417 957 3470 547
977 3417 1009 3470 43
1029 3447 1064 3456 -
1101 3417 1153 3470 376
1171 3417 1312 3470 iad—Per
1332 3431 1436 3470 crucem
1451 3417 1736 3482 perficiunturomuia,
1774 3419 1912 3470 cidivautis
1943 3419 1972 3470 ut
2003 3417 2131 3470 diillcilior
2157 3419 2194 3470 ad
2224 3419 2411 3472 remittendum

425 3503 556 3572 significat
575 3509 729 3571 potestatem
748 3503 843 3558 Christi
860 3505 913 3560 495
932 3507 966 3558 49
1100 3519 1169 3572 quae
1187 3503 1736 3560 secundumuossuutr'bt'd.-scribeuda
1774 3507 1821 3560 564
1850 3505 1865 3558 4

478 3591 622 3646 -Crucis
641 3593 726 3645 virtus
752 3599 854 3660 petram
882 3593 1011 3648 convertit
1038 3593 1065 3648 in
1101 3599 1141 3648 est
1158 3593 1186 3646 iu
1211 3593 1282 3648 omni
1310 3595 1367 3648 loco
1396 3593 1458 3650 told.
1476 3623 1513 3634 -
1538 3593 1680 3650 balatunna
1700 3599 1737 3648 est
1826 3623 1860 3638 -·
1880 3593 1918 3646 Ad
1939 3595 2098 3650 rurationem
2118 3595 2225 3648 actualis
2245 3597 2410 3662 culpaecum

426 3695 526 3750 aquarn
544 3681 589 3734 711
608 3681 660 3734 495
678 3681 713 3732 64
731 3707 768 3722 -·
785 3683 871 3736 Virtus
884 3683 969 3736 crucis
980 3685 1065 3736 aulert
1100 3687 1224 3750 nuquam
1244 3685 1350 3750 signum
1368 3683 1419 3736 Dei
1440 3683 1496 3736 vivi
1515 3681 1577 3738 14441.
1595 3711 1631 3722 -
1649 3689 1689 3738 est
1706 3685 1737 3736 si·
1774 3683 1897 3750 passione
1906 3683 2001 3738 Christi
2015 3683 2157 3736 necessaria
2169 3695 2208 3738 est
2217 3685 2337 3738 contritio
2351 3699 2412 3750 poe·

427 3769 552 3824 duritiam
577 3769 664 3824 cordis
686 3767 748 3824 itta.
777 3799 811 3810 -
840 3771 951 3826 Stultitia
978 3773 1064 3826 crucis
1101 3785 1182 3836 guum
1203 3773 1249 3824 Dei
1274 3771 1737 3838 44454444444444144444444·
1774 3773 1895 3826 nitentiae
1918 3773 1962 3824 711
1990 3773 2024 3824 98
2051 3773 2084 3824 38
2102 3801 2138 3812 -·
2155 3773 2229 3838 Opus
2253 3773 2411 3838 poenitentis

427 3860 512 3911 salvat
531 3857 667 3912 credentes
679 3859 714 3912 71
733 3855 784 3914 495
797 3863 831 3912 46
844 3887 879 3900 -
892 3863 940 3914 Per
959 3875 1064 3914 crucem
1100 3865 1137 3914 tet
1157 3861 1303 3926 consignari
1325 3859 1374 3912 449
1397 3859 1428 3912 44
1774 3867 1813 3930 est
1831 3863 1953 3914 detestari
1970 3863 2077 3926 culpam
2096 3863 2148 3914 589
2168 3863 2202 3914 49

427 3947 495 4000 lacta
514 3951 552 3998 est
570 3945 678 4008 iustitia,
693 3947 855 4002 destructam
866 3953 907 4002 est
918 3957 1065 4016 peccatum,
1155 3977 1190 3986 —-
1209 3949 1236 4002 lu
1255 3961 1335 4000 cruce
1351 3963 1397 4000 sex
1414 3953 1475 4002 suut
1493 3953 1674 4002 consummata
1695 3951 1736 4002 Vll
1820 3947 1959 4014 —Culpae
1968 3949 2103 4004 detestatio
2111 3949 2230 4016 sequitur
2237 3951 2411 4016 cognitionem

427 4031 548 4088 diabolus
566 4035 664 4100 uictus,
683 4037 765 4088 homo
782 4037 973 4100 reconciliatus,
990 4037 1065 4090 inter·
1103 4035 1583 4102 46864-1444444444441444444444
1598 4041 1737 4092 testamen·
1754 4037 1758 4126 Ι
1774 4037 1807 4092 71
1828 4037 1858 4088 19
1876 4053 1902 4090 4.
1917 4037 1958 4090 17.
1971 4037 2079 4092 711564
2092 4037 2127 4090 73
2144 4065 2180 4076 -
2195 4039 2334 4092 commissa
2352 4053 2412 4092 con·

426 4123 639 4190 4444444144444,
662 4125 765 4178 caelum
787 4131 922 4190 apertum,
948 4125 1065 4180 Christus
1101 4129 1158 4178 lum
1170 4133 1256 4190 vetus,
1269 4131 1293 4178 et
1306 4127 1394 4180 omnia
1406 4133 1468 4180 suut
1479 4133 1661 4180 consummata
1673 4125 1736 4182 4444.
1773 4127 1912 4180 sideranda
1932 4127 1965 4180 ad
1985 4125 2195 4180 erubescendum
2207 4127 2243 4180 71
2257 4127 2308 4180 660
2322 4129 2345 4190 4,
2360 4125 2411 4194 3,4

349 4257 350 4260 ,
427 4211 552 4266 exaltatus
572 4213 622 4264 198
643 4209 849 4268 v.7·-Crucis
860 4217 958 4268 virtute
969 4219 994 4268 et
1007 4215 1065 4266 imi·
1154 4213 1234 4268 Caura
1252 4243 1289 4256 -
1307 4217 1378 4268 cadit
1396 4217 1419 4268 in
1450 4217 1583 4268 homiuem
1609 4217 1692 4268 7141
1720 4229 1734 4268 a
1826 4241 1861 4254 ·-·-
1880 4217 1907 4268 lu
1926 4215 2004 4280 culpa
2021 4221 2061 4268 est
2077 4215 2244 4268 considerare
2266 4217 2410 4280 maculam,

424 4301 524 4352 tatione
549 4301 832 4356 hominessalvantur
853 4301 881 4356 iu
899 4303 966 4356 mari
984 4301 1063 4356 huius
1100 4329 1137 4344 -
1154 4309 1305 4370 operantem
1326 4303 1468 4368 potentiam
1496 4305 1583 4358 reddit
1603 4303 1736 4356 infirmam
1772 4309 1875 4356 reatum
1893 4313 1918 4354 et
1938 4305 2064 4356 olleusarn
2082 4301 2186 4356 71574
2204 4303 2219 4354 3
2234 4311 2322 4358 -est
2333 4317 2412 4356 causa

423 4389 518 4442 mundi
536 4393 561 4442 et
580 4387 738 4454 perveniunt
756 4391 790 4444 ad
804 4397 910 4456 portum
923 4391 1013 4444 salutis
1025 4405 1064 4444 ae·
1101 4391 1134 4442 49
1154 4407 1179 4458 q.
1201 4395 1270 4444 4-
1287 4399 1407 4446 naturam
1436 4391 1569 4446 infirmam
1586 4393 1674 4446 reddit
1694 4393 1735 4446 Vll
1773 4391 1861 4446 iudicii
1882 4391 1932 4444 554
1951 4405 1977 4442 v.
2000 4391 2030 4442 19

423 4481 514 4530 ternae
533 4475 585 4530 197
610 4477 673 4532 46
701 4505 736 4518 ·-
761 4479 855 4534 Christi
880 4481 1062 4534 renovativum
1099 4479 1151 4532 508
1170 4481 1206 4532 44
1223 4507 1260 4520 -
1277 4481 1387 4534 actualis
1412 4487 1496 4534 4444444
1524 4479 1605 4534 robur
1634 4481 1735 4532 animae
1826 4507 1861 4520 -
1879 4481 1958 4532 144444
1976 4481 2053 4544 eulpa
2071 4483 2109 4532 est
2123 4479 2238 4532 veritatis
2252 4481 2411 4546 contemptio

422 4565 504 4618 habet
522 4571 642 4620 naturam
660 4567 704 4620 Vll
724 4567 776 4620 448
796 4571 831 4622 38
1100 4569 1196 4634 trangit
1214 4571 1247 4620 98
1268 4569 1300 4622 38
1320 4575 1478 4634 *4444444
1502 4571 1617 4622 animam
1643 4583 1656 4622 a
1682 4571 1735 4622 Deo
1772 4583 1851 4636 quam
1881 4567 1962 4622 libido
1991 4569 2146 4622 carnalitatis
2173 4569 2214 4622 711
2246 4571 2296 4622 459
2323 4571 2350 4622 41
2376 4595 2412 4606 —

477 4681 514 4696 -
531 4655 645 4720 Lignum
663 4655 1062 4724 cracisinveutomesseinpi-
1100 4657 1555 4712 71446414-4444444441444
1576 4655 1729 4712 71139841
1772 4659 1852 4712 llaior
1876 4659 1952 4722 culpa
1975 4665 2029 4720 est,
2056 4655 2099 4710 ubi
2129 4661 2168 4710 est
2192 4659 2277 4712 maius
2309 4659 2409 4712 41444444

422 4743 494 4796 seina
518 4741 667 4810 probatica,
685 4757 739 4796 uon
758 4743 937 4810 probatuer
958 4745 1009 4798 305
1028 4745 1062 4798 45
1097 4773 1135 4786 -
1152 4753 1191 4798 est
1210 4759 1281 4798 mors
1298 4747 1520 4812 pmcatoraant
1540 4747 1590 4798 148
1611 4759 1635 4798 a.
1649 4745 1734 4798 5896
1772 4745 1896 4798 scientiae
1923 4745 1974 4798 349
2001 4745 2034 4796 67
2063 4773 2097 4784 -
2123 4745 2161 4798 hd
2190 4747 2294 4810 lapsum
2318 4747 2412 4810 culpae

387 4841 388 4844 ’
477 4859 513 4868 -·
531 4835 633 4898 portata
652 4831 700 4886 luit
717 4833 846 4886 aChristo
858 4833 926 4886 sicut
938 4835 1062 4888 4444114444
1098 4835 1248 4888 -occidit
1268 4835 1383 4888 animam
1401 4837 1452 4886 444
1471 4849 1499 4888 v.
1519 4834 1551 4886 14
1772 4835 1900 4886 inducunt
1918 4811 2001 4886 statas
2019 4833 2223 4886 conversationis
2249 4835 2410 4898 mundanae,

422 4925 450 4972 et
468 4919 573 4986 siguum
593 4921 680 4988 regale
699 4921 742 4974 711
763 4921 814 4976 376
835 4923 868 4976 55
887 4949 922 4962 ·-··
947 4925 1063 4976 volunta·
1152 4951 1188 4962 -
1206 4905 1525 5006 Naturaliteffiunnissio
1553 4925 1647 4986 culpae
1664 4935 1737 4986 prae·
1773 4919 1941 4986 congregatio
1959 4921 2089 4973 societatis
2109 4921 2193 4974 naulae
2210 4925 2237 4972 et
2255 4923 2332 4976 ardor
2351 4935 2411 4974 cou-

422 5009 495 5062 riea
515 5009 614 5064 Christo
644 5015 766 5076 suscepta
789 5019 816 5064 et
836 5013 982 5066 voluntario
1001 5026 1062 5078 por·
1099 5011 1168 5064 cedit
1187 5011 1392 5066 subtractionem
1417 5007 1576 5098 gratiaeQ
1603 5009 1653 5062 443
1673 5009 1735 5060 445
1772 5009 1949 5072 cupiscentiae
1967 5007 2073 5060 71613
2093 5007 2109 5058 4
2129 5037 2162 5046 -
2182 5009 2233 5074 eri
2252 5009 2412 5074 magispou·

422 5099 502 5152 tanda
521 5103 560 5152 est
578 5113 593 5152 a
610 5099 687 5152 uobis
707 5097 768 5154 loia.
785 5129 822 5140 -
840 5099 880 5152 hd
905 5103 1062 5166 portandam
1097 5129 1135 5138 -
1154 5099 1422 5164 Sapientiaamittitur
1435 5111 1482 5162 per
1495 5099 1599 5162 culpam
1613 5095 1647 5148 79
1661 5097 1735 5150 4448
1772 5097 1846 5148 derat
1866 5097 1970 5160 culpam
1990 5095 2017 5146 iu
2036 5095 2085 5146 alio
2105 5109 2187 5162 quam
2205 5095 2232 5146 in
2251 5111 2279 5150 se
2299 5097 2355 5162 ipso
2373 5099 2412 5150 est

422 5199 530 5240 crucem
557 5201 606 5254 nos
636 5187 726 5240 invitat
743 5187 870 5254 Christus,
890 5189 935 5256 qui
960 5189 1062 5254 primus
1099 5213 1135 5226 »-
1152 5187 1235 5240 Causa
1255 5187 1390 5250 originalis
1406 5187 1501 5250 cnlpae
1518 5185 1652 5250 captivum
1672 5183 1738 5238 deti·
1772 5181 1969 5246 abominabilis,
1999 5183 2062 5248 quia
2087 5183 2227 5246 dupliciter
2252 5189 2342 5250 peccat
2368 5185 2410 5238 Vll

422 5289 482 5328 eam
511 5275 625 5342 portavit
652 5273 715 5330 414444.
744 5305 780 5316 -
806 5277 894 5342 primo
917 5281 1020 5340 portata
1046 5291 1062 5328 a
1098 5273 1210 5326 uebatur
1226 5287 1312 5336 genas
1330 5275 1474 5324 humanum
1494 5269 1627 5324 adiabolo
1645 5271 1735 5324 71193
1774 5271 1879 5322 16196
1977 5345 1978 5348 ¹

423 5361 644 5430 Christo,postea
653 5363 715 5414 data
725 5363 825 5416 Simoni
837 5363 966 5428 portanda
977 5377 1062 5432 arsque
1098 5361 1134 5412 39
1151 5387 1189 5402 -
1208 5357 1338 5414 74404445
1361 5361 1388 5412 44
1411 5361 1518 5424 culpam
1551 5357 1648 5422 omnia,
1667 5373 1737 5426 quae
1826 5387 1862 5396 --
1880 5357 2007 5412 Dormitio
2024 5359 2229 5424 culpaehomini
2249 5361 2411 5414 interdicitur

422 5451 460 5504 ad
476 5453 565 5504 locum
586 5451 616 5504 71
638 5451 687 5502 498
709 5449 741 5502 40
844 5493 845 5496 ,
950 5509 951 5514 1
1098 5447 1133 5500 ad
1152 5463 1228 5502 usum
1247 5447 1480 5510 vitaeaccepimus
1502 5447 1551 5498 546
1574 5447 1605 5498 47
1773 5447 1807 5497 71
1827 5447 1880 5498 587
1896 5461 1923 5500 v.
1952 5447 1980 5498 41
2005 5475 2040 5486 -
2058 5449 2096 5502 114
2124 5449 2201 5516 culpa
2225 5455 2264 5502 est
2292 5449 2412 5504 doctrina

476 5521 624 5592 —Christi
644 5543 729 5602 potest
747 5537 798 5592 dici
818 5537 944 5602 exiguum
962 5536 1061 5600 liguum
1152 5541 1245 5588 -est
1263 5537 1365 5588 vanitas
1383 5535 1499 5588 mortalis
1517 5543 1542 5590 et
1562 5537 1685 5602 pestilera
1704 5537 1736 5588 Vl
1773 5537 1817 5588 vel
1828 5537 1951 5590 ‘scientia'
1967 5549 2016 5600 per
2040 5537 2162 5592 accidens
2189 5539 2290 5594 ratione
2309 5541 2412 5594 virtutis

423 5631 534 5692 propter
560 5627 617 5678 eius
646 5623 819 5678 abiectionem
839 5629 864 5678 et
884 5625 1011 5678 vilitatem
1028 5625 1062 5678 71
1100 5625 1134 5678 44
1153 5639 1167 5678 a
1187 5653 1221 5664 -
1240 5631 1279 5678 est
1298 5625 1398 5678 vanitas
1415 5625 1452 5676 34
1469 5621 1737 5680 n-estinurrnuas
1772 5623 1882 5678 714-
1898 5627 2007 5678 Vanitas
2024 5627 2119 5692 culpae
2135 5633 2176 5680 est
2193 5629 2306 5694 privatio
2324 5627 2392 5682 4144

425 5717 477 5768 497
495 5729 525 5768 v.
545 5715 562 5768 5
580 5741 615 5752 -
634 5715 660 5766 14
674 5725 753 5766 cruce
766 5713 859 5768 Christi
873 5713 1063 5768 consideranda
1100 5713 1224 5780 ruglanda
1243 5713 1293 5768 536
1316 5715 1326 5766 4
1346 5741 1386 5750 -
1403 5711 1504 5778 Culpae
1521 5721 1562 5768 est
1581 5715 1737 5770 convivium
1826 5711 1923 5768 Currus
1940 5743 1975 5752 -
1994 5715 2104 5782 requirit
2123 5717 2228 5782 hostias,
2247 5717 2368 5770 victimas
2385 5723 2412 5770 et

422 5809 485 5858 sunt
503 5801 590 5856 crucis
606 5801 753 5864 humilitas,
772 5803 906 5856 veneratio
931 5801 1065 5868 44414444-
1099 5801 1215 5868 nuptiale
1245 5801 1410 5868 matrimonii
1432 5801 1547 5856 hominis
1574 5803 1684 5858 carnalis
1710 5809 1738 5858 et
1773 5803 1900 5858 sacrificia
1929 5803 2013 5858 7174
2040 5819 2067 5856 v.
2094 5807 2111 5856 4
2137 5833 2173 5842 -
2199 5807 2411 5859 Fundamentum

422 5899 478 5960 tas,
496 5891 650 5960 necessitas,
669 5891 753 5944 virtus
771 5897 796 5946 et
816 5893 911 5946 utilitas
929 5891 993 5948 lala.
1099 5891 1338 5958 concupiscentiae,
1351 5891 1425 5960 qaod
1438 5893 1466 5946 nt
1477 5891 1506 5944 iu
1518 5891 1662 5958 prostibulo
1676 5907 1737 5946 con·
1772 5893 1856 5946 divini
1876 5893 1959 5946 cultus
1977 5897 2017 5946 est
2035 5893 2062 5946 in
2085 5895 2172 5948 4444444
2191 5895 2310 5960 corporis
2327 5909 2413 5948 resur·

477 6011 513 6020 --
530 5979 648 6046 Corpora
665 5981 849 6036 crucifixorum
869 5983 982 6036 tollenda
1004 5987 1064 6036 aute
1098 5981 1274 6050 cupisceutiae
1287 5981 1339 6036 545
1352 5983 1369 6034 3
1382 6009 1416 6020 -
1430 5987 1467 6036 est
1487 5995 1594 6036 somnus
1613 5983 1738 6036 claudens
1761 5977 1890 6038 'rectione
1907 5981 1952 6036 Vll
1970 5981 2022 6034 514
2043 5981 2076 6034 35
2094 5981 2178 6034 -ln
2195 5983 2264 6036 cultu
2285 5983 2412 6036 Divinita-

425 6071 571 6126 Sabbatum
584 6069 617 6122 71
632 6071 683 6124 509
698 6071 980 6128 iil-Crucilluorum
995 6075 1065 6126 trau·
1098 6073 1188 6128 visum
1205 6071 1377 6134 discretionis,
1394 6071 1478 6136 ligans
1492 6085 1597 6124 sensum
1619 6071 1737 6124 devotio·
1773 6071 1807 6124 tis
1824 6071 1888 6124 nihil
1905 6077 1944 6124 est
1961 6071 2128 6136 superfluum
2145 6069 2181 6122 Vl
2201 6069 2411 6122 tulta-rar

423 6159 555 6228 gebautur
586 6171 681 6228 crura,
711 6165 740 6212 ut
772 6163 961 6214 acceleraretur
991 6175 1064 6214 mors
1099 6161 1156 6224 uis,
1187 6161 1279 6214 sistens
1311 6173 1433 6226 gressum
1462 6157 1548 6212 bonae
1578 6159 1738 6224 operationis
1773 6161 1873 6234 cultum
1885 6159 2022 6212 Maiestatis
2035 6161 2116 6212 homo
2129 6155 2265 6210 subiicitur
2275 6173 2324 6212 suo
2336 6157 2413 6212 Crea-

423 6249 486 6306 4444.
507 6249 546 6302 44
1100 6251 1152 6304 444
1169 6265 1197 6304 v.
1216 6251 1245 6302 tt
1268 6235 1307 6290 -ῑ
1322 6249 1449 6302 uormuto
1466 6251 1561 6314 culpae
1579 6249 1630 6300 aaa
1649 6251 1683 6300 44
1701 6273 1738 6288 -
1773 6247 1824 6300 ton
1841 6247 1885 6300 vu
1902 6247 1938 6300 44
1955 6247 1985 6298 ot
2106 6233 2108 6236 ’
2189 6249 2190 6252 ¹

430 6347 432 6350 ·
477 6365 514 6378 -
537 6335 624 6390 carnis
642 6347 681 6390 est
704 6337 777 6404 rigor
793 6339 964 6404 discipliuae,
987 6339 1064 6392 caius
1100 6341 1160 6392 Sitis
1178 6339 1272 6402 culpae
1289 6337 1341 6390 559
1361 6351 1389 6390 4.
1408 6339 1441 6388 43
1825 6361 1862 6374 -
1875 6335 2148 6386 44045440444441144
2161 6334 2315 6388 inoratiouo
2327 6349 2412 6390 exem·

422 6425 530 6482 brachia
549 6431 611 6480 sunt
629 6427 729 6492 vigilia,
750 6427 917 6494 abstinentia,
937 6427 1065 6492 asperitas
1152 6425 1302 6480 -dicitur
1321 6413 1404 6478 lutum
1424 6429 1531 6488 propter
1552 6425 1609 6478 eius
1633 6425 1737 6478 foedita-
1772 6425 1818 6488 plo
1835 6421 1932 6476 Christi
1949 6421 1994 6476 Vll
2012 6423 2065 6474 445
2091 6423 2127 6474 30
2144 6449 2182 6460 -·-
2198 6423 2247 6476 Dei
2274 6423 2411 6478 exhibetur

422 6497 537 6570 vestium
563 6519 590 6566 et
614 6515 753 6580 disciplina
780 6515 924 6570 verberum
950 6515 1062 6568 711576
1099 6521 1167 6578 tem,
1186 6511 1358 6566 lubricitatem
1378 6515 1403 6564 et
1421 6511 1626 6566 laboriositatem
1638 6513 1671 6564 Vl
1685 6513 1737 6566 580
1773 6509 2014 6578 perexcellentium
2034 6511 2137 6564 virtutis
2156 6511 2412 6576 propriaeetreve'-

425 6605 459 6658 40
476 6633 514 6644 --
530 6617 585 6668 qua
607 6603 914 6668 mundoserucillgitur,
940 6609 978 6656 est
1001 6617 1065 6668 pau·
1100 6605 1171 6656 2-
1190 6599 1326 6654 infirmitas
1342 6601 1438 6664 culpae
1455 6598 1585 6652 deformat
1603 6599 1738 6654 couscleu-
1773 6599 1883 6652 rentiam
1901 6599 2044 6654 maiestatis
2069 6599 2176 6652 divinae
2199 6599 2235 6652 65
2253 6601 2282 6652 91
2306 6599 2412 6652 -Dei

417 6697 514 6758 *perus
531 6691 652 6756 spiritus,
665 6691 741 6744 cuius
755 6693 861 6746 bracltia
874 6697 935 6746 suut
948 6697 1063 6746 contom-
1098 6691 1177 6754 darn,
1197 6689 1359 6754 depauperat
1378 6689 1506 6754 animam,
1523 6687 1641 6742 debilitat
1658 6689 1738 6740 virtu·
1772 6695 1814 6742 est
1830 6701 1908 6740 causa
1928 6689 2013 6740 onmis
2031 6685 2094 6740 boui
2114 6689 2210 6740 71403
2231 6703 2257 6742 v.
2270 6689 2353 6740 47’-’
2366 6689 2412 6740 04-

419 6785 486 6844 ptus
506 6779 616 6844 gloriae,
636 6779 775 6848 pecuniae,
803 6779 905 6846 patriae
929 6785 956 6832 et
972 6793 1065 6844 paren·
1099 6785 1152 6832 tem
1172 6783 1197 6830 et
1214 6777 1342 6844 inquietat
1360 6781 1476 6830 mentem
1496 6777 1547 6830 586
1567 6777 1738 6830 5-41444444
1773 6775 1819 6830 1444
1836 6791 1928 6830 444444
1954 6777 2027 6830 omni
2052 6777 2224 6830 ostentatione
2243 6781 2268 6830 et
2282 6777 2412 6842 'inquieta
2439 6785 2442 6790 ·

419 6869 492 6920 telae
511 6857 741 6930 toln-'spiritus
754 6873 792 6922 est
805 6871 894 6920 lervor
904 6867 1064 6932 devotionis,
1098 6867 1251 6932 infirmitas,
1274 6865 1335 6932 quia
1364 6867 1494 6920 deformat
1520 6865 1660 6932 polluendo
1680 6879 1739 6918 con·
1773 6865 1844 6920 tione
1862 6865 1904 6920 741
1925 6863 1977 6920 445
1996 6867 2028 6918 30
