5908 8266
1035 615 1228 682 coartatur.
1257 619 1292 684 [N
1316 617 1555 686 avtNGtttlhm
1577 615 1701 684 totas
1720 615 1752 682 C.
1775 617 1835 680 Vll.

535 791 709 878 51666666.
726 791 805 874 39).
823 791 973 872 8666666,
992 797 1143 875 quantum
1167 791 1206 858 66
1221 797 1326 858 notam
1343 791 1405 858 tia-

287 911 435 1008 666666-
446 895 545 962 616166
570 897 604 962 ia
629 893 796 984 allectione
812 895 933 962 subdit:
957 895 1087 962 Similes
1103 903 1184 962 sant
1200 897 1332 982 pueris,
1349 895 1404 962 ubi

297 979 399 1082 tihi*
413 977 587 1088 b”adiungit
610 1001 864 1082 similitudinem,
888 1019 1064 1088 perquam
1089 1003 1266 1070 ostenditur
1289 1001 1405 1070 duritia

447 1125 576 1186 eorum,
597 1107 672 1192 qaia
704 1125 762 1174 666
791 1107 866 1172 moti
892 1113 965 1172 sunt
989 1107 1026 1172 ad
1059 1113 1195 1174 cantum
1224 1109 1405 1194 promissio·

447 1233 523 1280 num
545 1229 603 1280 nec
627 1211 665 1298 ad
691 1213 870 1280 lamentam
893 1211 1185 1292 comminationum,
1208 1213 1290 1280 sicut
1313 1213 1404 1298 pueri

353 1385 355 1392 ,
448 1317 532 1386 6666166
558 1319 589 1382 66
612 1317 681 1384 6666
704 1333 767 1382 666
790 1313 980 1398 6666666666
1007 1313 1092 1394 61666,
1119 1333 1176 1382 666
1206 1317 1404 1382 cantantibus

447 1443 504 1492 666
526 1421 788 1496 lamentantibus:
821 1437 900 1504 quos
932 1421 1102 1488 introducit
1127 1439 1182 1504 per
1210 1421 1338 1488 modam
1364 1421 1404 1488 si-

447 1529 641 1598 militudinis.
671 1529 802 1610 Propter
833 1525 916 1610 quad
948 1525 1043 1592 dicit:
1069 1527 1198 1594 Similes
1226 1535 1308 1592 66666
1325 1547 1405 1612 pae-

448 1637 498 1700 666
519 1631 705 1700 6666666666
726 1631 765 1698 io
785 1627 872 1716 foro.
896 1630 1044 1696 Similiter
1069 1633 1215 1716 competit
1231 1631 1275 1698 666
1297 1631 1357 1698 6666
1376 1637 1405 1698 66

447 1739 655 1825 improperari
695 1735 779 1822 qnod
818 1735 1030 1820 improperant
1068 1737 1158 1820 66666
1195 1739 1336 1804 sedentes
1373 1739 1403 1802 66

447 1845 516 1910 6666
536 1845 603 1910 6666
635 1841 819 1910 6666666666.
842 1845 972 1926 Propter
998 1841 1080 1928 qnod
1103 1841 1208 1908 addit:
1238 1841 1404 1928 Loquenti·

449 1949 533 2014 66661
555 1949 600 2012 ad
625 1947 763 2012 invicem
785 1955 816 2012 et
836 1945 1038 2012 dicentibus:
1067 1945 1283 2012 Cantaoimos
1315 1945 1404 2012 661616

449 2053 553 2130 tibiis,
579 2059 607 2118 et
631 2071 697 2118 nan
717 2051 888 2130 saltastis;
910 2049 985 2136 quia
1002 2051 1045 2116 sic
1070 2057 1200 2134 possunt
1214 2051 1260 2116 eis
1282 2049 1404 2132 praedi-

448 2165 569 2222 catores
584 2155 705 2222 dicere:
723 2153 942 2222 Cantaoimas
964 2153 1056 2218 66666
1072 2153 1176 2228 tibiis,
1201 2153 1317 2218 66616666
1332 2171 1404 2234 666-

447 2261 540 2326 missa
564 2259 618 2324 Dei
637 2259 877 2342 concrepand03
901 2267 930 2322 ct
952 2277 1019 2322 non
1046 2255 1213 2332 saltastis,
1239 2255 1403 2340 proficien-

448 2363 495 2430 do.
521 2363 556 2428 tit
577 2369 660 2430 recta
685 2371 731 2430 est
747 2363 952 2446 comparatio,
976 2361 1051 2446 qaia
1068 2361 1262 2444 praedicator
1285 2361 1402 2426 tibicini

448 2475 664 2552 comparatur,
698 2465 870 2534 secandam
904 2465 980 2532 illud
1018 2465 1110 2530 166666
1145 2465 1404 2550 quinquagesimo

448 2579 556 2640 actara
570 2575 599 2638 2:
630 2601 645 2632 6
659 2573 778 2650 016666,
803 2589 842 2636 66
866 2589 985 2650 666666,
1010 2571 1097 2656 quasi
1124 2571 1200 2637 tuba
1222 2570 1327 2636 exalta
1349 2591 1404 2636 uo-

449 2697 516 2744 cem
547 2687 635 2744 66666
650 2703 687 2756 »;
711 2685 742 2744 66
773 2677 919 2742 166666666
944 2681 1074 2760 quarto:
1103 2701 1120 2734 6
1136 2675 1242 2756 Canite
1265 2677 1341 2742 tuba
1373 2675 1403 2742 in

448 2782 518 2848 Sion
542 2809 574 2846 ».
599 2783 660 2850 Nec·
691 2781 861 2858 immerito,
887 2783 974 2864 quia,
1001 2781 1202 2846 Ecclesiastici
1231 2783 1404 2866 quadrage·

449 2889 561 2966 simet,
591 2889 716 2954 «tibiae
740 2895 771 2954 et
794 2887 978 2972 psalterium
1010 2905 1137 2954 6666666
1159 2887 1278 2954 faciunt
1309 2889 1404 2954 66616-

447 2993 543 3072 diam,
578 3001 607 3060 et
638 3011 732 3078 saper
757 2999 900 3076 ¹utraque
934 2993 1038 3078 lingua
1070 2993 1175 3060 666666
1194 3023 1223 3058 ».
1259 2993 1299 3060 66
1328 2997 1403 3062 haec

447 3095 518 3164 duri
534 3097 629 3164 corde
651 3119 713 3164 6666
738 3091 906 3164 orarentur
931 3117 987 3164 nec
1007 3099 1124 3166 rsaltant
1147 3117 1203 3182 per
1226 3101 1401 3184 proiectam

417 3203 600 3268 honoram
626 3221 775 3288 operam;
807 3203 845 3268 66
870 3221 933 3288 quo
961 3205 1040 3270 salta
1074 3205 1241 3272 Malachiae
1271 3213 1402 3290 quarto:

453 3309 703 3394 «Egrediemioi,
717 3315 750 3374 66
766 3309 882 3374 66166666
903 3311 984 3376 66666
1009 3309 1187 3376 titulusita
1208 3319 1350 3378 armento
1375 3317 1404 3376 66

447 3413 603 3480 6616616666
627 3413 780 3498 impios».
800 3415 834 3478 Et
856 3413 895 3482 de
910 3415 969 3482 hac
994 3417 1214 3482 ambrosiust:
1245 3417 1404 3482 «Honesta

446 3519 585 3596 saltatio,
608 3521 684 3602 quia
714 3521 865 3602 tripudiat
896 3521 1019 3586 animas
1047 3521 1137 3588 bonis
1162 3521 1313 3604 operibus
1342 3523 1404 3588 ele·

448 3629 537 3688 ratas
548 3647 585 3700 »3
602 3623 686 3690 ande
710 3623 763 3706 qui
780 3623 819 3686 ad
835 3629 960 3688 cantum
977 3625 1219 3706 promissionum
1247 3627 1321 3692 66661
1341 3643 1403 3692 666

445 3727 575 3792 16666666
597 3725 668 3794 6666
702 3735 775 3792 6666
799 3727 906 3804 66666,
932 3727 983 3792 666
1017 3745 1111 3810 66666
1136 3727 1296 3806 66666666,
1330 3729 1404 3812 quia

445 3849 507 3898 666
518 3831 557 3896 66
581 3831 836 3898 comminationes
851 3831 1087 3914 suppliciorum.
1105 3869 1147 3878 -
1165 3831 1295 3914 Propter
1320 3833 1403 3916 quod

445 3935 544 4004 addit:
571 3935 841 4004 larnenlauimas
875 3935 978 4014 vobis,
1004 3935 1121 4002 scilicet
1150 3953 1207 4020 666
1235 3937 1403 4004 cammina-

445 4043 558 4108 tionem
584 4047 714 4124 poenae;
735 4041 903 4106 Ezechielis
927 4040 1104 4106 secundat:
1128 4043 1293 4124 «Scriptae
1315 4051 1404 4108 66666

444 4147 475 4214 66
500 4146 581 4228 libro
602 4145 839 4212 lamentationes
862 4151 893 4208 et
915 4161 1042 4210 carmen
1072 4151 1102 4208 et
1126 4163 1183 4210 rae
1208 4169 1245 4224 »;
1268 4151 1300 4212 66
1324 4147 1403 4212 lere-

445 4251 525 4316 miae
547 4267 645 4316 nono:
667 4275 684 4308 «
700 4247 956 4330 Contemplamini
980 4255 1011 4312 et
1027 4253 1135 4314 vocate
1158 4249 1401 4328 lamentatrices,

445 4363 474 4422 et
499 4361 659 4422 assumant
674 4371 779 4438 super
803 4367 858 4418 666
889 4353 1059 4418 lamentum
1076 4375 1109 4430 »ς
1135 4353 1221 4418 166166
1247 4355 1401 4418 secando:

452 4459 705 4528 «convertimini
729 4457 769 4524 ad
792 4445 843 4524 me
857 4457 890 4524 in
912 4457 1029 4526 ieiunio
1052 4457 1184 4524 6611616
1207 4465 1239 4522 66
1262 4459 1402 4542 6166666,

448 4575 477 4634 66
500 4565 630 4634 scindite
653 4565 747 4632 66666
771 4569 875 4630 rastra
897 4571 928 4628 66
951 4583 1012 4628 666
1036 4563 1220 4628 vestimenta
1245 4571 1347 4628 uestra
1372 4589 1401 4628 ».

450 4671 484 4736 Et
507 4671 663 4738 66666666
688 4673 747 4736 hoc
765 4669 837 4734 moti
862 4687 923 4732 non
942 4673 1032 4744 sant:
1059 4667 1142 4734 ande
1156 4667 1259 4732 addit:
1283 4669 1324 4732 Et
1337 4685 1404 4732 nott

447 4773 619 4856 plorastis,
645 4793 702 4862 per
716 4775 987 4856 compunctionem
1004 4771 1222 4856 paenitentiae:
1245 4773 1338 4838 isaiae
1358 4771 1404 4836 vi-

450 4877 564 4960 gesimo
594 4883 730 4948 6666666
747 4879 778 4944 6:
808 4905 824 4936 «
845 4877 971 4944 Vocabit
996 4877 1147 4942 Dominus
1177 4877 1215 4942 66
1239 4877 1347 4942 fletam
1374 4883 1404 4942 66

449 4981 604 5066 planatum
617 5011 649 5066 »3
665 4991 795 5070 etpost:
820 5009 835 5042 6
848 4983 884 5048 Et
899 4997 979 5060 6666,
997 4981 1146 5066 gaudium
1161 4987 1194 5046 et
1209 4979 1338 5060 laetitia,
1355 4979 1404 5046 iu-

447 5087 554 5172 gulare
578 5075 719 5156 arietes»
749 5093 824 5164 etc.;
847 5101 918 5152 6666
945 5093 1049 5152 nmen
1073 5085 1155 5150 dicat
1177 5083 1341 5168 Apostolus
1365 5081 1402 5148 ad

447 5191 598 5258 Romanos
613 5191 816 5260 duodecimo:
845 5213 861 5246 «
878 5189 1019 5254 Gaudere
1043 5205 1115 5254 cam
1132 5185 1356 5272 gaudentibus,
1374 5193 1404 5252 et

446 5295 522 5362 11666
545 5315 617 5364 cnm
642 5297 790 5364 flentibus
807 5321 837 5360 6.

494 5385 495 5388 “
534 5405 587 5466 59.
611 5403 713 5478 (Vers.
738 5401 816 5478 33,).
841 5399 964 5476 Tertio,
989 5405 1144 5482 quantum
1166 5395 1206 5462 66
1229 5405 1333 5462 666666
1350 5393 1403 5460 (66-

285 5491 315 5546 ¹³⁶
333 5505 427 5574 69616·
446 5505 617 5572 tractionis
641 5507 675 5570 in
701 5505 874 5582 locatione,
899 5521 962 5586 qua
989 5503 1105 5570 bonnm
1139 5507 1260 5584 panant
1282 5499 1314 5564 in
1337 5515 1404 5562 ma·

291 5559 425 5660 iiiiii?
444 5613 525 5686 lum,
548 5608 681 5674 dicitur:
715 5609 803 5672 Venit
826 5609 965 5672 loannes
991 5607 1143 5690 Baptista
1170 5623 1236 5670 aton
1261 5603 1404 5670 asarela·

477 5933 479 5936 -
517 5895 525 5926 ¹
545 5897 657 5960 Vulgata
677 5901 737 5948 etii
757 5911 817 5950 6666
833 5899 891 5952 Vat.
909 5901 948 5954 Et
958 5901 1134 5968 loquentibus.
1146 5929 1182 5942 -··
1196 5903 1245 5954 Pro
1264 5899 1322 5954 66666
1334 5911 1406 5954 cone

447 5983 563 6042 6666666616
577 5987 723 6036 6666666666.
737 5985 845 6036 interius
863 5999 911 6048 pro
925 5987 1111 6054 concrepando
1128 5987 1178 6040 AC
1190 5991 1210 6040 D
1228 5987 1400 6056 increpando,

445 6075 467 6128 H
485 6067 645 6124 6666666666.

516 6155 526 6186 ²
546 6159 620 6208 Vers.
645 6157 664 6218 l,
685 6163 744 6220 post
757 6167 837 6220 qoem
857 6157 903 6206 ter.
917 6155 947 6222 6,
960 6157 984 6208 5.
1005 6173 1059 6224 seq.
1075 6159 1132 6224 (cir.
1151 6160 1243 6224 16619,
1268 6161 1287 6210 l.
1301 6167 1327 6212 et
1341 6159 1402 6224 65).

515 6243 526 6274 ³
546 6247 619 6298 Vers.
641 6245 683 6296 91.
701 6269 736 6282 -
755 6239 873 6294 Subinde
892 6243 1018 6306 allegatur
1036 6247 1143 6296 balach.
1163 6245 1193 6310 l,
1211 6247 1236 6296 9.
1256 6259 1313 6312 seq.

515 6331 613 6384 ‘Liba
636 6331 675 6382 tt.
697 6329 721 6380 in
740 6333 803 6382 Luc.
824 6343 849 6380 n.
869 6331 900 6394 8,
923 6329 968 6382 ubi
989 6335 1074 6384 tentus
1096 6333 1244 6398 originalis,
1262 6345 1342 6398 quem
1362 6347 1403 6384 se·

443 6423 532 6492 quitur
552 6421 623 6482 Vat,
643 6431 691 6482 pro
705 6415 780 6470 bortis
796 6413 921 6482 operibus
934 6415 1052 6470 66666666
1073 6415 1204 6468 substituit
1215 6421 1241 6470 66
1259 6415 1403 6470 66666666·

439 6521 493 6584 pas
514 6503 637 6572 operibus
656 6503 785 6556 eleeatar.

515 6591 525 6622 ⁶
545 6593 618 6644 Vers.
640 6593 666 6656 9,
688 6599 747 6654 post
767 6601 846 6654 quern
866 6591 912 6640 ler.
932 6587 963 6652 9,
987 6588 1026 6639 l'i.
1044 6603 1101 6654 seq.
1123 6586 1263 6650 6616669,
1287 6589 1326 6638 69.
1345 6601 1402 6654 seq.
1428 6661 1430 6664 Ι

514 6677 619 6734 ‘Vere
644 6683 680 6732 19.
701 6683 725 6732 66
749 6679 786 6732 63.
806 6707 842 6716 -
859 6677 981 6744 Sequitur
1001 6677 1077 6728 Rom.
1100 6677 1144 6740 69,
1168 6673 1206 6724 15.

514 6767 524 6798 ¹
542 6767 667 6834 Vulgata:
685 6767 762 6820 Venit
776 6765 846 6818 enim
860 6767 974 6818 66666666
994 6763 1112 6830 Baptista
1127 6759 1401 6838 nequemaadncans.

442 6859 543 6910 -Duo
564 6871 639 6924 seqq.
656 6855 706 6908 loci
723 6861 784 6908 sunt
803 6855 891 6906 hlatth.
909 6853 953 6914 91,
966 6851 1009 6902 39.
1022 6857 1047 6904 66
1060 6851 1125 6902 Dan.
1142 6849 1185 6910 10,
1199 6849 1222 6900 9.
1242 6859 1296 6912 seq.
1313 6845 1401 6910 (codd.

2368 617 2425 682 181

1468 795 1575 860 cttrtsl
1586 811 1710 878 6666666
1733 811 1833 882 neque
1859 791 1967 860 bibens
1990 791 2123 872 cincun,
2142 798 2175 860 66
2195 791 2240 860 ita
2261 789 2294 856 in
2309 791 2360 858 ria
2381 809 2430 860 se·

1467 899 1619 966 ueritatis
1639 907 1673 968 66
1694 899 1854 978 institiae,
1875 899 1956 968 sicut
1979 899 2094 966 dicitnr
2111 895 2254 966 Matthaei
2280 897 2429 982 vigesimo

1467 1007 1590 1090 primo:
1629 1031 1643 1064 «
1673 1007 1824 1074 Vanitati
1856 1007 2063 1076 Ι6661666666
2093 1005 2125 1070 in
2157 1005 2207 1070 666
2239 1001 2376 1070 666166666
2396 1031 2427 1070 ».

1467 1113 1555 1180 Unde
1577 1115 1651 1200 quia
1676 1111 1759 1180 venit
1791 1131 1864 1178 cum
1895 1113 2077 1180 austeritate
2102 1109 2327 1197 poenitentiae,
2360 1109 2429 1176 6666

1466 1217 1554 1284 66666
1575 1217 1656 1286 66666
1674 1219 1845 1284 lamentans
1868 1223 1899 1284 et
1923 1235 2050 1304 gemens
2069 1223 2196 1304 propter
2221 1217 2355 1284 66166666
2377 1235 2430 1298 66-

1469 1321 1554 1406 66616,
1577 1323 1750 1390 secundam
1773 1323 1851 1388 illud
1875 1323 2010 1388 Danielis
2032 1323 2175 1390 decimo:
2204 1349 2220 1380 6
2237 1319 2298 1406 Ego
2320 1319 2429 1386 Daniel

1468 1427 1614 1514 lugebam
1631 1429 1728 1496 trium
1746 1429 2011 1498 hebdomadarum
2036 1427 2164 1508 diebus,
2181 1443 2293 1514 panem
2308 1425 2428 1494 666166-

1469 1533 1599 1598 rabilem
1625 1553 1686 1600 non
1710 1533 1848 1612 comedi,
1872 1542 1902 1601 et
1927 1551 1999 1602 caro
2021 1541 2054 1602 66
2075 1533 2268 1598 666666666
2302 1531 2429 1598 introie-

1469 1643 1547 1702 runt
1575 1637 1608 1702 66
1634 1655 1671 1704 66
1698 1655 1806 1704 ineam
1828 1663 1861 1702 ».
1889 1639 1947 1706 Sed
1980 1645 2081 1706 666666
2107 1655 2163 1722 666
2190 1655 2263 1704 6666
2290 1655 2351 1702 666
2381 1643 2428 1702 666

1467 1741 1607 1808 emollita
1629 1759 1739 1808 eorum
1759 1741 1877 1808 duritia
1895 1745 1934 1812 66
1958 1745 2159 1828 6166666666,
2180 1745 2235 1812 666
2256 1749 2349 1808 aucta
2365 1759 2430 1808 ma-

1467 1843 1586 1910 1666666
1604 1845 1842 1910 detrahendum.
1868 1885 1913 1896 -
1935 1849 2019 1914 Unde
2045 1847 2211 1914 subditur:
2238 1847 2278 1912 Et
2300 1847 2428 1912 dicitis:

1469 1949 1690 2014 Daemonium
1712 1947 1822 2028 hahet,
1847 1953 1923 2036 quia
1944 1951 2103 2018 dissimilis
2126 1960 2174 2018 est
2195 1953 2276 2018 ritae
2300 1950 2427 2018 alienae.

1468 2053 1517 2118 Sic
1532 2051 1678 2118 dicebant
1700 2053 1851 2120 Salvatori
1869 2057 1990 2122 loannis
2011 2055 2173 2122 decimoss:
2195 2057 2427 2122 «Daemonium

1467 2157 1582 2236 habet;
1609 2159 1685 2240 quid
1715 2177 1789 2224 6666
1817 2159 1932 2226 6666666
1953 2167 1996 2226 »t
2018 2159 2106 2226 Unde
2128 2179 2224 2246 opera
2255 2161 2427 2240 virtutum,

1467 2279 1551 2344 quae
1574 2267 1689 2328 sunta
1711 2261 1828 2346 Spiritu
1855 2273 1975 2342 sanata,
2001 2265 2057 2348 ipsi
2090 2283 2131 2330 ex
2156 2265 2295 2348 nequitia
2324 2267 2429 2332 cordis

1467 2365 1684 2432 attribuebant
1704 2365 1877 2446 daemonio,
1893 2369 1975 2434 sicat
1998 2367 2154 2436 Matthaei·
2167 2387 2250 2436 nono
2264 2369 2427 2434 dicebant:

1472 2497 1489 2530 6
1505 2473 1538 2536 16
1563 2471 1702 2556 66666666
1726 2471 1960 2540 daemoniorum
1987 2473 2069 2540 666666
2092 2473 2300 2540 daemonia».
2326 2475 2361 2540 ht
2383 2473 2429 2540 sic

1467 2577 1664 2644 verificatum
1691 2577 1791 2642 66666
1823 2579 1967 2646 66661166
1998 2579 2199 2646 Ecclesiastici
2222 2579 2385 2644 undecimo
2399 2579 2427 2644 ⁹:

1472 2707 1489 2740 «
1506 2683 1588 2748 Bona
1613 2683 1643 2748 in
1675 2683 1756 2748 mala
1787 2693 1974 2750 convertens
2004 2683 2181 2760 insidiatur,
2203 2693 2236 2750 et
2258 2681 2291 2746 in
2321 2683 2427 2750 electis

1466 2787 1606 2872 imponet
1623 2787 1774 2868 maculam
1793 2815 1823 2854 6.
1849 2789 1885 2854 Et
1908 2795 2074 2876 propterea
2090 2789 2231 2868 666666,
2254 2789 2427 2854 666666666

1466 2893 1545 2960 61166
1570 2893 1662 2960 166666
1687 2895 1812 2978 quinto:
1833 2921 1850 2954 «
1868 2897 1946 2964 Vae!
1971 2897 2024 2982 qai
2051 2895 2151 2962 dicitis
2175 2897 2292 2960 bonnm
2309 2895 2427 2960 malum

1467 3005 1500 3068 et
1521 3001 1640 3068 malum
1665 3001 1780 3066 bonum
1800 3029 1828 3068 6,
2124 3053 2126 3056 .

1507 3141 1509 3144 -
1559 3107 1610 3170 60.
1643 3105 1745 3188 (Vers.
1777 3105 1855 3188 36).
1889 3107 2021 3190 Quarta,
2058 3113 2212 3192 quantum
2248 3101 2286 3168 ad
2321 3109 2592 3214 notamoehuqqa.

1468 3207 1689 3294 blasphemiae
1707 3209 1743 3276 in
1766 3211 1986 3278 obduratione
2007 3219 2118 3278 contra
2141 3211 2244 3296 ipsum
2264 3209 2425 3274 Christum
2440 3183 2589 3272 oidiiiioii.

1467 3313 1636 3382 subditur:
1669 3317 1758 3380 Venit
1782 3317 1890 3382 Filias
1919 3317 2062 3384 bominis
2089 3317 2302 3382 manducans
2327 3325 2357 3380 cl
2380 3315 2426 3380 bi-

1467 3419 1563 3500 benr,
1598 3427 1629 3486 et
1663 3419 1705 3486 ita
1738 3423 1768 3488 in
1805 3423 1854 3488 via
1884 3425 2070 3490 clausentiam
2101 3423 2188 3508 quasi
2225 3421 2365 3488 medicus
2394 3427 2426 3488 66

1467 3533 1618 3610 tanquam
1641 3543 1794 3610 sponsas,
1818 3529 1898 3596 sicut
1916 3547 2012 3610 snpra
2028 3529 2192 3612 quinto10:
2222 3527 2315 3592 «Non
2339 3533 2426 3610 pote-

1467 3629 1536 3694 ritis
1565 3629 1644 3696 filios
1667 3631 1770 3712 sponsi
1796 3635 1896 3698 lacere
1923 3633 2075 3710 ieiunare,
2100 3633 2250 3716 quamdiu
2274 3649 2345 3696 cnm
2367 3630 2427 3698 illis

1466 3743 1515 3800 est
1538 3751 1716 3818 sponsas».
1736 3737 1830 3802 —tit
1856 3745 1958 3802 tamen
1984 3755 2044 3800 non
2069 3743 2142 3802 sunt
2166 3737 2240 3800 tnoti
2257 3735 2296 3800 ad
2318 3737 2427 3800 exsul-

1466 3839 1612 3916 tandum,
1636 3839 1691 3902 sed
1721 3839 1880 3922 depravati
1905 3841 1944 3906 ad
1975 3829 2270 3926 blasphemandum;
2297 3845 2325 3906 66
2359 3839 2426 3906 6666

1466 3941 1631 4010 subditur:
1658 3943 1696 4006 at
1722 3943 1852 4012 dicitis:
1886 3947 1980 4022 Ecce,
2009 3941 2104 4010 ltotno
2127 3953 2263 4012 6666666·
2279 3947 2304 3984 11
2327 3953 2357 4010 66
2379 3943 2426 4010 bi-

1466 4045 1542 4112 bens
1566 4047 1702 4124 uincam:
1723 4049 1782 4114 hoc
1806 4047 1914 4116 666666
1930 4056 2082 4134 quantum
2102 4049 2138 4114 66
2163 4047 2426 4134 strperllaitatent
2503 4083 2505 4088 ·

1465 4151 1590 4230 666666,
1616 4153 1703 4236 quasi
1736 4153 1860 4218 dicant:
1891 4171 1952 4220 non
1985 4161 2086 4238 666666
2117 4171 2184 4220 6666
2215 4153 2353 4236 sapiam,
2378 4171 2425 4220 se-

1466 4253 1604 4318 cundnm
1637 4254 1713 4322 61166
1744 4257 1984 4322 Proverbiorum
2015 4259 2182 4340 vigesimo:
2210 4257 2426 4322 «1666666666

1465 4373 1518 4422 666
1546 4357 1652 4422 666666
1679 4366 1709 4424 66
1734 4361 1929 4426 tumultuosa
1954 4361 2132 4426 ebrietas».
2159 4363 2297 4430 Anticus
2317 4361 2426 4444 pobli-

1466 4481 1632 4526 canoram
1654 4471 1685 4528 et
1704 4467 1934 4546 peccatoram,
1958 4473 2112 4548 quantum
2135 4465 2175 4532 ad
2192 4465 2427 4532 inltcneslatern

1466 4567 1645 4646 convictos,
1663 4571 1752 4652 quasi
1772 4569 1890 4634 dicant:
1916 4587 1977 4634 666
1995 4575 2096 4652 666666
2117 4571 2312 4646 emebamus,
2336 4569 2425 4652 qaia,

1466 4671 1548 4736 66666
1572 4672 1688 4738 6666666
1710 4673 1912 4742 Ecclesiastiri
1938 4673 2058 4740 decimo
2081 4673 2175 4738 666166
2188 4675 2223 4750 ¹²,
2253 4697 2268 4728 l
2285 4673 2337 4758 qai
2357 4675 2427 4738 teti-

1466 4775 1548 4856 gerit
1572 4775 1669 4856 picem
1702 4775 1918 4860 inquinabitur
1942 4775 1981 4840 ab
2005 4793 2055 4856 aa,
2078 4782 2112 4841 66
2137 4777 2191 4860 qui
2216 4777 2427 4844 communica-

1466 4877 1549 4944 verit
1572 4879 1708 4964 saperha
1740 4881 1847 4946 induet
1876 4881 2055 4964 superbiam
2080 4907 2111 4944 ».
2140 4879 2198 4946 Sed
2232 4877 2328 4956 666616,
2353 4879 2425 4962 qaia

1468 4981 1614 5048 {eramiae
1637 4983 1758 5050 decimo
1790 4983 1913 5068 quinto:
1943 5009 1959 5040 «
1976 4983 2032 5066 lpsi
2060 4989 2283 5048 contestentur
2315 4979 2353 5044 ad
2378 4987 2425 5058 66,

1466 5095 1499 5152 66
1532 5105 1592 5150 6666
1631 5085 1822 5156 converteris
1855 5087 1893 5152 ad
1929 5105 1983 5154 666
2005 5111 2041 5164 »;
2075 5093 2108 5150 66
2141 5083 2286 5151 Matthaei
2321 5103 2425 5150 nono:

1472 5215 1490 5246 «
1513 5189 1629 5256 antes
1658 5191 1784 5270 discite,
1815 5191 1891 5274 quid
1922 5198 1987 5258 est:
2018 5189 2261 5254 Misericordiam
2297 5187 2364 5252 mlo
2394 5195 2426 5252 et

1466 5313 1527 5360 non
1554 5295 1753 5360 sacrificinm.
1781 5297 1845 5360 Non
1879 5295 1960 5360 enim
1981 5293 2055 5360 ratri
2080 5309 2193 5358 666666
2224 5293 2339 5368 666666,
2372 5291 2424 5356 666

1466 5405 1646 5480 6666666666
1661 5423 1693 5476 a,
1716 5399 1755 5464 ad
1779 5399 2010 5480 poenitentiam.

1557 5503 1608 5564 lil.
1634 5501 1734 5582 (Vers.
1760 5501 1835 5580 stt).
1863 5501 1896 5564 Et
1921 5501 1995 5584 quia
2018 5499 2209 5582 blasphemia
2240 5499 2425 5564 ludaeorum
2444 5507 2590 5564 166666666-

1465 5611 1655 5688 aggraratur
1680 5623 1720 5672 ex
1746 5621 1820 5672 tera
1842 5603 2071 5686 praedicatione
2094 5605 2329 5686 apostotorum,
2359 5601 2427 5666 6666
2480 5565 2548 5606 Μ’

1469 5903 1574 5966 legunt:
1590 5901 1741 5954 secandam
1760 5897 1830 5952 illud
1847 5895 1966 5950 Danielis
1988 5893 2038 5952 lli:
2062 5897 2176 5964 Propter
2199 5897 2314 5950 66666666
2329 5895 2428 5964 popelli

1467 6001 1517 6056 eqo
1530 5987 1628 6040 Daniel
1644 5991 1713 6054 etc.)¹
1732 6013 1768 6026 -
1787 5987 1914 6048 Superius
1934 5999 1982 6048 pro
2002 5999 2055 6050 qua
2074 5983 2175 6036 boumn
2191 5987 2298 6052 perterrti
2316 5983 2342 6036 in
2369 5999 2427 6036 nta-

1467 6073 1540 6138 ltttn,
1562 6075 1633 6140 quod
1652 6073 1751 6138 habent
1773 6071 1839 6132 CH,
1862 6071 1882 6122 D
1906 6083 1960 6138 qua
1980 6069 2077 6122 botttrtn
2105 6069 2202 6122 dicitur
2221 6067 2340 6134 66661666,
2369 6071 2426 6122 Vct.

1466 6159 1531 6230 quia
1553 6157 1652 6212 banton
1668 6155 1834 6226 perentitur
1860 6157 1886 6208 in
1910 6155 2029 6220 6666666666,
2051 6171 2120 6224 quae
2142 6157 2221 6210 etiam
2247 6155 2358 6208 subinde
2376 6169 2425 6220 666

1466 6251 1492 6302 66
1509 6245 1547 6300 ita
1567 6247 1593 6298 in
1613 6245 1655 6300 ria
1675 6245 1823 6298 severitatis
1841 6243 1973 6296 substituit
1994 6243 2046 6296 eila
2066 6243 2094 6296 la
2114 6241 2155 6296 666
2175 6241 2335 6298 6666666666.
2364 6267 2367 6272 ·

1536 6329 1548 6360 ⁸
1569 6335 1641 6384 Vers.
1664 6335 1706 6384 911.
1724 6329 1895 6384 -Subinde
1921 6333 2046 6394 allegatur
2072 6333 2206 6396 61666169,
2226 6329 2268 6382 31.
2287 6359 2323 6368 -
2342 6333 2426 6394 Supe-

1464 6421 1521 6472 rius
1538 6433 1587 6484 666
1603 6419 1674 6470 ritae
1692 6413 1795 6470 alienae
1814 6419 1834 6468 H
1856 6417 1923 6470 66666
1942 6417 2085 6470 lturnanae.

1535 6501 1548 6532 ⁹
1568 6505 1641 6556 Vers.
1661 6505 1710 6562 33,
1729 6511 1787 6566 post
1808 6517 1886 6568 quem
1906 6503 1962 6556 lsai.
1976 6503 2006 6566 5,
2024 6505 2067 6554 99.

1538 6587 1563 6620 ¹⁰
1582 6591 1655 6640 t'ers.
1676 6587 1718 6642 31.
2005 6601 2008 6608 ⁴

1535 6673 1559 6704 ¹¹
1578 6677 1691 6742 Vulgata
1709 6681 1734 6724 et
1757 6679 1813 6730 Vat.
1832 6675 1994 6742 detoralct·,·
2012 6679 2158 6730 6166166616.
2177 6677 2214 6740 11,
2234 6673 2331 6738 696166
2352 6675 2425 6740 poni·

1464 6769 1507 6814 tur
1525 6761 1605 6818 666666
1625 6777 1720 6818 coras·
1741 6791 1774 6806 ·-
1797 6763 1914 6818 Subinde
1936 6767 2062 6830 allegator
2080 6767 2157 6818 Pror.
2177 6767 2223 6828 916,
2248 6766 2268 6815 Ι.

1535 6845 1559 6878 ¹²
1577 6853 1651 6906 Vers.
1677 6853 1698 6914 1,
1715 6861 1775 6928 post
1793 6865 1874 6920 quem
1893 6853 1940 6904 ler.
1962 6853 2005 6916 15,
2028 6855 2067 6904 69.
2085 6859 2112 6904 66
2130 6855 2215 6904 6161116.
2237 6853 2265 6914 9,
2291 6851 2327 6902 13.
