5908 8266
830 613 893 666 SAT
1212 525 1250 592 tN
1272 517 1564 592 COMMENTARIOS
1589 519 1617 586 S.
1642 519 1866 590 sculpturata
2183 619 2243 674 5οΚ
2470 537 2534 602 835

550 701 618 754 Patri
640 703 756 764 tautum,
774 701 821 754 sed
848 701 927 768 etiam
953 701 1030 756 matri
1057 701 1185 756 Ecclesiae
1224 703 1253 756 lis
1271 701 1384 770 relinqui
1403 701 1500 756 veritas
1528 713 1578 752 nou
1604 695 1681 752 debet
1698 695 1772 762 ibid,
1791 701 1805 752 3
1824 727 1861 740 -
1899 701 1964 758 dicit
1980 701 2172 770 cognitionem,
2191 709 2325 762 4441444444
2342 709 2535 762 occasionaliter

554 793 603 844 173
623 793 656 844 32
675 819 709 832 -
731 793 883 848 satisfacere
900 799 939 848 est
956 809 1052 848 causas
1067 797 1186 858 peccate·
1224 791 1331 858 Propter
1358 791 1511 844 scandatum
1542 801 1593 842 uon
1619 793 1660 840 est
1676 785 1862 842 dimittendum
1898 791 1939 842 vet
1961 795 2066 854 propter
2086 791 2463 846 immunditiamconscientiae
2477 809 2536 858 pro·

550 895 610 934 rum
629 881 749 934 excidere
766 887 794 934 et
810 881 850 932 eis
868 881 994 944 peccandi
1012 881 1114 934 aditum
1132 895 1186 932 non
1224 879 1297 944 quod
1314 885 1356 932 cst
1371 881 1503 944 perfectae
1522 875 1634 932 iustitiae
1654 873 1762 930 ibid-
1775 875 1860 942 04444
1900 875 2173 940 444444414444444
2198 885 2334 942 444441444
2357 881 2535 944 perversitatis

549 969 687 1034 indulgere
704 967 756 1022 394
776 971 810 1022 32
1208 951 1389 1032 4444444444444
1416 983 1470 1022 non
1492 971 1553 1020 sunt
1580 965 1734 1020 dimittenda
1751 969 1862 1030 propter
1901 963 2046 1016 411444421
2070 977 2098 1030 q.

603 1085 639 1098 -
656 1059 703 1110 Per
722 1055 840 1110 laborem
859 1055 1041 1110 satisfactionis
1058 1055 1185 1110 munditia
1224 1055 1375 1109 scandatum
1394 1055 1457 1110 ibid.
1477 1083 1511 1096 -
1530 1055 1656 1120 Exempto
1673 1049 1769 1108 Christi
1787 1053 1863 1106 indit·
1951 1077 1985 1092 -
2002 1049 2091 1102 Homo
2108 1063 2157 1114 444
2174 1051 2317 1104 1444444444
2339 1051 2472 1104 scientiam
2485 1055 2536 1104 tre-

551 1145 690 1210 spirituatis
715 1149 886 1210 recuperetur
914 1145 946 1196 Vt
974 1145 1024 1196 600
1051 1143 1065 1196 2
1084 1173 1120 1182 -
1138 1145 1187 1198 Per
1225 1143 1330 1196 ferentia
1349 1149 1410 1196 suut
1422 1143 1576 1196 dimittenda
1590 1151 1696 1214 propter
1709 1141 1860 1196 scandatum
1899 1145 2010 1206 quenter
2030 1137 2119 1190 irridet
2138 1139 2222 1190 [teum
2239 1145 2267 1192 at
2292 1139 2460 1192 sicetfieitur
2476 1139 2536 1190 4441-

550 1233 750 1286 satisfactionem
768 1235 891 1298 peccator
911 1231 1028 1284 redditur
1046 1233 1122 1286 matri
1142 1235 1188 1286 Ee·
1225 1227 1287 1284 ibid.
1304 1259 1341 1270 —
1358 1233 1467 1298 Propter
1493 1231 1646 1286 scandatum
1673 1229 1793 1284 Christus
1808 1247 1860 1286 nen
1900 1233 1940 1280 tus
1963 1229 2001 1280 4’11
2023 1225 2073 1278 215
2093 1225 2125 1278 92
2147 1253 2179 1264 -
2193 1225 2276 1279 Stulta
2287 1231 2327 1278 est
2339 1225 2454 1292 scientia,
2467 1241 2536 1292 quae

551 1321 642 1374 etesiae
663 1319 704 1374 4411
726 1319 774 1370 473
802 1321 834 1372 32
854 1349 888 1358 -
908 1321 1023 1374 Mortuus
1047 1319 1187 1384 spiritualis
1225 1319 1323 1370 dimisit
1348 1319 1504 1372 documenta
1529 1319 1646 1372 veritalis
1672 1317 1734 1372 idid.
1758 1347 1793 1358 -
1811 1319 1862 1388 Qui
1900 1317 2000 1370 deridet
2018 1313 2172 1380 sapientiam
2191 1311 2252 1368 ibid.

551 1407 606 1462 abit
623 1409 648 1460 in
677 1407 852 1460 satisfactione
878 1409 912 1460 Vt
931 1409 978 1460 591
1002 1409 1018 1462 3
1039 1437 1071 1448 -
1091 1409 1188 1474 colligit
1225 1409 1431 1462 scandalizantur
1448 1421 1530 1472 super
1547 1407 1663 1472 lapidem
1674 1405 1805 1460 Christum
1819 1421 1862 1462 ca·
1952 1433 1986 1446 -
2004 1403 2166 1460 Christianus
2182 1400 2263 1458 debet
2281 1407 2441 1458 4444444444
2456 1405 2535 1460 scien·

549 1499 649 1562 lapides
669 1495 816 1550 offensionis
842 1497 870 1548 31
895 1511 922 1550 v.
940 1499 955 1548 8
976 1499 1185 1562 -impeditur,
1225 1497 1360 1550 4441509
1379 1495 1416 1548 24
1900 1495 1932 1548 414
1952 1495 1996 1548 1444
2024 1495 2054 1546 441
2081 1493 2132 1546 552
2153 1495 2166 1544 8
2195 1521 2229 1530 --
2256 1493 2450 1548 praedicatores
2471 1493 2533 1548 boni

509 1645 511 1650 Ι
549 1583 627 1648 tigata
647 1597 726 1634 manu
739 1583 786 1646 per
799 1585 976 1640 inordinatum
989 1591 1121 1652 torperem
1133 1587 1185 1640 593
1278 1583 1592 1638 844444-14444414444
1617 1583 1743 1634 scelerum
1769 1585 1861 1638 alieno·
1898 1585 2031 1650 repteutur
2056 1595 2073 1632 a
2100 1581 2212 1635 Domino
2237 1581 2344 1634 scientia
2364 1583 2398 1632 90
2417 1597 2444 1634 v.
2464 1583 2478 1634 6
2498 1609 2533 1620 -·

550 1685 576 1722 v.
597 1669 628 1722 tt
647 1699 684 1708 -
700 1669 816 1724 iniuncta
833 1673 966 1736 peccatori
979 1673 1187 1728 absolvitavin·
1224 1687 1284 1726 rum
1317 1677 1378 1724 suut
1416 1671 1555 1738 participes
1592 1669 1782 1736 suppliciorum
1817 1673 1860 1724 Vtt
1899 1669 1983 1724 Clavis
2000 1671 2123 1724 scientiae
2143 1675 2271 1738 quantum
2288 1671 2324 1724 ad
2350 1667 2465 1722 cilicium
2483 1671 2535 1722 dis·

551 1757 616 1810 cutis
632 1757 741 1824 triplicis
757 1761 917 1814 difficultatis
935 1759 985 1814 406
1004 1763 1039 1814 63
1227 1757 1277 1810 424
1296 1757 1329 1812 58
1899 1759 2057 1824 pausationis
2077 1759 2211 1814 doetrinae
2226 1757 2403 1826 principaliter
2414 1763 2455 1810 est
2466 1757 2535 1810 Chri-

605 1847 1060 1914 8444444444-44444414444444444
1079 1849 1186 1902 divinae
1277 1847 1431 1898 Scauorncm
1448 1871 1485 1886 -
1508 1847 1563 1898 4444
1590 1847 1683 1898 festum
1712 1841 1860 1897 tabernacu·
1899 1847 1928 1900 sti
1949 1853 2073 1914 tanqrram
2092 1847 2188 1900 summi
2208 1847 2498 1902 44414444441130999

551 1931 675 1988 bonitatis
691 1937 736 1988 4411
761 1937 811 1990 147
831 1937 866 1990 49
883 1965 921 1976 -
941 1937 1058 1990 84444444
1076 1937 1185 2000 dicitur,
1224 1935 1323 1998 lorum,
1349 1935 1421 2000 quod
1445 1931 1560 1986 debebat
1587 1931 1643 1984 fieri
1666 1931 1692 1982 in
1714 1931 1860 1996 Septembri
1952 1963 1986 1976 -
2004 1941 2043 1988 est
2060 1937 2171 2002 pecunia
2190 1935 2268 1992 uobis
2290 1949 2412 1990 concesse
2431 1937 2466 1988 ad
2483 1937 2535 1988 tru-

551 2023 657 2090 quando
676 2023 736 2090 quis
752 2039 807 2078 non
824 2027 881 2078 vult
898 2024 1186 2090 amptiusdeeuquod
1224 2021 1256 2074 Vt
1277 2021 1364 2074 3403
1900 2023 2252 2076 414444444444141128536
2278 2053 2313 2066 -·-
2341 2023 2478 2078 distributa
2497 2039 2535 2078 re·

551 2111 720 2164 desiderabat
737 2113 770 2165 Vt
791 2113 822 2184 16
844 2129 869 2180 q.
887 2115 904 2162 2
923 2125 980 2176 arg.
998 2113 1014 2162 2
1278 2109 1434 2162 8444444444
1453 2107 1627 2176 -dissipaut
1639 2109 1744 2162 vineam
1757 2107 1860 2162 Domini
1899 2111 1962 2176 41444
1978 2111 2167 2164 incrementum
2186 2113 2219 2166 441
2240 2113 2290 2164 154
2309 2129 2337 2166 v.
2350 2115 2431 2166 44-
2446 2113 2535 2168 Sciens

606 2201 671 2252 Saue
687 2225 723 2236 -·
743 2201 807 2264 Vbs,
826 2213 880 2264 (1440
907 2197 1185 2260 4014994934444454414,
1225 2197 1268 2248 Vll
1289 2197 1338 2246 463
1359 2195 1411 2246 402
1899 2203 2002 2266 peccat,
2023 2199 2043 2250 si
2060 2213 2113 2252 uon
2135 2201 2310 2252 communicat
2330 2201 2472 2254 doctrinam
2491 2201 2535 2254 4411

551 2291 608 2338 4444
623 2285 757 2348 lenticula,
778 2285 874 2340 scilicet
896 2299 943 2338 vas
969 2285 1060 2350 fragile
1085 2285 1128 2338 4411
1152 2285 1185 2336 39
1279 2283 1860 2336 844444444-044444444444444444144444444
1899 2285 2022 2340 251408

552 2373 605 2426 424
621 2401 658 2410 -
676 2383 737 2426 eum
755 2375 804 2428 fuit
819 2373 955 2440 4444444444,
974 2371 1141 2438 prophetavit
1154 2373 1185 2424 Vt
1226 2369 1374 2422 desiderant
1393 2373 1426 2424 Vt
1445 2373 1476 2422 24
1497 2387 1525 2438 q.
1543 2399 1580 2410 -ι
1603 2385 1666 2426 vera
1684 2377 1725 2426 est
1745 2371 1860 2438 cognitio
1952 2403 1986 2414 -
2006 2373 2054 2440 Qud
2075 2373 2121 2426 scit
2140 2371 2218 2427 debet
2234 2375 2313 2426 ctiam
2334 2377 2417 2426 lacere
2438 2375 2533 2428 441428

552 2459 604 2512 408
623 2461 657 2512 69
675 2489 709 2498 -
734 2462 761 2514 14
788 2463 849 2514 Saul
875 2477 928 2516 non
951 2461 1048 2514 mansit
1075 2459 1186 2526 Spiritus
1226 2463 1295 2510 certa
1312 2465 1340 2510 et
1356 2459 1419 2510 nulli
1438 2459 1541 2512 falsitati
1562 2461 1690 2524 permina
1713 2459 1763 2512 455
1781 2475 1806 2512 v.
1829 2459 1860 2512 17
1899 2463 1926 2516 24
1953 2489 1985 2500 -
2003 2459 2052 2514 Ubi
2074 2461 2158 2514 maius
2175 2465 2216 2512 est
2231 2459 2334 2516 donum
2351 2463 2482 2528 scientiae,
2496 2463 2533 2516 ibi

551 2555 656 2604 sanctus
676 2549 722 2602 444
745 2551 780 2604 aa
798 2579 833 2590 -
852 2549 1029 2616 superbiendo
1043 2549 1128 2602 amisit
1146 2563 1186 2600 re-
1225 2551 1316 2600 -444
1334 2545 1458 2612 perfectio
1475 2547 1659 2612 intelligentiae
1676 2549 1722 2600 464
1745 2547 1807 2600 vui
1829 2575 1860 2586 -·
1900 2555 2076 2614 transgressor
2102 2547 2195 2600 maiori
2221 2549 2339 2602 subiacet
2367 2551 2460 2614 culpae
2489 2551 2533 2604 Vll

552 2639 624 2702 giem
644 2639 756 2692 chrisma
778 2639 818 2692 4411
841 2639 891 2692 285
911 2639 943 2690 37
1226 2639 1263 2688 441
1283 2633 1374 2688 nobilis
1394 2639 1532 2688 thesaurus
1548 2637 1652 2690 animae
1670 2635 1722 2690 454
1738 2649 1767 2690 v.
1781 2635 1812 2688 14
1827 2663 1860 2674 -
1900 2639 1951 2692 269
1970 2639 2014 2690 21.
2032 2639 2084 2690 329
2102 2637 2137 2688 67

606 2727 684 2780 Suum
702 2757 738 2764 -
755 2725 832 2780 iacob
851 2725 981 2792 siguificat
994 2725 1125 2780 Christum
1145 2729 1188 2780 4411
1226 2725 1274 2776 Per
1291 2723 1415 2778 decorem
1433 2723 1555 2776 scientiae
1575 2725 1723 2778 ornandum
1741 2731 1782 2778 est
1799 2729 1860 2776 tem·
1951 2755 1984 2766 -·
2003 2727 2211 2792 salamanca,
2228 2725 2284 2780 sine
2302 2741 2354 2794 qrra
2374 2741 2426 2780 non
2446 2731 2534 2802 estse·

552 2815 604 2866 588
623 2815 692 2866 b-
710 2817 757 2868 Per
777 2819 873 2870 scalam
892 2813 969 2868 iacob
986 2815 1122 2880 designata
1142 2817 1188 2870 tuit
1227 2813 1299 2878 ptum
1318 2813 1422 2864 animae
1439 2811 1490 2864 550
1514 2813 1545 2864 40
1563 2843 1599 2852 -
1622 2813 1741 2866 sublimis
1767 2813 1861 2866 dicitur
1898 2815 2048 2870 14444141
2077 2813 2127 2868 437
2146 2841 2180 2852 -
2200 2815 2287 2868 saluus
2305 2823 2345 2868 est
2363 2813 2532 2870 inremissio-

551 2901 627 2956 beata
656 2903 738 2968 Virgo
762 2907 796 2956 27
818 2903 854 2956 70
880 2933 917 2944 -
942 2903 1065 2968 designat
1091 2903 1186 2956 librum
1225 2901 1323 2956 ratione
1343 2901 1502 2954 certitudinis
1522 2899 1567 2954 244
1593 2903 1607 2952 6
1899 2919 1960 2958 nem
1978 2909 2148 2968 peccatorum
2165 2899 2226 2954 ibid.

552 2989 701 3056 8444444444
721 2997 744 3044 44
772 2997 908 3044 creaturae
934 2993 1188 3046 23559-144414
1278 3015 1313 3028 -·
1332 2989 1419 3044 omnis
1436 2989 1471 3042 de
1497 3005 1596 3054 genere
1620 2991 1752 3044 bonorum
1771 2995 1809 3044 est
1828 2991 1860 3042 Vt
1892 2983 1893 2986 ’
1952 2995 2082 3046 8444444444
2099 3019 2135 3030 -·
2152 2993 2179 3044 tu
2198 2991 2304 3044 scintilla
2330 2999 2442 3060 quatuor
2459 2993 2533 3044 dotes

551 3077 680 3142 significat
705 3077 882 3134 obedientiam
908 3081 940 3134 Vt
971 3079 1020 3132 472
1048 3095 1076 3134 r.
1097 3083 1127 3134 40
1154 3111 1188 3120 —
1227 3079 1279 3132 205·
1301 3077 1363 3130 vat
1382 3107 1418 3116 -
1436 3079 1524 3132 omnis
1549 3093 1563 3130 a
1595 3081 1711 3134 044441
1736 3077 1797 3134 ibid.
1828 3107 1861 3118 ·-
1899 3081 2017 3146 corporis
2041 3079 2127 3134 notari
2153 3087 2264 3146 possunt
2285 3081 2320 3134 Vt
2348 3081 2399 3134 428
2417 3095 2445 3134 v.
2463 3081 2479 3134 7
2498 3109 2533 3118 -

552 3167 601 3218 Per
623 3179 683 3220 eam
712 3169 888 3222 conscendere
916 3167 1013 3222 debeat
1040 3169 1189 3224 sacerdotes
1226 3171 1265 3220 est
1282 3153 1380 3220 donum
1400 3167 1503 3232 pietatis
1524 3169 1575 3220 362
1596 3167 1621 3220 44
1647 3181 1704 3230 arg.
1724 3195 1762 3208 -
1785 3167 1860 3220 datur
1898 3169 2313 3234 4444444444411444444444444
2332 3173 2439 3236 propter
2460 3175 2535 3224 uatu-

551 3253 699 3308 sicutboni
720 3257 912 3320 contemplativi
931 3257 1082 3310 44115886
1225 3269 1238 3308 4
1267 3257 1321 3306 Deo
1346 3253 1380 3306 27
1406 3269 1431 3306 4.
1452 3257 1485 3306 26
1507 3281 1546 3294 -
1567 3257 1680 3308 hominis
1704 3269 1755 3308 non
1780 3261 1820 3308 est
1846 3269 1859 3308 a
1898 3273 1943 3312 rue
1961 3257 2127 3310 subtilitatem
2153 3261 2178 3308 et
2205 3263 2290 3310 motus
2319 3257 2459 3322 agilitatem
2481 3257 2532 3310 440

438 3355 443 3366 ’
501 3389 502 3392 ,
604 3343 1188 3398 841444444-444444444414441444444444
1225 3357 1267 3406 44,
1286 3341 1439 3394 44441444
1459 3343 1491 3394 76
1513 3357 1539 3394 v.
1558 3343 1593 3396 12
1614 3371 1652 3382 -
1676 3347 1717 3396 444
1743 3343 1791 3396 Dal
1818 3357 1860 3410 po·
1898 3347 1960 3398 v.2

551 3431 584 3484 Vt
605 3431 656 3484 489
675 3431 709 3486 67
728 3445 785 3500 arg.
800 3461 838 3472 -
854 3437 894 3486 est
910 3431 1032 3498 impietas
1049 3431 1188 3498 spiritualis
1225 3431 1277 3484 tius
1294 3443 1374 3496 quam
1394 3435 1481 3484 nostra
1499 3431 1543 3482 Vll
1562 3431 1613 3482 485
1634 3431 1665 3482 36
1953 3435 2030 3486 seon
2048 3461 2085 3470 —
2102 3431 2272 3486 confessionis
2289 3433 2400 3487 mundat
2417 3439 2534 3498 peccato·

551 3521 1187 3586 4144242-·444444444444444414444444414
1278 3547 1312 3560 -
1331 3521 1367 3572 De
1386 3517 1512 3572 creaturis
1531 3517 1661 3572 trahentur
1673 3519 1772 3572 multae
1783 3519 1861 3572 scien·
1899 3535 1955 3572 rem
1974 3521 2007 3574 Vt
2027 3521 2111 3574 6002

550 3611 666 3662 autunum
683 3609 796 3674 proximi
820 3609 927 3672 occidit,
949 3615 975 3662 et
995 3609 1056 3662 ideo
1075 3609 1132 3674 ipse
1152 3609 1188 3662 di·
1225 3607 1276 3662 tiae
1303 3607 1338 3660 Vt
1363 3605 1399 3658 72
1427 3609 1488 3672 [pi
1517 3633 1551 3646 —
1576 3613 1695 3660 secantur
1714 3605 1740 3656 iu
1760 3619 1800 3660 res
1820 3607 1861 3660 4444
1953 3611 2057 3662 8444444
2077 3635 2109 3650 -·
2130 3609 2250 3674 designat
2267 3609 2475 3674 desperationem
2489 3611 2533 3664 Vll

551 3711 618 3762 gnus
637 3701 723 3750 morte
740 3695 852 3750 eflicitur
868 3695 980 3750 444444.-
996 3701 1185 3762 estpeceatum
1225 3699 1293 3750 622
1899 3695 1952 3750 287
1970 3697 2005 3750 93

551 3799 631 3850 grave
652 3785 678 3838 ia
695 3785 819 3840 omuibus
840 3785 889 3836 227
911 3785 924 3836 6
944 3815 979 3824 -
997 3791 1038 3840 441
1049 3791 1186 3852 peccatum
1277 3813 1312 3824 -
1331 3783 1416 3838 omnis
1433 3797 1481 3848 per
1499 3797 1529 3836 se
1546 3791 1594 3838 est
1611 3785 1647 3836 de
1664 3783 1780 3836 1444441
1796 3797 1860 3836 vero
1953 3787 2058 3838 9444444
2072 3813 2104 3826 -
2117 3791 2192 3838 erant
2204 3785 2235 3838 de
2249 3789 2319 3838 secta
2335 3785 2533 3840 Pharisaeorum

550 3887 632 3938 grave
652 3875 765 3926 maxime
784 3875 807 3926 44
827 3875 867 3926 1414
885 3875 1188 3942 quorumvttatruhtuu
1225 3875 1257 3928 Vt
1277 3875 1292 3928 7
1311 3875 1374 3940 epi
1397 3871 1422 3926 t*
1442 3901 1476 3924 -,-
1493 3873 1716 3926 Deuruabltitate
1727 3877 1861 3926 creaturae
1899 3875 1943 3926 Vtt
1962 3874 2013 3926 546
2041 3875 2077 3928 46
2095 3901 2130 3912 -
2147 3873 2337 3938 praecellebant
2363 3875 2462 3928 ratione
2489 3875 2532 3926 do·

550 3963 575 4014 iu
596 3963 744 4026 exemptum
763 3961 825 4018 4044.
1225 3969 1264 4016 444
1283 3961 1389 4016 scientia
1408 3976 1456 4028 per
1474 3975 1502 4014 se
1523 3959 1554 4016 44.
1576 3977 1602 4030 u.
1623 3965 1687 4014 2-
1700 3975 1752 4014 non
1772 3965 1809 4012 est
1829 3961 1861 4012 dc
1898 3963 1995 4014 ctriuae
2024 3961 2183 4016 22736-
2209 3961 2393 4016 desiderabant
2420 3965 2533 4016 honoras

603 4077 639 4090 -
657 4055 701 4102 aut
720 4054 759 4103 est
778 4067 808 4104 eu
827 4049 1092 4104 infirmitatesicuttn
1111 4051 1188 4106 disci·
1225 4051 1338 4104 vanitate
1355 4049 1509 4116 privationis
1522 4051 1689 4104 omnimodae
1701 4047 1764 4102 ibid.
1781 4049 1861 4102 -da
1898 4049 1950 4102 549
1969 4049 2003 4102 52
2021 4079 2056 4088 -
2076 4055 2102 4104 tn
2121 4047 2213 4102 scribis
2237 4055 2291 4104 erat
2318 4055 2397 4102 fastus
2424 4055 2532 4116 propter
2633 4089 2634 4092 ,

549 4139 632 4204 444144,
653 4143 696 4190 444
716 4151 745 4190 444
765 4139 924 4204 malignitate
951 4139 1020 4192 sicut
1044 4139 1071 4192 iu
1096 4139 1188 4192 scribis
1226 4145 1343 4192 creatura
1361 4145 1392 4192 ut
1410 4137 1530 4192 mutabili
1546 4145 1587 4192 est
1602 4151 1665 4190 vera
1679 4135 1742 4190 ibid.
1761 4165 1793 4176 -
1806 4141 1860 4204 pot·
1898 4139 2073 4192 exceltentiam
2091 4135 2249 4202 cognitionis
2267 4139 2313 4192 604
2336 4139 2352 4190 2

549 4233 575 4280 44
595 4227 738 4280 pharisaeis
757 4229 801 4282 441
822 4229 870 4280 476
893 4227 924 4280 24
944 4229 1134 4294 -atiquando
1148 4241 1188 4282 oc·
1225 4235 1264 4282 est
1282 4241 1340 4280 esse
1357 4229 1392 4280 de
1410 4241 1493 4290 vano,
1514 4227 1539 4280 in
1562 4233 1689 4296 quantum
1715 4235 1755 4280 est
1778 4241 1809 4280 ex
1827 4227 1862 4280 ni·
1952 4253 1986 4266 -··
1999 4223 2533 4292 volebantsalutariintocopubticoprius

549 4317 681 4370 casiuuem
701 4317 943 4370 sumitnonsotum
958 4319 1188 4384 demeto,verum
1225 4319 1278 4370 hilo
1295 4315 1359 4370 ibib.
1380 4345 1414 4354 -
1433 4329 1486 4370 nou
1506 4319 1544 4368 ast
1562 4317 1597 4370 de
1614 4331 1668 4370 nen
1680 4313 1862 4370 exsistentibus
1901 4319 2031 4382 tempere,
2060 4313 2143 4370 altiori
2166 4327 2234 4366 voca
2261 4321 2286 4370 44
2309 4317 2431 4368 inclinato
2450 4315 2533 4382 capite

550 4405 627 4456 etiam
648 4403 681 4456 de
699 4403 771 4458 bono
791 4405 842 4458 426
862 4407 877 4456 2
897 4433 932 4442 -
952 4405 1054 4458 venite
1075 4405 1150 4458 malis
1163 4409 1188 4456 44
1227 4407 1278 4460 155
1296 4419 1324 4456 v.
1345 4403 1377 4456 47
1899 4405 1944 4457 4411
1964 4405 2015 4456 519
2033 4403 2069 4456 52
2087 4431 2121 4442 -
2141 4403 2323 4456 desiderabant
2339 4405 2439 4468 primas
2451 4405 2534 4458 cathe-

548 4487 930 4556 permansum—tutae
949 4479 1185 4558 scandalizantem
1278 4521 1313 4532 -
1333 4493 1476 4558 acquiritur
1493 4493 1672 4546 certamineet
1686 4491 1862 4556 disputatione
1898 4493 1961 4544 dras
1977 4493 2007 4544 in
2023 4491 2165 4558 synagogis
2184 4499 2289 4556 propter
2309 4493 2417 4556 gloriam
2438 4493 2462 4544 in
2479 4493 2533 4544 effi·

548 4593 598 4646 per
614 4579 770 4634 dictumrel
784 4585 879 4634 tactum
899 4581 1188 4646 miuusrectumprae-
1226 4583 1258 4634 141
1278 4581 1330 4632 465
1349 4595 1375 4634 v.
1390 4581 1421 4632 48
1436 4581 1593 4634 -habetur
1604 4595 1653 4644 per
1664 4579 1860 4646 acquisitionem
1899 4581 1940 4634 cio
1958 4579 2019 4634 ibid.
2038 4579 2274 4634 -desiderabant
2301 4581 2400 4646 primos
2418 4579 2532 4634 discubi-

550 4666 612 4722 beut
629 4667 794 4722 occasionem
812 4669 906 4722 ruinae
923 4665 959 4722 ib.
978 4667 992 4718 2
1014 4695 1046 4706 -
1065 4667 1185 4734 spiritum
1224 4667 1325 4720 34221
1347 4667 1863 4722 -Desideriumscientiaeuoncom·
1899 4673 1942 4724 tus
1959 4671 1986 4720 iu
2012 4667 2140 4722 conviviis
2166 4673 2292 4736 quantum
2322 4669 2355 4722 ad
2380 4669 2488 4736 gloriam
2508 4669 2532 4722 iu

549 4757 618 4808 vitae
627 4755 654 4806 in
664 4757 734 4808 44444
745 4757 834 4810 444444
843 4753 1186 4820 exstinguitibid.·-Scau·
1223 4755 1354 4820 41414451
1378 4753 1440 4808 447
1577 4757 1578 4760 ’
1899 4757 1974 4822 signo
1994 4755 2056 4810 ibid.
2075 4787 2107 4796 —
2129 4757 2367 4824 reprehendantur,
2386 4757 2448 4824 quia
2465 4757 2534 4810 iude-

549 4843 664 4898 dalizaus
681 4845 765 4898 aufert
782 4845 883 4898 Christe
902 4843 964 4896 illud
982 4843 1055 4910 qued
1074 4843 1187 4896 maxime
1277 4873 1312 4882 -
1331 4857 1437 4910 semper
1457 4847 1575 4912 quodam
1599 4845 1678 4898 modo
1703 4851 1863 4898 renovantur
1900 4843 1953 4898 bile
1970 4844 2154 4898 desiderabant
2183 4845 2317 4910 honorari,
2343 4829 2397 4898 44444
2426 4849 2532 4910 4444144

549 4939 627 4984 aurat·
640 4931 689 4984 427
711 4931 726 4982 6
1224 4933 1311 4988 44197
1337 4949 1362 4988 4.
1391 4935 1422 4986 42
1443 4961 1476 4974 -
1500 4933 1600 4988 Sufficit
1623 4933 1692 4988 seire
1709 4933 1862 4996 necessaria,
1899 4931 2074 4988 exceltentiam
2091 4931 2226 4998 diguitatis
2244 4931 2307 4988 ibid.

602 5047 639 5060 -
657 5033 771 5086 poenam
789 5035 913 5088 magnam
938 5027 1053 5074 merctur
1073 5021 1115 5072 th
1136 5017 1186 5072 447
1224 5039 1278 5078 non
1295 5037 1365 5076 nova
1385 5021 1447 5078 ibib.
1951 5049 1986 5060 -
2006 5021 2161 5074 videbantur
2181 5021 2229 5074 viri
2249 5023 2301 5074 lide
2320 5021 2391 5088 digni
2406 5023 2439 5088 in
2451 5021 2532 5076 rerba

551 5109 627 5160 5,-
656 5109 782 5162 84444414
809 5117 840 5164 44
863 5111 938 5176 operi
966 5107 1188 5162 deaedificationis
1279 5139 1315 5152 --·
1334 5125 1460 5176 praesens
1476 5111 1591 5166 hominis
1609 5111 1695 5176 magis
1712 5111 1861 5176 potestdici
1898 5109 2059 5162 4444444441
2078 5111 2102 5160 iu
2122 5109 2241 5174 44444414
2261 5111 2302 5162 711
2321 5111 2531 5164 54853-444

553 5211 652 5262 magua
672 5195 786 5252 debetur
811 5201 898 5264 poena
921 5195 957 5252 ib.
975 5199 990 5248 6
1011 5195 1189 5250 -44444414-
1226 5201 1368 5264 similitudo
1389 5199 1511 5252 scientiae
1528 5213 1608 5268 quam
1632 5199 1738 5252 scientia
1760 5201 1790 5254 441
1812 5200 1861 5252 462
1898 5203 1959 5252 sunt
1975 5197 2093 5250 imitandi
2122 5209 2169 5250 uec
2195 5203 2322 5264 quantum
2349 5199 2384 5252 ad
2401 5199 2533 5252 carnalita-

550 5299 612 5338 zans
629 5285 762 5348 obligatur
781 5301 834 5340 non
860 5291 947 5340 sotum
971 5285 1004 5338 ad
1024 5285 1188 5338 reddendam
1226 5303 1253 5342 v.
1273 5291 1287 5338 8
1305 5315 1342 5328 -
1360 5303 1485 5354 praesens
1514 5287 1626 5342 bominis
1653 5289 1750 5342 multae
1773 5287 1862 5342 dubie
1898 5293 1951 5340 tem
1969 5299 2018 5338 nec
2035 5289 2161 5354 quantum
2183 5285 2215 5338 ad
2240 5287 2407 5352 cupiditatem
2429 5285 2478 5338 519
2500 5285 2532 5340 55

550 5373 666 5426 animam
684 5387 777 5438 suam,
802 5387 899 5428 verum
925 5373 1004 5426 etiam
1030 5377 1054 5426 et
1073 5373 1187 5426 animam
1226 5379 1272 5430 tati
1291 5381 1317 5428 et
1335 5377 1497 5440 ignorantiae
1516 5381 1554 5430 est
1573 5377 1701 5444 permixta
1717 5375 1779 5432 ibid.
1897 5403 1934 5414 —
1952 5379 2024 5428 44444
2042 5375 2207 5428 simulatores
2234 5377 2358 5428 virtutum
2379 5375 2411 5428 ad
2432 5381 2534 5440 captan-

550 5459 750 5514 scandalizatam
770 5459 831 5516 ibid.
1249 5501 1251 5508 ·
1279 5495 1313 5504 —
1334 5467 1524 5530 contemplatur
1541 5465 1625 5518 Deum
1650 5465 1678 5518 iu
1706 5467 1760 5520 suis
1776 5465 1863 5532 operi·
1898 5465 1960 5516 dam
1978 5463 2082 5516 taudem
2101 5471 2129 5516 et
2145 5463 2283 5528 pecuniam
2304 5461 2366 5518 ibid.

603 5549 807 5618 -Scandatum
819 5549 933 5602 activum
947 5547 1016 5602 bene
1028 5553 1113 5614 potest
1129 5549 1189 5616 quis
1226 5553 1277 5606 bus
1293 5555 1329 5606 441
1346 5553 1382 5606 75
1400 5567 1425 5606 v.
1444 5555 1577 5606 9—-uon
1588 5559 1628 5608 ast
1639 5555 1710 5618 apud
1721 5555 1818 5608 interos
1829 5555 1862 5608 ad
1951 5579 1985 5592 -
2012 5553 2227 5606 erantetircaces
2256 5553 2288 5606 ad
2314 5551 2460 5606 nocendum
2492 5555 2534 5606 Vtt

551 5637 652 5690 evitare
669 5637 715 5688 4444
743 5635 792 5690 tab
823 5639 838 5690 2
865 5663 902 5676 -
924 5637 1081 5688 scandatum
1108 5637 1189 5700 passi·
1226 5641 1457 5708 contemplandum
1469 5643 1553 5694 Deum
1568 5641 1863 5708 insuisoperibusibt'd.
1898 5641 1951 5692 548
1979 5641 2013 5694 53
2030 5667 2068 5680 ·-
2084 5639 2237 5694 invidebant
2262 5643 2403 5708 sapientiae
2431 5641 2533 5694 Domini

550 5737 615 5776 vum
639 5723 738 5776 evitare
756 5739 807 5778 non
828 5729 866 5778 est
885 5725 911 5776 in
928 5729 1056 5788 potestate
1075 5723 1190 5778 hominis
1278 5757 1315 5768 -
1333 5729 1449 5796 disponit
1466 5731 1502 5782 ud
1520 5729 1657 5784 consitium
1676 5729 1815 5786 44114747
1828 5759 1863 5768 --
1898 5729 1932 5780 Vt
1952 5729 2004 5780 354
2028 5727 2043 5780 4
2072 5755 2106 5768 -
2126 5733 2231 5794 4444444
2253 5729 2421 5784 ambitionem
2450 5733 2534 5784 cathe-

550 5809 612 5866 ibid.
632 5811 818 5866 -Debemus
836 5811 953 5878 separari
977 5811 1056 5864 etiam
1076 5811 1108 5864 ab
1127 5813 1190 5864 ami·
1225 5817 1333 5882 respicit
1360 5819 1519 5882 'temporatia
1556 5819 1731 5884 dispensanda
1763 5819 1795 5870 Vt
1828 5817 1860 5868 27
1899 5815 1962 5866 4444
1980 5813 2138 5878 magistralis
2154 5817 2317 5882 quaerebant
2333 5815 2463 5870 Christum
2478 5831 2534 5884 per·

550 5901 597 5964 cia,
614 5899 638 5954 si
656 5901 846 5958 scandalizant,
859 5899 912 5954 427
930 5897 946 5950 2
965 5929 999 5936 -
1018 5913 1071 5952 444
1089 5903 1128 5950 444
1146 5913 1189 5964 pa·
1226 5919 1254 5958 v.
1273 5907 1305 5958 26
1898 5901 1962 5954 4444
1980 5915 2027 5966 444
2055 5901 2145 5954 odium
2170 5903 2337 5966 malignitatis
2362 5905 2403 5960 4411
2430 5905 2481 5958 500
2500 5905 2533 5958 74

550 5989 669 6044 tiendum
688 6001 736 6054 pro
756 6003 807 6042 uuo
837 5989 906 6042 mato
931 5993 1021 6042 contra
1046 5999 1189 6052 congrega·
1279 6021 1314 6032 —
1332 5995 1359 6046 14
1378 5993 1491 6046 scientiis
1511 5993 1623 6046 iuvantis
1650 5991 1685 6044 ab
1712 5991 1863 6044 hominihus
1898 6015 1935 6028 -·
1952 5989 2039 6040 miuus
2058 6001 2138 6056 quam
2156 5989 2198 6042 atii
2215 5989 2338 6044 volebant
2350 5993 2486 6054 sustinere,
2499 5993 2534 6044 vi·

549 6077 648 6128 tionem
665 6077 793 6130 iustorum
824 6077 870 6128 544
901 6077 915 6128 4
944 6103 978 6116 -
1006 6075 1123 6130 Caritatis
1151 6081 1190 6128 est
1226 6081 1365 6134 auctoritas
1384 6081 1464 6134 hahet
1479 6093 1593 6146 parvum
1611 6079 1695 6134 robur
1713 6077 1811 6134 441243
1830 6079 1862 6132 40
1899 6075 1938 6128 444
1953 6089 2001 6128 sua
2018 6075 2089 6140 tangi
2108 6073 2170 6130 ibid.
2185 6103 2217 6114 -
2231 6077 2356 6130 timebant
2369 6079 2478 6144 perdere
2492 6081 2535 6130 ho·

550 6163 645 6216 44444
662 6165 746 6218 alieno
766 6165 888 6218 scandalo
907 6165 958 6218 202
977 6163 1012 6218 52
1225 6197 1262 6206 -
1280 6169 1406 6222 scientiae
1424 6167 1539 6222 veritatis
1565 6173 1602 6220 est
1628 6167 1765 6220 ostendere
1782 6169 1809 6218 et
1826 6179 1863 6218 re·
1898 6177 1992 6216 norem
2012 6177 2090 6216 suum
2109 6171 2135 6218 41
2152 6163 2188 6216 414
2213 6167 2280 6218 14444
2305 6179 2410 6218 causam
2435 6167 2535 6218 occide·

603 6277 640 6290 -
658 6255 768 6318 Propter
792 6253 945 6308 scandalum
971 6267 1026 6306 non
1047 6257 1087 6308 est
1104 6253 1190 6308 dimit·
1225 6257 1341 6324 probare
1358 6269 1476 6308 errorem
1497 6257 1513 6306 8
1531 6269 1559 6320 q.
1577 6255 1592 6306 3
1610 6253 1714 6306 -Nou
1727 6253 1809 6306 scitur
1822 6253 1864 6306 ati·
1898 6255 1959 6304 runt
1976 6251 2108 6304 Christum
2133 6249 2194 6306 ibid.
2211 6267 2319 6306 -non
2341 6251 2535 6308 conveniebant

550 6339 630 6392 tenda
649 6341 768 6394 doctrina
787 6341 821 6394 Vt
840 6341 887 6396 291
911 6341 945 6394 42
964 6343 1050 6408 argi
1076 6341 1188 6396 -Cum
1226 6345 1292 6412 quid
1309 6345 1439 6410 perfecte,
1465 6341 1515 6394 nisi
1538 6345 1713 6406 cognoscatur
1740 6341 1797 6394 eius
1820 6355 1865 6406 op·
1898 6339 1965 6392 sicut
1983 6339 2094 6392 humiles
2120 6339 2152 6392 ad
2179 6341 2383 6406 addiscendum,
2400 6341 2448 6394 sed
2466 6341 2534 6394 sicut

551 6427 662 6494 scimus,
674 6429 822 6482 doctrinam
836 6437 950 6484 nostram
963 6431 1090 6496 prodesse
1100 6429 1189 6498 bonis,
1226 6431 1341 6496 positum
1361 6431 1395 6480 19
1412 6443 1441 6482 v.
1460 6427 1493 6478 17
1899 6425 2007 6492 44444444
2033 6429 2068 6482 44
2094 6427 2310 6482 calumniandum
2327 6429 2374 6480 301
2397 6431 2413 6480 2
2433 6455 2466 6472 ι-
2486 6441 2534 6494 444

475 6501 477 6508 ’
551 6515 601 6566 4444
618 6515 744 6580 sciamus,
765 6517 826 6570 inde
844 6519 1014 6572 scandalizari
1031 6520 1191 6580 4441444444
1279 6515 1451 6566 -veritatis
1471 6513 1593 6580 44144441,
1622 6515 1768 6568 secundum
1791 6515 1865 6582 quod
1899 6515 2025 6568 iuvidiam
2046 6515 2176 6568 excaecati
2194 6521 2254 6570 444444
2270 6515 2332 6570 ibid.

521 6635 522 6638 =
551 6601 681 6656 debemus
701 6609 786 6656 tacere
804 6605 851 6658 334
876 6607 910 6658 77
928 6619 997 6658 -a
1026 6605 1090 6657 viris
1116 6605 1191 6658 iustis
1225 6605 1290 6658 dicit
1307 6615 1430 6668 saporem
1451 6601 1482 6654 4’1
1502 6601 1530 6654 21
1556 6605 1864 6670 4.-44444444444444
1954 6605 2076 6656 8444444444
2093 6629 2130 6642 -
2147 6605 2225 6670 Quod
2243 6603 2365 6656 scribitur
2390 6601 2492 6656 firmius
2508 6605 2534 6654 et

551 6689 633 6742 debat
650 6689 756 6752 evitari,
774 6697 904 6758 quantum
922 6691 979 6746 lieri
998 6697 1098 6758 potest,
1117 6691 1191 6744 salva
1226 6691 1331 6744 curiosa
1348 6689 1423 6744 addit
1451 6689 1864 6756 441444444444444444444944.
1899 6691 2145 6745 444441444444444444·
2171 6691 2203 6744 rt
2222 6691 2272 6742 408
2298 6707 2324 6744 v.
2342 6691 2359 6744 3
2378 6717 2413 6732 --
2432 6689 2490 6742 14414
2506 6689 2534 6742 iu
2583 6687 2585 6690 ’

550 6779 662 6832 veritate
679 6777 774 6844 triptici
794 6779 837 6832 Vll
856 6779 907 6832 426
926 6783 943 6834 2
962 6809 996 6818 -
1016 6781 1065 6832 Pro
1084 6779 1191 6832 scande·
1228 6779 1271 6830 18.
1289 6779 1320 6830 21
1343 6791 1370 6830 v.
1391 6779 1460 6830 3¹·-
1477 6777 1608 6846 veritatis,
1629 6779 1774 6834 secuudum
1791 6779 1866 6846 quaed
1901 6783 1969 6832 44444
1988 6777 2138 6832 scribuntur
2155 6777 2206 6830 354
2226 6779 2243 6830 9
