<?xml version="1.0" encoding="UTF-8"?>
<!DOCTYPE html PUBLIC "-//W3C//DTD XHTML 1.0 Transitional//EN"
    "http://www.w3.org/TR/xhtml1/DTD/xhtml1-transitional.dtd">
<html xmlns="http://www.w3.org/1999/xhtml" xml:lang="en" lang="en">
 <head>
  <title>
</title>
<meta http-equiv="Content-Type" content="text/html;charset=utf-8" />
  <meta name='ocr-system' content='tesseract 3.04.00' />
  <meta name='ocr-capabilities' content='ocr_page ocr_carea ocr_par ocr_line ocrx_word'/>
</head>
<body>
  <div class='ocr_page' id='page_1' title='image "./doctorisseraphi01italgoog/doctorisseraphi01italgoog_0284.png"; bbox 0 0 5900 8266; ppageno 0'>
   <div class='ocr_carea' id='block_1_1' title="bbox 1038 561 1821 658">
    <p class='ocr_par' dir='ltr' id='par_1_1' title="bbox 1038 561 1821 658">
     <span class='ocr_line' id='line_1_1' title="bbox 1038 561 1821 658; baseline 0 -30"><span class='ocrx_word' id='word_1_1' title='bbox 1038 563 1239 634; x_wconf 69' lang='lat' dir='ltr'>‚conantur</span> <span class='ocrx_word' id='word_1_2' title='bbox 1263 569 1302 634; x_wconf 94' lang='lat' dir='ltr'>lN</span> <span class='ocrx_word' id='word_1_3' title='bbox 1325 561 1706 634; x_wconf 77' lang='lat' dir='ltr'>EVANGELIUMLUCAE</span> <span class='ocrx_word' id='word_1_4' title='bbox 1730 563 1761 658; x_wconf 85' lang='lat' dir='ltr'>C.</span> <span class='ocrx_word' id='word_1_5' title='bbox 1787 563 1821 628; x_wconf 92' lang='lat' dir='ltr'>X.</span> 
     </span>
    </p>
   </div>
   <div class='ocr_carea' id='block_1_2' title="bbox 316 743 1408 1146">
    <p class='ocr_par' dir='ltr' id='par_1_2' title="bbox 450 743 1405 832">
     <span class='ocr_line' id='line_1_2' title="bbox 450 743 1405 832; baseline 0.002 -26"><span class='ocrx_word' id='word_1_6' title='bbox 450 749 467 806; x_wconf 71' lang='lat' dir='ltr'>u·</span> <span class='ocrx_word' id='word_1_7' title='bbox 484 745 616 814; x_wconf 79' lang='lat' dir='ltr'>Eleva&#39;sti</span> <span class='ocrx_word' id='word_1_8' title='bbox 632 763 684 814; x_wconf 90' lang='lat' dir='ltr'>me</span> <span class='ocrx_word' id='word_1_9' title='bbox 698 751 731 812; x_wconf 90' lang='lat' dir='ltr'>et</span> <span class='ocrx_word' id='word_1_10' title='bbox 746 745 834 832; x_wconf 84' lang='lat' dir='ltr'>quasi</span> <span class='ocrx_word' id='word_1_11' title='bbox 860 761 954 830; x_wconf 90' lang='lat' dir='ltr'>super</span> <span class='ocrx_word' id='word_1_12' title='bbox 978 745 1108 810; x_wconf 85' lang='lat' dir='ltr'>ventum</span> <span class='ocrx_word' id='word_1_13' title='bbox 1132 743 1405 828; x_wconf 76' lang='lat' dir='ltr'>ponens„alisisti</span> 
     </span>
    </p>

    <p class='ocr_par' dir='ltr' id='par_1_3' title="bbox 446 851 1291 920">
     <span class='ocr_line' id='line_1_3' title="bbox 446 851 1291 920; baseline -0.018 -2"><span class='ocrx_word' id='word_1_14' title='bbox 446 869 497 920; x_wconf 89' lang='lat' dir='ltr'>me</span> <span class='ocrx_word' id='word_1_15' title='bbox 517 851 621 918; x_wconf 80' lang='lat' dir='ltr'>valide</span> <span class='ocrx_word' id='word_1_16' title='bbox 634 877 666 916; x_wconf 74' lang='lat' dir='ltr'>s.</span> <span class='ocrx_word' id='word_1_17' title='bbox 683 907 685 914; x_wconf 51' lang='lat'>.</span> <span class='ocrx_word' id='word_1_18' title='bbox 919 911 920 914; x_wconf 61' lang='grc'>,</span> <span class='ocrx_word' id='word_1_19' title='bbox 1290 871 1291 874; x_wconf 34' lang='lat'>¹</span> 
     </span>
    </p>

    <p class='ocr_par' dir='ltr' id='par_1_4' title="bbox 316 955 1408 1146">
     <span class='ocr_line' id='line_1_4' title="bbox 443 955 1408 1042; baseline 0 -20"><span class='ocrx_word' id='word_1_20' title='bbox 443 997 446 1002; x_wconf 92' lang='lat'>-</span> <span class='ocrx_word' id='word_1_21' title='bbox 535 955 585 1022; x_wconf 83' lang='lat'>33.</span> <span class='ocrx_word' id='word_1_22' title='bbox 614 957 713 1038; x_wconf 77' lang='lat' dir='ltr'>(Pers.</span> <span class='ocrx_word' id='word_1_23' title='bbox 747 955 823 1030; x_wconf 73' lang='lat' dir='ltr'>aaa.</span> <span class='ocrx_word' id='word_1_24' title='bbox 843 957 977 1042; x_wconf 16' lang='lat' dir='ltr'>,Quarta</span> <span class='ocrx_word' id='word_1_25' title='bbox 1003 973 1081 1024; x_wconf 88' lang='lat' dir='ltr'>vera</span> <span class='ocrx_word' id='word_1_26' title='bbox 1104 955 1267 1042; x_wconf 76' lang='lat' dir='ltr'>subiungit</span> <span class='ocrx_word' id='word_1_27' title='bbox 1299 973 1408 1022; x_wconf 86' lang='lat' dir='ltr'>cauce</span> 
     </span>
     <span class='ocr_line' id='line_1_5' title="bbox 316 1057 1407 1146; baseline 0.005 -25"><span class='ocrx_word' id='word_1_28' title='bbox 316 1081 429 1136; x_wconf 70' lang='lat' dir='ltr'>Quartum.</span> <span class='ocrx_word' id='word_1_29' title='bbox 446 1059 676 1126; x_wconf 69' lang='lat' dir='ltr'><em>exsultationis</em></span> <span class='ocrx_word' id='word_1_30' title='bbox 701 1057 979 1146; x_wconf 81' lang='lat' dir='ltr'>prohibitionem,</span> <span class='ocrx_word' id='word_1_31' title='bbox 1009 1077 1083 1126; x_wconf 90' lang='lat' dir='ltr'>aum</span> <span class='ocrx_word' id='word_1_32' title='bbox 1112 1061 1203 1126; x_wconf 85' lang='lat' dir='ltr'>dicit:</span> <span class='ocrx_word' id='word_1_33' title='bbox 1238 1061 1407 1126; x_wconf 76' lang='lat' dir='ltr'>Veraucta</span> 
     </span>
    </p>
   </div>
   <div class='ocr_carea' id='block_1_3' title="bbox 446 1161 1467 1254">
    <p class='ocr_par' dir='ltr' id='par_1_5' title="bbox 446 1161 1467 1254">
     <span class='ocr_line' id='line_1_6' title="bbox 446 1161 1467 1254; baseline 0.001 -22"><span class='ocrx_word' id='word_1_34' title='bbox 446 1183 519 1232; x_wconf 83' lang='lat' dir='ltr'>uteo</span> <span class='ocrx_word' id='word_1_35' title='bbox 544 1165 579 1230; x_wconf 88' lang='lat' dir='ltr'>iu</span> <span class='ocrx_word' id='word_1_36' title='bbox 604 1161 663 1230; x_wconf 89' lang='lat' dir='ltr'>boc</span> <span class='ocrx_word' id='word_1_37' title='bbox 693 1165 792 1232; x_wconf 89' lang='lat' dir='ltr'>nolite</span> <span class='ocrx_word' id='word_1_38' title='bbox 818 1167 987 1252; x_wconf 83' lang='lat' dir='ltr'>pandere,</span> <span class='ocrx_word' id='word_1_39' title='bbox 1002 1205 1003 1208; x_wconf 59' lang='lat'><em>=</em></span> <span class='ocrx_word' id='word_1_40' title='bbox 1017 1165 1100 1254; x_wconf 85' lang='lat' dir='ltr'>quia</span> <span class='ocrx_word' id='word_1_41' title='bbox 1129 1165 1271 1250; x_wconf 86' lang='lat' dir='ltr'>spiritus</span> <span class='ocrx_word' id='word_1_42' title='bbox 1301 1165 1407 1232; x_wconf 87' lang='lat' dir='ltr'>subii·-</span> <span class='ocrx_word' id='word_1_43' title='bbox 1463 1203 1467 1210; x_wconf 91' lang='lat'>·</span> 
     </span>
    </p>
   </div>
   <div class='ocr_carea' id='block_1_4' title="bbox 351 1271 1407 3052">
    <p class='ocr_par' dir='ltr' id='par_1_6' title="bbox 351 1271 1407 3052">
     <span class='ocr_line' id='line_1_7' title="bbox 446 1271 1407 1358; baseline 0.002 -20"><span class='ocrx_word' id='word_1_44' title='bbox 446 1271 583 1338; x_wconf 72' lang='lat' dir='ltr'>dicutur</span> <span class='ocrx_word' id='word_1_45' title='bbox 607 1271 717 1350; x_wconf 64' lang='lat' dir='ltr'>aubia·</span> <span class='ocrx_word' id='word_1_46' title='bbox 741 1273 816 1356; x_wconf 84' lang='grc' dir='ltr'>θεῖε</span> <span class='ocrx_word' id='word_1_47' title='bbox 837 1271 953 1340; x_wconf 88' lang='grc' dir='ltr'>εεῖῖῖεεῖ</span> <span class='ocrx_word' id='word_1_48' title='bbox 982 1273 1043 1340; x_wconf 89' lang='lat' dir='ltr'>tale</span> <span class='ocrx_word' id='word_1_49' title='bbox 1068 1273 1218 1358; x_wconf 78' lang='grc' dir='ltr'>θεεεῖῖεε]</span> <span class='ocrx_word' id='word_1_50' title='bbox 1247 1277 1296 1338; x_wconf 94' lang='grc' dir='ltr'>θεῖ</span> <span class='ocrx_word' id='word_1_51' title='bbox 1323 1273 1407 1340; x_wconf 89' lang='grc' dir='ltr'>εῖθεῖ</span> 
     </span>
     <span class='ocr_line' id='line_1_8' title="bbox 444 1377 1407 1462; baseline 0.001 -19"><span class='ocrx_word' id='word_1_52' title='bbox 444 1377 614 1462; x_wconf 81' lang='lat' dir='ltr'>paediam</span> <span class='ocrx_word' id='word_1_53' title='bbox 634 1377 857 1462; x_wconf 84' lang='lat' dir='ltr'>superborum</span> <span class='ocrx_word' id='word_1_54' title='bbox 881 1379 923 1444; x_wconf 90' lang='lat' dir='ltr'>de</span> <span class='ocrx_word' id='word_1_55' title='bbox 947 1379 1143 1462; x_wconf 78' lang='lat' dir='ltr'>promotione</span> <span class='ocrx_word' id='word_1_56' title='bbox 1175 1395 1233 1444; x_wconf 89' lang='lat' dir='ltr'>soa</span> <span class='ocrx_word' id='word_1_57' title='bbox 1261 1383 1295 1444; x_wconf 91' lang='grc' dir='ltr'>θῖ</span> <span class='ocrx_word' id='word_1_58' title='bbox 1315 1377 1407 1444; x_wconf 88' lang='lat' dir='ltr'>deie-</span> 
     </span>
     <span class='ocr_line' id='line_1_9' title="bbox 447 1481 1407 1568; baseline 0.004 -22"><span class='ocrx_word' id='word_1_59' title='bbox 447 1481 549 1548; x_wconf 82' lang='lat' dir='ltr'>alioue</span> <span class='ocrx_word' id='word_1_60' title='bbox 570 1481 689 1562; x_wconf 88' lang='lat' dir='ltr'>aliena,</span> <span class='ocrx_word' id='word_1_61' title='bbox 719 1483 888 1568; x_wconf 85' lang='lat' dir='ltr'>quodnon</span> <span class='ocrx_word' id='word_1_62' title='bbox 914 1483 1061 1568; x_wconf 88' lang='lat' dir='ltr'>competit</span> <span class='ocrx_word' id='word_1_63' title='bbox 1082 1483 1167 1550; x_wconf 86' lang='lat' dir='ltr'>veris</span> <span class='ocrx_word' id='word_1_64' title='bbox 1189 1483 1326 1564; x_wconf 90' lang='lat' dir='ltr'>Sanctis,</span> <span class='ocrx_word' id='word_1_65' title='bbox 1358 1499 1407 1550; x_wconf 87' lang='lat' dir='ltr'>se·-</span> 
     </span>
     <span class='ocr_line' id='line_1_10' title="bbox 447 1585 1407 1680; baseline 0.002 -28"><span class='ocrx_word' id='word_1_66' title='bbox 447 1585 585 1652; x_wconf 89' lang='lat' dir='ltr'>aundum</span> <span class='ocrx_word' id='word_1_67' title='bbox 611 1585 688 1654; x_wconf 91' lang='lat' dir='ltr'>illud</span> <span class='ocrx_word' id='word_1_68' title='bbox 702 1585 907 1654; x_wconf 84' lang='lat' dir='ltr'>Ecclesiastiai</span> <span class='ocrx_word' id='word_1_69' title='bbox 932 1597 1041 1680; x_wconf 83' lang='lat' dir='ltr'>octavo</span> <span class='ocrx_word' id='word_1_70' title='bbox 1051 1591 1080 1654; x_wconf 64' lang='lat'>,1:</span> <span class='ocrx_word' id='word_1_71' title='bbox 1103 1587 1200 1654; x_wconf 86' lang='lat' dir='ltr'>«Noli</span> <span class='ocrx_word' id='word_1_72' title='bbox 1218 1587 1257 1654; x_wconf 89' lang='lat' dir='ltr'>de</span> <span class='ocrx_word' id='word_1_73' title='bbox 1280 1595 1407 1654; x_wconf 89' lang='lat' dir='ltr'>mortuo</span> 
     </span>
     <span class='ocr_line' id='line_1_11' title="bbox 373 1693 1406 1780; baseline 0.003 -20"><span class='ocrx_word' id='word_1_74' title='bbox 373 1699 374 1702; x_wconf 76' lang='grc'>’</span> <span class='ocrx_word' id='word_1_75' title='bbox 446 1693 572 1762; x_wconf 90' lang='lat' dir='ltr'>inimico</span> <span class='ocrx_word' id='word_1_76' title='bbox 594 1699 649 1762; x_wconf 89' lang='lat' dir='ltr'>tuo</span> <span class='ocrx_word' id='word_1_77' title='bbox 674 1695 810 1780; x_wconf 81' lang='lat' dir='ltr'>gaudere</span> <span class='ocrx_word' id='word_1_78' title='bbox 824 1719 863 1774; x_wconf 71' lang='grc' dir='ltr'>»ς</span> <span class='ocrx_word' id='word_1_79' title='bbox 885 1701 918 1762; x_wconf 91' lang='grc' dir='ltr'>θῖ</span> <span class='ocrx_word' id='word_1_80' title='bbox 940 1695 993 1762; x_wconf 92' lang='lat' dir='ltr'>lob</span> <span class='ocrx_word' id='word_1_81' title='bbox 1014 1695 1178 1780; x_wconf 81' lang='lat' dir='ltr'>trigesimo</span> <span class='ocrx_word' id='word_1_82' title='bbox 1193 1697 1314 1780; x_wconf 89' lang='lat' dir='ltr'>primo:</span> <span class='ocrx_word' id='word_1_83' title='bbox 1343 1695 1406 1762; x_wconf 74' lang='lat' dir='ltr'>«Si</span> 
     </span>
     <span class='ocr_line' id='line_1_12' title="bbox 448 1799 1407 1886; baseline 0.004 -22"><span class='ocrx_word' id='word_1_84' title='bbox 448 1799 574 1884; x_wconf 79' lang='lat' dir='ltr'>gavisos</span> <span class='ocrx_word' id='word_1_85' title='bbox 596 1817 669 1866; x_wconf 90' lang='lat' dir='ltr'>sum</span> <span class='ocrx_word' id='word_1_86' title='bbox 692 1801 875 1868; x_wconf 87' lang='lat' dir='ltr'>adruinum</span> <span class='ocrx_word' id='word_1_87' title='bbox 897 1801 966 1868; x_wconf 90' lang='lat' dir='ltr'>eius</span> <span class='ocrx_word' id='word_1_88' title='bbox 984 1801 1037 1886; x_wconf 91' lang='grc' dir='ltr'>θεῖ</span> <span class='ocrx_word' id='word_1_89' title='bbox 1061 1799 1237 1868; x_wconf 71' lang='lat' dir='ltr'>coacuerat</span> <span class='ocrx_word' id='word_1_90' title='bbox 1253 1827 1284 1866; x_wconf 70' lang='lat' dir='ltr'>a.</span> <span class='ocrx_word' id='word_1_91' title='bbox 1302 1801 1407 1868; x_wconf 86' lang='lat' dir='ltr'>Nolite</span> 
     </span>
     <span class='ocr_line' id='line_1_13' title="bbox 448 1905 1407 1994; baseline 0.003 -22"><span class='ocrx_word' id='word_1_92' title='bbox 448 1905 541 1972; x_wconf 87' lang='lat' dir='ltr'>etiam</span> <span class='ocrx_word' id='word_1_93' title='bbox 557 1907 723 1994; x_wconf 82' lang='lat' dir='ltr'>paudere,</span> <span class='ocrx_word' id='word_1_94' title='bbox 738 1907 813 1994; x_wconf 86' lang='lat' dir='ltr'>quia</span> <span class='ocrx_word' id='word_1_95' title='bbox 826 1909 888 1974; x_wconf 88' lang='lat' dir='ltr'>tale</span> <span class='ocrx_word' id='word_1_96' title='bbox 908 1907 1059 1992; x_wconf 71' lang='lat' dir='ltr'>&#39;gaudium</span> <span class='ocrx_word' id='word_1_97' title='bbox 1076 1913 1124 1974; x_wconf 89' lang='grc' dir='ltr'>θεῖ</span> <span class='ocrx_word' id='word_1_98' title='bbox 1146 1907 1340 1986; x_wconf 85' lang='lat' dir='ltr'>ruinosum,</span> <span class='ocrx_word' id='word_1_99' title='bbox 1358 1925 1407 1976; x_wconf 86' lang='lat' dir='ltr'>se-</span> 
     </span>
     <span class='ocr_line' id='line_1_14' title="bbox 448 2011 1407 2096; baseline 0 -20"><span class='ocrx_word' id='word_1_100' title='bbox 448 2011 585 2078; x_wconf 88' lang='lat' dir='ltr'>cundum</span> <span class='ocrx_word' id='word_1_101' title='bbox 611 2011 688 2078; x_wconf 88' lang='lat' dir='ltr'>illud</span> <span class='ocrx_word' id='word_1_102' title='bbox 711 2011 953 2080; x_wconf 77' lang='lat' dir='ltr'>proverbiorum</span> <span class='ocrx_word' id='word_1_103' title='bbox 979 2011 1099 2078; x_wconf 87' lang='lat' dir='ltr'>decimo</span> <span class='ocrx_word' id='word_1_104' title='bbox 1122 2019 1237 2096; x_wconf 88' lang='lat' dir='ltr'>quarto</span> <span class='ocrx_word' id='word_1_105' title='bbox 1252 2011 1283 2076; x_wconf 79' lang='lat'>²:</span> <span class='ocrx_word' id='word_1_106' title='bbox 1312 2013 1407 2076; x_wconf 70' lang='lat' dir='ltr'>«Ex-</span> 
     </span>
     <span class='ocr_line' id='line_1_15' title="bbox 448 2115 1407 2202; baseline 0 -20"><span class='ocrx_word' id='word_1_107' title='bbox 448 2121 549 2182; x_wconf 88' lang='lat' dir='ltr'>trema</span> <span class='ocrx_word' id='word_1_108' title='bbox 572 2117 675 2202; x_wconf 81' lang='lat' dir='ltr'>gaudii</span> <span class='ocrx_word' id='word_1_109' title='bbox 699 2117 806 2184; x_wconf 79' lang='lat' dir='ltr'>litatus</span> <span class='ocrx_word' id='word_1_110' title='bbox 827 2121 960 2200; x_wconf 90' lang='lat' dir='ltr'>occupat</span> <span class='ocrx_word' id='word_1_111' title='bbox 977 2143 1007 2180; x_wconf 90' lang='lat'>».</span> <span class='ocrx_word' id='word_1_112' title='bbox 1024 2153 1067 2180; x_wconf 64' lang='lat'>,-·</span> <span class='ocrx_word' id='word_1_113' title='bbox 1083 2119 1157 2182; x_wconf 88' lang='lat' dir='ltr'>Tale</span> <span class='ocrx_word' id='word_1_114' title='bbox 1181 2123 1229 2182; x_wconf 89' lang='grc' dir='ltr'>θεῖ</span> <span class='ocrx_word' id='word_1_115' title='bbox 1255 2115 1407 2200; x_wconf 80' lang='lat' dir='ltr'>gandium</span> 
     </span>
     <span class='ocr_line' id='line_1_16' title="bbox 447 2221 1406 2308; baseline -0.003 -17"><span class='ocrx_word' id='word_1_116' title='bbox 447 2225 486 2292; x_wconf 92' lang='lat' dir='ltr'>de</span> <span class='ocrx_word' id='word_1_117' title='bbox 509 2223 589 2290; x_wconf 90' lang='lat' dir='ltr'>bauo</span> <span class='ocrx_word' id='word_1_118' title='bbox 615 2221 811 2302; x_wconf 89' lang='lat' dir='ltr'>transitorio,</span> <span class='ocrx_word' id='word_1_119' title='bbox 843 2221 1015 2290; x_wconf 87' lang='lat' dir='ltr'>secuudum</span> <span class='ocrx_word' id='word_1_120' title='bbox 1047 2221 1125 2290; x_wconf 93' lang='lat' dir='ltr'>illud</span> <span class='ocrx_word' id='word_1_121' title='bbox 1156 2221 1207 2288; x_wconf 91' lang='lat' dir='ltr'>lob</span> <span class='ocrx_word' id='word_1_122' title='bbox 1238 2221 1406 2308; x_wconf 81' lang='lat' dir='ltr'>vigesimo:</span> 
     </span>
     <span class='ocr_line' id='line_1_17' title="bbox 452 2327 1407 2414; baseline 0.006 -24"><span class='ocrx_word' id='word_1_123' title='bbox 452 2329 640 2396; x_wconf 76' lang='lat' dir='ltr'>«Gaudium</span> <span class='ocrx_word' id='word_1_124' title='bbox 662 2329 845 2414; x_wconf 72' lang='lat' dir='ltr'>hypocritae</span> <span class='ocrx_word' id='word_1_125' title='bbox 869 2327 906 2394; x_wconf 91' lang='lat' dir='ltr'>ad</span> <span class='ocrx_word' id='word_1_126' title='bbox 932 2327 1029 2394; x_wconf 88' lang='lat' dir='ltr'>instar</span> <span class='ocrx_word' id='word_1_127' title='bbox 1054 2329 1161 2414; x_wconf 90' lang='lat' dir='ltr'>puncti</span> <span class='ocrx_word' id='word_1_128' title='bbox 1178 2353 1213 2410; x_wconf 84' lang='lat'>»;</span> <span class='ocrx_word' id='word_1_129' title='bbox 1239 2335 1268 2394; x_wconf 93' lang='grc' dir='ltr'>θῖ</span> <span class='ocrx_word' id='word_1_130' title='bbox 1294 2347 1407 2396; x_wconf 90' lang='lat' dir='ltr'>rursus</span> 
     </span>
     <span class='ocr_line' id='line_1_18' title="bbox 448 2433 1407 2522; baseline -0.002 -20"><span class='ocrx_word' id='word_1_131' title='bbox 448 2437 597 2522; x_wconf 80' lang='lat' dir='ltr'>vigesimo</span> <span class='ocrx_word' id='word_1_132' title='bbox 622 2435 741 2520; x_wconf 89' lang='lat' dir='ltr'>primo:</span> <span class='ocrx_word' id='word_1_133' title='bbox 769 2461 786 2494; x_wconf 75' lang='lat' dir='ltr'>c</span> <span class='ocrx_word' id='word_1_134' title='bbox 802 2433 943 2500; x_wconf 84' lang='lat' dir='ltr'>Gaudent</span> <span class='ocrx_word' id='word_1_135' title='bbox 965 2435 1005 2502; x_wconf 91' lang='lat' dir='ltr'>ad</span> <span class='ocrx_word' id='word_1_136' title='bbox 1031 2435 1169 2502; x_wconf 87' lang='lat' dir='ltr'>sonitum</span> <span class='ocrx_word' id='word_1_137' title='bbox 1195 2435 1324 2520; x_wconf 84' lang='lat' dir='ltr'>organi,</span> <span class='ocrx_word' id='word_1_138' title='bbox 1349 2435 1407 2502; x_wconf 80' lang='lat' dir='ltr'>dir-</span> 
     </span>
     <span class='ocr_line' id='line_1_19' title="bbox 351 2541 1407 2638; baseline 0 -30"><span class='ocrx_word' id='word_1_139' title='bbox 351 2603 353 2608; x_wconf 89' lang='lat'>.</span> <span class='ocrx_word' id='word_1_140' title='bbox 448 2549 523 2610; x_wconf 89' lang='lat' dir='ltr'>aunt</span> <span class='ocrx_word' id='word_1_141' title='bbox 547 2543 578 2608; x_wconf 93' lang='lat' dir='ltr'>in</span> <span class='ocrx_word' id='word_1_142' title='bbox 602 2541 692 2608; x_wconf 83' lang='lat' dir='ltr'>botris</span> <span class='ocrx_word' id='word_1_143' title='bbox 722 2541 902 2620; x_wconf 76' lang='lat' dir='ltr'>dicessus,</span> <span class='ocrx_word' id='word_1_144' title='bbox 928 2541 982 2608; x_wconf 88' lang='lat' dir='ltr'>sed</span> <span class='ocrx_word' id='word_1_145' title='bbox 1010 2541 1044 2608; x_wconf 91' lang='lat' dir='ltr'>in</span> <span class='ocrx_word' id='word_1_146' title='bbox 1067 2547 1184 2626; x_wconf 84' lang='lat' dir='ltr'>puncto</span> <span class='ocrx_word' id='word_1_147' title='bbox 1214 2541 1253 2638; x_wconf 81' lang='lat' dir='ltr'>ad</span> <span class='ocrx_word' id='word_1_148' title='bbox 1285 2541 1407 2608; x_wconf 84' lang='lat' dir='ltr'>interna</span> 
     </span>
     <span class='ocr_line' id='line_1_20' title="bbox 447 2647 1406 2734; baseline 0 -20"><span class='ocrx_word' id='word_1_149' title='bbox 447 2647 640 2716; x_wconf 86' lang='lat' dir='ltr'>descendunt</span> <span class='ocrx_word' id='word_1_150' title='bbox 662 2673 694 2714; x_wconf 76' lang='lat' dir='ltr'>a.</span> <span class='ocrx_word' id='word_1_151' title='bbox 716 2647 805 2716; x_wconf 87' lang='lat' dir='ltr'>Unde</span> <span class='ocrx_word' id='word_1_152' title='bbox 826 2665 888 2714; x_wconf 93' lang='lat' dir='ltr'>non</span> <span class='ocrx_word' id='word_1_153' title='bbox 913 2647 1037 2716; x_wconf 88' lang='lat' dir='ltr'>volebat</span> <span class='ocrx_word' id='word_1_154' title='bbox 1059 2647 1229 2728; x_wconf 87' lang='lat' dir='ltr'>Dominus,</span> <span class='ocrx_word' id='word_1_155' title='bbox 1253 2647 1337 2734; x_wconf 89' lang='lat' dir='ltr'>quod</span> <span class='ocrx_word' id='word_1_156' title='bbox 1360 2649 1406 2716; x_wconf 92' lang='lat' dir='ltr'>di-</span> 
     </span>
     <span class='ocr_line' id='line_1_21' title="bbox 448 2743 1406 2842; baseline -0.002 -20"><span class='ocrx_word' id='word_1_157' title='bbox 448 2755 561 2842; x_wconf 90' lang='lat' dir='ltr'>scipuli</span> <span class='ocrx_word' id='word_1_158' title='bbox 583 2755 757 2840; x_wconf 78' lang='lat' dir='ltr'>gauderent</span> <span class='ocrx_word' id='word_1_159' title='bbox 789 2755 822 2822; x_wconf 93' lang='lat' dir='ltr'>in</span> <span class='ocrx_word' id='word_1_160' title='bbox 845 2755 1024 2834; x_wconf 84' lang='lat' dir='ltr'>miraculis,</span> <span class='ocrx_word' id='word_1_161' title='bbox 1061 2755 1115 2822; x_wconf 91' lang='lat' dir='ltr'>sed</span> <span class='ocrx_word' id='word_1_162' title='bbox 1145 2755 1251 2838; x_wconf 89' lang='lat' dir='ltr'>potios</span> <span class='ocrx_word' id='word_1_163' title='bbox 1285 2743 1316 2818; x_wconf 89' lang='lat' dir='ltr'>iu</span> <span class='ocrx_word' id='word_1_164' title='bbox 1340 2761 1406 2820; x_wconf 89' lang='lat' dir='ltr'>tor-</span> 
     </span>
     <span class='ocr_line' id='line_1_22' title="bbox 447 2861 1404 2946; baseline -0.002 -18"><span class='ocrx_word' id='word_1_165' title='bbox 447 2863 561 2930; x_wconf 90' lang='lat' dir='ltr'>mentis</span> <span class='ocrx_word' id='word_1_166' title='bbox 579 2869 612 2928; x_wconf 93' lang='grc' dir='ltr'>θῖ</span> <span class='ocrx_word' id='word_1_167' title='bbox 627 2861 787 2942; x_wconf 83' lang='grc' dir='ltr'>εεεεῖθῖῖε,</span> <span class='ocrx_word' id='word_1_168' title='bbox 809 2863 981 2930; x_wconf 82' lang='grc' dir='ltr'>εθεεεῖῖεῖε</span> <span class='ocrx_word' id='word_1_169' title='bbox 998 2861 1074 2928; x_wconf 91' lang='lat' dir='ltr'>illud</span> <span class='ocrx_word' id='word_1_170' title='bbox 1091 2863 1237 2928; x_wconf 86' lang='lat' dir='ltr'>lilattbaei</span> <span class='ocrx_word' id='word_1_171' title='bbox 1254 2861 1365 2946; x_wconf 88' lang='lat' dir='ltr'>quinto</span> <span class='ocrx_word' id='word_1_172' title='bbox 1376 2861 1404 2926; x_wconf 83' lang='lat'>³:</span> 
     </span>
     <span class='ocr_line' id='line_1_23' title="bbox 452 2967 1406 3052; baseline 0.004 -24"><span class='ocrx_word' id='word_1_173' title='bbox 452 2967 566 3036; x_wconf 76' lang='lat' dir='ltr'>«Beati</span> <span class='ocrx_word' id='word_1_174' title='bbox 583 2967 672 3046; x_wconf 89' lang='grc' dir='ltr'>θεῖῖε,</span> <span class='ocrx_word' id='word_1_175' title='bbox 695 2985 765 3034; x_wconf 78' lang='grc' dir='ltr'>θεῖε</span> <span class='ocrx_word' id='word_1_176' title='bbox 781 2967 1003 3036; x_wconf 84' lang='lat' dir='ltr'>maledixerint</span> <span class='ocrx_word' id='word_1_177' title='bbox 1016 2967 1107 3034; x_wconf 88' lang='lat' dir='ltr'>vobis</span> <span class='ocrx_word' id='word_1_178' title='bbox 1121 2967 1270 3034; x_wconf 88' lang='lat' dir='ltr'>homines</span> <span class='ocrx_word' id='word_1_179' title='bbox 1287 2973 1317 3034; x_wconf 90' lang='lat' dir='ltr'>et</span> <span class='ocrx_word' id='word_1_180' title='bbox 1332 2985 1406 3052; x_wconf 84' lang='lat' dir='ltr'>pcr-</span> 
     </span>
    </p>
   </div>
   <div class='ocr_carea' id='block_1_5' title="bbox 449 3073 1420 3160">
    <p class='ocr_par' dir='ltr' id='par_1_7' title="bbox 449 3073 1420 3160">
     <span class='ocr_line' id='line_1_24' title="bbox 449 3073 1420 3160; baseline -0.003 -18"><span class='ocrx_word' id='word_1_181' title='bbox 449 3073 626 3142; x_wconf 82' lang='lat' dir='ltr'>secutivos</span> <span class='ocrx_word' id='word_1_182' title='bbox 647 3073 765 3142; x_wconf 83' lang='lat' dir='ltr'>fuerint</span> <span class='ocrx_word' id='word_1_183' title='bbox 780 3101 798 3134; x_wconf 75' lang='grc' dir='ltr'>ε</span> <span class='ocrx_word' id='word_1_184' title='bbox 826 3080 902 3154; x_wconf 89' lang='grc' dir='ltr'>θῖε.;</span> <span class='ocrx_word' id='word_1_185' title='bbox 929 3081 957 3142; x_wconf 89' lang='grc' dir='ltr'>θῖ</span> <span class='ocrx_word' id='word_1_186' title='bbox 986 3081 1071 3160; x_wconf 90' lang='lat' dir='ltr'>post:</span> <span class='ocrx_word' id='word_1_187' title='bbox 1102 3073 1270 3142; x_wconf 80' lang='lat' dir='ltr'>«Gaudete</span> <span class='ocrx_word' id='word_1_188' title='bbox 1295 3078 1325 3142; x_wconf 86' lang='lat' dir='ltr'>et</span> <span class='ocrx_word' id='word_1_189' title='bbox 1348 3091 1420 3142; x_wconf 59' lang='lat' dir='ltr'>es-</span> 
     </span>
    </p>
   </div>
   <div class='ocr_carea' id='block_1_6' title="bbox 290 3177 1407 4648">
    <p class='ocr_par' dir='ltr' id='par_1_8' title="bbox 448 3177 1406 3582">
     <span class='ocr_line' id='line_1_25' title="bbox 449 3177 1405 3264; baseline 0 -20"><span class='ocrx_word' id='word_1_190' title='bbox 449 3179 579 3256; x_wconf 89' lang='lat' dir='ltr'>sultate‚</span> <span class='ocrx_word' id='word_1_191' title='bbox 603 3179 752 3264; x_wconf 88' lang='lat' dir='ltr'>qnoniam</span> <span class='ocrx_word' id='word_1_192' title='bbox 773 3197 894 3246; x_wconf 80' lang='lat' dir='ltr'>melnes</span> <span class='ocrx_word' id='word_1_193' title='bbox 918 3187 1022 3246; x_wconf 87' lang='lat' dir='ltr'>vestra</span> <span class='ocrx_word' id='word_1_194' title='bbox 1054 3181 1179 3264; x_wconf 90' lang='lat' dir='ltr'>copiosa</span> <span class='ocrx_word' id='word_1_195' title='bbox 1201 3187 1249 3246; x_wconf 90' lang='grc' dir='ltr'>θεῖ</span> <span class='ocrx_word' id='word_1_196' title='bbox 1268 3177 1304 3264; x_wconf 90' lang='lat' dir='ltr'>in</span> <span class='ocrx_word' id='word_1_197' title='bbox 1335 3195 1405 3246; x_wconf 91' lang='lat' dir='ltr'>cae-</span> 
     </span>
     <span class='ocr_line' id='line_1_26' title="bbox 448 3283 1406 3370; baseline 0.004 -22"><span class='ocrx_word' id='word_1_198' title='bbox 448 3283 485 3348; x_wconf 93' lang='lat' dir='ltr'>lis</span> <span class='ocrx_word' id='word_1_199' title='bbox 503 3311 531 3348; x_wconf 73' lang='lat'>12.</span> <span class='ocrx_word' id='word_1_200' title='bbox 566 3283 615 3350; x_wconf 87' lang='lat' dir='ltr'>Sic</span> <span class='ocrx_word' id='word_1_201' title='bbox 644 3285 738 3352; x_wconf 90' lang='lat' dir='ltr'>ctiam</span> <span class='ocrx_word' id='word_1_202' title='bbox 767 3285 901 3370; x_wconf 78' lang='lat' dir='ltr'>Apostoli</span> <span class='ocrx_word' id='word_1_203' title='bbox 927 3285 1097 3364; x_wconf 89' lang='lat' dir='ltr'>iaciebant,</span> <span class='ocrx_word' id='word_1_204' title='bbox 1130 3286 1303 3353; x_wconf 86' lang='lat' dir='ltr'>secundum</span> <span class='ocrx_word' id='word_1_205' title='bbox 1327 3285 1406 3352; x_wconf 88' lang='lat' dir='ltr'>illud</span> 
     </span>
     <span class='ocr_line' id='line_1_27' title="bbox 448 3389 1406 3478; baseline 0.002 -22"><span class='ocrx_word' id='word_1_206' title='bbox 448 3391 589 3456; x_wconf 88' lang='lat' dir='ltr'>Actunm·</span> <span class='ocrx_word' id='word_1_207' title='bbox 613 3389 741 3474; x_wconf 88' lang='lat' dir='ltr'>quinto:</span> <span class='ocrx_word' id='word_1_208' title='bbox 770 3415 785 3448; x_wconf 75' lang='lat' dir='ltr'>u</span> <span class='ocrx_word' id='word_1_209' title='bbox 812 3391 897 3458; x_wconf 83' lang='lat' dir='ltr'>ibam</span> <span class='ocrx_word' id='word_1_210' title='bbox 929 3393 1063 3478; x_wconf 89' lang='lat' dir='ltr'>Apostoli</span> <span class='ocrx_word' id='word_1_211' title='bbox 1092 3393 1264 3478; x_wconf 80' lang='lat' dir='ltr'>gaudentes</span> <span class='ocrx_word' id='word_1_212' title='bbox 1292 3409 1406 3460; x_wconf 87' lang='lat' dir='ltr'>acon-</span> 
     </span>
     <span class='ocr_line' id='line_1_28' title="bbox 449 3495 1406 3582; baseline 0.003 -20"><span class='ocrx_word' id='word_1_213' title='bbox 449 3501 559 3580; x_wconf 89' lang='lat' dir='ltr'>speatu</span> <span class='ocrx_word' id='word_1_214' title='bbox 581 3495 720 3574; x_wconf 88' lang='lat' dir='ltr'>concilii,</span> <span class='ocrx_word' id='word_1_215' title='bbox 746 3497 821 3582; x_wconf 91' lang='lat' dir='ltr'>qnia</span> <span class='ocrx_word' id='word_1_216' title='bbox 848 3497 934 3582; x_wconf 84' lang='lat' dir='ltr'>digni</span> <span class='ocrx_word' id='word_1_217' title='bbox 963 3497 1062 3564; x_wconf 91' lang='lat' dir='ltr'>babiti</span> <span class='ocrx_word' id='word_1_218' title='bbox 1093 3505 1169 3566; x_wconf 89' lang='grc' dir='ltr'>εεεῖ</span> <span class='ocrx_word' id='word_1_219' title='bbox 1191 3517 1250 3582; x_wconf 92' lang='lat' dir='ltr'>pro</span> <span class='ocrx_word' id='word_1_220' title='bbox 1280 3499 1406 3566; x_wconf 88' lang='lat' dir='ltr'>nomine</span> 
     </span>
    </p>

    <p class='ocr_par' dir='ltr' id='par_1_9' title="bbox 403 3601 1407 3798">
     <span class='ocr_line' id='line_1_29' title="bbox 403 3601 1407 3690; baseline 0 -20"><span class='ocrx_word' id='word_1_221' title='bbox 403 3601 404 3604; x_wconf 65' lang='grc'>’</span> <span class='ocrx_word' id='word_1_222' title='bbox 449 3605 517 3670; x_wconf 90' lang='lat' dir='ltr'>lesu</span> <span class='ocrx_word' id='word_1_223' title='bbox 545 3601 764 3670; x_wconf 86' lang='lat' dir='ltr'>contumeliam</span> <span class='ocrx_word' id='word_1_224' title='bbox 792 3603 855 3688; x_wconf 86' lang='lat' dir='ltr'>pati</span> <span class='ocrx_word' id='word_1_225' title='bbox 874 3629 903 3668; x_wconf 80' lang='lat' dir='ltr'>u.</span> <span class='ocrx_word' id='word_1_226' title='bbox 935 3603 1038 3670; x_wconf 84' lang='lat' dir='ltr'>Nolite</span> <span class='ocrx_word' id='word_1_227' title='bbox 1068 3625 1144 3690; x_wconf 83' lang='lat' dir='ltr'>erpo</span> <span class='ocrx_word' id='word_1_228' title='bbox 1170 3605 1206 3670; x_wconf 88' lang='lat' dir='ltr'>iu</span> <span class='ocrx_word' id='word_1_229' title='bbox 1237 3601 1296 3670; x_wconf 84' lang='lat' dir='ltr'>boc</span> <span class='ocrx_word' id='word_1_230' title='bbox 1320 3625 1407 3690; x_wconf 83' lang='lat' dir='ltr'>pctu-</span> 
     </span>
     <span class='ocr_line' id='line_1_30' title="bbox 448 3705 1404 3798; baseline 0.004 -24"><span class='ocrx_word' id='word_1_231' title='bbox 448 3709 537 3786; x_wconf 88' lang='lat' dir='ltr'>derc,</span> <span class='ocrx_word' id='word_1_232' title='bbox 563 3709 643 3798; x_wconf 87' lang='lat' dir='ltr'>quia</span> <span class='ocrx_word' id='word_1_233' title='bbox 665 3709 808 3798; x_wconf 80' lang='lat' dir='ltr'>spiritus</span> <span class='ocrx_word' id='word_1_234' title='bbox 829 3705 1057 3776; x_wconf 85' lang='lat' dir='ltr'>subiiciautar</span> <span class='ocrx_word' id='word_1_235' title='bbox 1075 3709 1183 3790; x_wconf 82' lang='lat' dir='ltr'>uobis,</span> <span class='ocrx_word' id='word_1_236' title='bbox 1206 3711 1278 3776; x_wconf 88' lang='lat' dir='ltr'>licet</span> <span class='ocrx_word' id='word_1_237' title='bbox 1304 3711 1343 3778; x_wconf 91' lang='grc' dir='ltr'>εῖῖ</span> <span class='ocrx_word' id='word_1_238' title='bbox 1358 3709 1404 3778; x_wconf 93' lang='lat' dir='ltr'>di-</span> 
     </span>
    </p>

    <p class='ocr_par' dir='ltr' id='par_1_10' title="bbox 418 3815 1407 4542">
     <span class='ocr_line' id='line_1_31' title="bbox 418 3815 1406 3902; baseline 0 -18"><span class='ocrx_word' id='word_1_239' title='bbox 418 3885 420 3888; x_wconf 68' lang='lat'>,</span> <span class='ocrx_word' id='word_1_240' title='bbox 448 3815 566 3884; x_wconf 89' lang='lat' dir='ltr'>vinitus</span> <span class='ocrx_word' id='word_1_241' title='bbox 587 3833 783 3894; x_wconf 88' lang='lat' dir='ltr'>concessum,</span> <span class='ocrx_word' id='word_1_242' title='bbox 810 3833 848 3884; x_wconf 90' lang='lat' dir='ltr'>ne</span> <span class='ocrx_word' id='word_1_243' title='bbox 879 3815 920 3882; x_wconf 88' lang='lat' dir='ltr'>sit</span> <span class='ocrx_word' id='word_1_244' title='bbox 947 3817 1067 3882; x_wconf 91' lang='lat' dir='ltr'>occasio</span> <span class='ocrx_word' id='word_1_245' title='bbox 1089 3817 1257 3902; x_wconf 89' lang='lat' dir='ltr'>superbiae</span> <span class='ocrx_word' id='word_1_246' title='bbox 1288 3823 1320 3884; x_wconf 90' lang='grc' dir='ltr'>θῖ</span> <span class='ocrx_word' id='word_1_247' title='bbox 1349 3835 1406 3902; x_wconf 88' lang='lat' dir='ltr'>per</span> 
     </span>
     <span class='ocr_line' id='line_1_32' title="bbox 449 3921 1406 4010; baseline -0.004 -18"><span class='ocrx_word' id='word_1_248' title='bbox 449 3939 642 4008; x_wconf 86' lang='lat' dir='ltr'>consequens</span> <span class='ocrx_word' id='word_1_249' title='bbox 663 3921 783 3990; x_wconf 87' lang='lat' dir='ltr'>ruinae.</span> <span class='ocrx_word' id='word_1_250' title='bbox 812 3925 940 4006; x_wconf 83' lang='lat' dir='ltr'>Propter</span> <span class='ocrx_word' id='word_1_251' title='bbox 969 3921 1056 4006; x_wconf 89' lang='lat' dir='ltr'>quod</span> <span class='ocrx_word' id='word_1_252' title='bbox 1076 3921 1151 3990; x_wconf 91' lang='lat' dir='ltr'>dicit</span> <span class='ocrx_word' id='word_1_253' title='bbox 1176 3923 1368 4010; x_wconf 74' lang='lat' dir='ltr'>Augustinus</span> <span class='ocrx_word' id='word_1_254' title='bbox 1382 3925 1406 4004; x_wconf 71' lang='lat'>4,</span> 
     </span>
     <span class='ocr_line' id='line_1_33' title="bbox 449 4027 1407 4114; baseline 0 -18"><span class='ocrx_word' id='word_1_255' title='bbox 449 4029 531 4114; x_wconf 89' lang='lat' dir='ltr'>quod</span> <span class='ocrx_word' id='word_1_256' title='bbox 566 4027 749 4096; x_wconf 78' lang='lat' dir='ltr'>«Dominus</span> <span class='ocrx_word' id='word_1_257' title='bbox 770 4027 891 4094; x_wconf 89' lang='lat' dir='ltr'>dicebat</span> <span class='ocrx_word' id='word_1_258' title='bbox 923 4027 1082 4114; x_wconf 81' lang='lat' dir='ltr'>discipulis</span> <span class='ocrx_word' id='word_1_259' title='bbox 1117 4027 1203 4096; x_wconf 90' lang='lat' dir='ltr'>sois:</span> <span class='ocrx_word' id='word_1_260' title='bbox 1236 4027 1407 4096; x_wconf 84' lang='lat' dir='ltr'>Discitca</span> 
     </span>
     <span class='ocr_line' id='line_1_34' title="bbox 449 4133 1407 4220; baseline 0 -20"><span class='ocrx_word' id='word_1_261' title='bbox 449 4153 513 4214; x_wconf 84' lang='lat' dir='ltr'>rue,</span> <span class='ocrx_word' id='word_1_262' title='bbox 536 4151 598 4200; x_wconf 90' lang='lat' dir='ltr'>nou</span> <span class='ocrx_word' id='word_1_263' title='bbox 624 4139 766 4200; x_wconf 90' lang='lat' dir='ltr'>mortuos</span> <span class='ocrx_word' id='word_1_264' title='bbox 788 4133 956 4212; x_wconf 88' lang='lat' dir='ltr'>suscitare,</span> <span class='ocrx_word' id='word_1_265' title='bbox 980 4151 1044 4198; x_wconf 90' lang='lat' dir='ltr'>non</span> <span class='ocrx_word' id='word_1_266' title='bbox 1066 4151 1162 4218; x_wconf 88' lang='lat' dir='ltr'>snper</span> <span class='ocrx_word' id='word_1_267' title='bbox 1179 4151 1276 4220; x_wconf 77' lang='lat' dir='ltr'>aquas</span> <span class='ocrx_word' id='word_1_268' title='bbox 1301 4135 1407 4200; x_wconf 91' lang='lat' dir='ltr'>ambu-</span> 
     </span>
     <span class='ocr_line' id='line_1_35' title="bbox 449 4237 1407 4328; baseline 0.001 -22"><span class='ocrx_word' id='word_1_269' title='bbox 449 4243 528 4320; x_wconf 88' lang='lat' dir='ltr'>lare,</span> <span class='ocrx_word' id='word_1_270' title='bbox 552 4239 605 4308; x_wconf 89' lang='lat' dir='ltr'>sed</span> <span class='ocrx_word' id='word_1_271' title='bbox 622 4239 704 4328; x_wconf 82' lang='lat' dir='ltr'>quia</span> <span class='ocrx_word' id='word_1_272' title='bbox 717 4239 810 4306; x_wconf 86' lang='lat' dir='ltr'>mitis</span> <span class='ocrx_word' id='word_1_273' title='bbox 824 4259 899 4306; x_wconf 83' lang='lat' dir='ltr'>sunt</span> <span class='ocrx_word' id='word_1_274' title='bbox 915 4249 946 4306; x_wconf 91' lang='lat' dir='ltr'>ct</span> <span class='ocrx_word' id='word_1_275' title='bbox 963 4237 1099 4306; x_wconf 75' lang='lat' dir='ltr'>bannalis</span> <span class='ocrx_word' id='word_1_276' title='bbox 1117 4241 1212 4308; x_wconf 87' lang='lat' dir='ltr'>corde</span> <span class='ocrx_word' id='word_1_277' title='bbox 1226 4265 1263 4320; x_wconf 82' lang='lat'>&gt;›;</span> <span class='ocrx_word' id='word_1_278' title='bbox 1284 4239 1360 4324; x_wconf 86' lang='lat' dir='ltr'>quia</span> <span class='ocrx_word' id='word_1_279' title='bbox 1375 4239 1407 4306; x_wconf 90' lang='lat' dir='ltr'>in</span> 
     </span>
     <span class='ocr_line' id='line_1_36' title="bbox 449 4345 1384 4432; baseline -0.002 -18"><span class='ocrx_word' id='word_1_280' title='bbox 449 4347 607 4430; x_wconf 82' lang='lat' dir='ltr'>miraculis</span> <span class='ocrx_word' id='word_1_281' title='bbox 624 4365 687 4414; x_wconf 91' lang='lat' dir='ltr'>nou</span> <span class='ocrx_word' id='word_1_282' title='bbox 708 4345 862 4414; x_wconf 87' lang='lat' dir='ltr'>debebant</span> <span class='ocrx_word' id='word_1_283' title='bbox 885 4347 1039 4432; x_wconf 77' lang='lat' dir='ltr'>gaudere,</span> <span class='ocrx_word' id='word_1_284' title='bbox 1064 4347 1174 4414; x_wconf 90' lang='lat' dir='ltr'>sedin</span> <span class='ocrx_word' id='word_1_285' title='bbox 1197 4345 1384 4414; x_wconf 87' lang='lat' dir='ltr'>bumilitate.</span> 
     </span>
     <span class='ocr_line' id='line_1_37' title="bbox 538 4453 1407 4542; baseline 0 -22"><span class='ocrx_word' id='word_1_286' title='bbox 538 4453 590 4520; x_wconf 83' lang='lat' dir='ltr'>3b.</span> <span class='ocrx_word' id='word_1_287' title='bbox 621 4453 768 4538; x_wconf 84' lang='lat' dir='ltr'>Gaudete</span> <span class='ocrx_word' id='word_1_288' title='bbox 788 4459 915 4532; x_wconf 84' lang='lat' dir='ltr'>autera,</span> <span class='ocrx_word' id='word_1_289' title='bbox 948 4453 1215 4542; x_wconf 60' lang='lat' dir='ltr'>puluisculum</span> <span class='ocrx_word' id='word_1_290' title='bbox 1239 4459 1297 4522; x_wconf 89' lang='lat' dir='ltr'>etc.</span> <span class='ocrx_word' id='word_1_291' title='bbox 1322 4453 1407 4520; x_wconf 89' lang='lat' dir='ltr'>Post-</span> 
     </span>
    </p>

    <p class='ocr_par' dir='ltr' id='par_1_11' title="bbox 290 4561 1407 4648">
     <span class='ocr_line' id='line_1_38' title="bbox 290 4561 1407 4648; baseline 0 -22"><span class='ocrx_word' id='word_1_292' title='bbox 290 4569 390 4630; x_wconf 68' lang='lat' dir='ltr'>Serrndo</span> <span class='ocrx_word' id='word_1_293' title='bbox 404 4569 436 4612; x_wconf 75' lang='lat' dir='ltr'>in·</span> <span class='ocrx_word' id='word_1_294' title='bbox 450 4577 543 4648; x_wconf 90' lang='lat' dir='ltr'>qnam</span> <span class='ocrx_word' id='word_1_295' title='bbox 576 4561 715 4628; x_wconf 80' lang='lat' dir='ltr'>Salvator</span> <span class='ocrx_word' id='word_1_296' title='bbox 747 4561 897 4646; x_wconf 85' lang='lat' dir='ltr'>repressit</span> <span class='ocrx_word' id='word_1_297' title='bbox 929 4561 959 4626; x_wconf 90' lang='lat' dir='ltr'>in</span> <span class='ocrx_word' id='word_1_298' title='bbox 995 4561 1155 4646; x_wconf 87' lang='lat' dir='ltr'>discipulis</span> <span class='ocrx_word' id='word_1_299' title='bbox 1187 4561 1337 4646; x_wconf 78' lang='lat' dir='ltr'>gaudium</span> <span class='ocrx_word' id='word_1_300' title='bbox 1354 4579 1407 4626; x_wconf 85' lang='lat' dir='ltr'>va-</span> 
     </span>
    </p>
   </div>
   <div class='ocr_carea' id='block_1_7' title="bbox 302 4623 421 4666">
    <p class='ocr_par' dir='ltr' id='par_1_12' title="bbox 302 4623 421 4666">
     <span class='ocr_line' id='line_1_39' title="bbox 302 4623 421 4666; baseline 0 0"><span class='ocrx_word' id='word_1_301' title='bbox 302 4627 382 4666; x_wconf 81' lang='lat' dir='ltr'>vitatur</span> <span class='ocrx_word' id='word_1_302' title='bbox 395 4623 421 4666; x_wconf 88' lang='lat' dir='ltr'>ad</span> 
     </span>
    </p>
   </div>
   <div class='ocr_carea' id='block_1_8' title="bbox 284 4665 1404 4784">
    <p class='ocr_par' dir='ltr' id='par_1_13' title="bbox 284 4665 1404 4784">
     <span class='ocr_line' id='line_1_40' title="bbox 284 4665 1404 4784; baseline 0.002 -54"><span class='ocrx_word' id='word_1_303' title='bbox 284 4675 436 4784; x_wconf 56' lang='lat' dir='ltr'>issflffllgssfiz·</span> <span class='ocrx_word' id='word_1_304' title='bbox 451 4685 543 4744; x_wconf 90' lang='lat' dir='ltr'>num,</span> <span class='ocrx_word' id='word_1_305' title='bbox 569 4667 620 4734; x_wconf 90' lang='lat' dir='ltr'>bic</span> <span class='ocrx_word' id='word_1_306' title='bbox 643 4665 780 4734; x_wconf 80' lang='lat' dir='ltr'>searrrndo</span> <span class='ocrx_word' id='word_1_307' title='bbox 804 4665 922 4732; x_wconf 86' lang='lat' dir='ltr'>invitat</span> <span class='ocrx_word' id='word_1_308' title='bbox 944 4685 998 4732; x_wconf 91' lang='lat' dir='ltr'>eos</span> <span class='ocrx_word' id='word_1_309' title='bbox 1016 4667 1064 4732; x_wconf 91' lang='lat' dir='ltr'>ad</span> <span class='ocrx_word' id='word_1_310' title='bbox 1083 4667 1252 4752; x_wconf 78' lang='lat' dir='ltr'>pendium</span> <span class='ocrx_word' id='word_1_311' title='bbox 1279 4685 1404 4732; x_wconf 84' lang='lat' dir='ltr'>ueram.</span> 
     </span>
    </p>
   </div>
   <div class='ocr_carea' id='block_1_9' title="bbox 314 4771 1408 4966">
    <p class='ocr_par' dir='ltr' id='par_1_14' title="bbox 314 4771 1408 4966">
     <span class='ocr_line' id='line_1_41' title="bbox 314 4771 1408 4858; baseline -0.004 -17"><span class='ocrx_word' id='word_1_312' title='bbox 314 4781 414 4828; x_wconf 71' lang='lat' dir='ltr'>rationes·</span> <span class='ocrx_word' id='word_1_313' title='bbox 452 4773 486 4840; x_wconf 83' lang='lat' dir='ltr'>tc</span> <span class='ocrx_word' id='word_1_314' title='bbox 509 4773 569 4840; x_wconf 90' lang='lat' dir='ltr'>boc</span> <span class='ocrx_word' id='word_1_315' title='bbox 591 4771 717 4858; x_wconf 84' lang='lat' dir='ltr'>quidem</span> <span class='ocrx_word' id='word_1_316' title='bbox 741 4771 816 4840; x_wconf 87' lang='lat' dir='ltr'>iacit</span> <span class='ocrx_word' id='word_1_317' title='bbox 837 4773 1038 4858; x_wconf 91' lang='lat' dir='ltr'>proponendo</span> <span class='ocrx_word' id='word_1_318' title='bbox 1062 4771 1302 4858; x_wconf 84' lang='lat' dir='ltr'>quadruplicem</span> <span class='ocrx_word' id='word_1_319' title='bbox 1334 4789 1408 4838; x_wconf 90' lang='lat' dir='ltr'>cau·</span> 
     </span>
     <span class='ocr_line' id='line_1_42' title="bbox 450 4877 1407 4966; baseline -0.004 -18"><span class='ocrx_word' id='word_1_320' title='bbox 450 4897 516 4948; x_wconf 90' lang='lat' dir='ltr'>sam</span> <span class='ocrx_word' id='word_1_321' title='bbox 539 4881 603 4948; x_wconf 89' lang='lat' dir='ltr'>sive</span> <span class='ocrx_word' id='word_1_322' title='bbox 626 4879 787 4948; x_wconf 88' lang='lat' dir='ltr'>materiam</span> <span class='ocrx_word' id='word_1_323' title='bbox 803 4877 918 4966; x_wconf 79' lang='lat' dir='ltr'>gaudii.</span> <span class='ocrx_word' id='word_1_324' title='bbox 944 4877 1097 4946; x_wconf 84' lang='lat' dir='ltr'>Gaudium</span> <span class='ocrx_word' id='word_1_325' title='bbox 1115 4897 1251 4966; x_wconf 83' lang='lat' dir='ltr'>namque</span> <span class='ocrx_word' id='word_1_326' title='bbox 1271 4877 1407 4964; x_wconf 84' lang='lat' dir='ltr'>discipu-</span> 
     </span>
    </p>
   </div>
   <div class='ocr_carea' id='block_1_10' title="bbox 352 5273 1409 6936">
    <p class='ocr_par' dir='ltr' id='par_1_15' title="bbox 352 5273 1409 6936">
     <span class='ocr_line' id='line_1_43' title="bbox 521 5273 1408 5344; baseline 0.002 -18"><span class='ocrx_word' id='word_1_327' title='bbox 521 5273 530 5304; x_wconf 90' lang='lat'><strong>¹</strong></span> <span class='ocrx_word' id='word_1_328' title='bbox 551 5277 628 5330; x_wconf 75' lang='lat' dir='ltr'>Pers.</span> <span class='ocrx_word' id='word_1_329' title='bbox 651 5279 681 5338; x_wconf 86' lang='lat'>8,</span> <span class='ocrx_word' id='word_1_330' title='bbox 707 5283 868 5344; x_wconf 79' lang='lat' dir='ltr'>postquem</span> <span class='ocrx_word' id='word_1_331' title='bbox 896 5275 942 5326; x_wconf 91' lang='lat' dir='ltr'>lob</span> <span class='ocrx_word' id='word_1_332' title='bbox 965 5275 1014 5342; x_wconf 84' lang='lat' dir='ltr'>3l,</span> <span class='ocrx_word' id='word_1_333' title='bbox 1033 5277 1077 5330; x_wconf 86' lang='grc'>29.</span> <span class='ocrx_word' id='word_1_334' title='bbox 1094 5305 1132 5316; x_wconf 95' lang='grc'>-</span> <span class='ocrx_word' id='word_1_335' title='bbox 1150 5277 1276 5342; x_wconf 83' lang='lat' dir='ltr'>Superius</span> <span class='ocrx_word' id='word_1_336' title='bbox 1301 5291 1349 5342; x_wconf 90' lang='lat' dir='ltr'>pro</span> <span class='ocrx_word' id='word_1_337' title='bbox 1368 5273 1408 5328; x_wconf 86' lang='lat' dir='ltr'>da·</span> 
     </span>
     <span class='ocr_line' id='line_1_44' title="bbox 451 5363 1016 5428; baseline -0.004 -10"><span class='ocrx_word' id='word_1_338' title='bbox 451 5363 558 5418; x_wconf 82' lang='lat' dir='ltr'>tectione</span> <span class='ocrx_word' id='word_1_339' title='bbox 578 5365 630 5416; x_wconf 84' lang='lat' dir='ltr'>Dll</span> <span class='ocrx_word' id='word_1_340' title='bbox 650 5363 783 5428; x_wconf 84' lang='lat' dir='ltr'>eiectiouc,</span> <span class='ocrx_word' id='word_1_341' title='bbox 807 5365 865 5418; x_wconf 77' lang='lat' dir='ltr'>Vct.</span> <span class='ocrx_word' id='word_1_342' title='bbox 883 5363 1016 5418; x_wconf 83' lang='lat' dir='ltr'>deletione.</span> 
     </span>
     <span class='ocr_line' id='line_1_45' title="bbox 521 5451 1407 5522; baseline -0.001 -16"><span class='ocrx_word' id='word_1_343' title='bbox 521 5451 626 5506; x_wconf 66' lang='lat' dir='ltr'>²Pers.</span> <span class='ocrx_word' id='word_1_344' title='bbox 653 5455 695 5506; x_wconf 82' lang='lat' dir='ltr'>ta.</span> <span class='ocrx_word' id='word_1_345' title='bbox 716 5481 753 5494; x_wconf 90' lang='lat'>-</span> <span class='ocrx_word' id='word_1_346' title='bbox 774 5455 831 5506; x_wconf 87' lang='lat' dir='ltr'>Duo</span> <span class='ocrx_word' id='word_1_347' title='bbox 857 5467 935 5522; x_wconf 78' lang='grc' dir='ltr'>εθθθ.</span> <span class='ocrx_word' id='word_1_348' title='bbox 959 5455 1009 5506; x_wconf 88' lang='lat' dir='ltr'>loci</span> <span class='ocrx_word' id='word_1_349' title='bbox 1032 5459 1092 5506; x_wconf 89' lang='lat' dir='ltr'>suut</span> <span class='ocrx_word' id='word_1_350' title='bbox 1114 5453 1159 5506; x_wconf 91' lang='lat' dir='ltr'>lob</span> <span class='ocrx_word' id='word_1_351' title='bbox 1186 5455 1234 5520; x_wconf 86' lang='grc'>29,</span> <span class='ocrx_word' id='word_1_352' title='bbox 1260 5453 1286 5506; x_wconf 84' lang='grc'>5.</span> <span class='ocrx_word' id='word_1_353' title='bbox 1311 5459 1335 5506; x_wconf 90' lang='lat' dir='ltr'>ct</span> <span class='ocrx_word' id='word_1_354' title='bbox 1359 5453 1407 5518; x_wconf 78' lang='lat' dir='ltr'>nt,</span> 
     </span>
     <span class='ocr_line' id='line_1_46' title="bbox 453 5543 1165 5608; baseline 0.003 -16"><span class='ocrx_word' id='word_1_355' title='bbox 453 5543 493 5596; x_wconf 91' lang='grc' dir='ltr'>ῖ2.</span> <span class='ocrx_word' id='word_1_356' title='bbox 512 5555 568 5608; x_wconf 89' lang='grc' dir='ltr'>εθθ.</span> <span class='ocrx_word' id='word_1_357' title='bbox 1163 5559 1165 5564; x_wconf 66' lang='grc'>’</span> 
     </span>
     <span class='ocr_line' id='line_1_47' title="bbox 520 5629 1314 5698; baseline 0 -14"><span class='ocrx_word' id='word_1_358' title='bbox 520 5629 531 5662; x_wconf 85' lang='lat'>³</span> <span class='ocrx_word' id='word_1_359' title='bbox 550 5633 627 5686; x_wconf 79' lang='lat' dir='ltr'>Vere.</span> <span class='ocrx_word' id='word_1_360' title='bbox 647 5633 688 5686; x_wconf 89' lang='lat' dir='ltr'>ll.</span> <span class='ocrx_word' id='word_1_361' title='bbox 707 5635 732 5682; x_wconf 87' lang='lat' dir='ltr'>et</span> <span class='ocrx_word' id='word_1_362' title='bbox 752 5635 792 5686; x_wconf 81' lang='lat' dir='ltr'>tn.</span> <span class='ocrx_word' id='word_1_363' title='bbox 812 5661 846 5672; x_wconf 95' lang='lat'>-</span> <span class='ocrx_word' id='word_1_364' title='bbox 866 5631 983 5686; x_wconf 87' lang='lat' dir='ltr'>Subinde</span> <span class='ocrx_word' id='word_1_365' title='bbox 1002 5631 1252 5698; x_wconf 60' lang='lat' dir='ltr'>acceptassent,</span> <span class='ocrx_word' id='word_1_366' title='bbox 1271 5631 1314 5684; x_wconf 82' lang='lat' dir='ltr'>ll.</span> 
     </span>
     <span class='ocr_line' id='line_1_48' title="bbox 521 5717 1407 5788; baseline -0.001 -16"><span class='ocrx_word' id='word_1_367' title='bbox 521 5717 532 5750; x_wconf 84' lang='lat'><strong>⁴</strong></span> <span class='ocrx_word' id='word_1_368' title='bbox 551 5721 589 5772; x_wconf 90' lang='lat' dir='ltr'>De</span> <span class='ocrx_word' id='word_1_369' title='bbox 606 5727 696 5774; x_wconf 84' lang='lat' dir='ltr'>sarreia</span> <span class='ocrx_word' id='word_1_370' title='bbox 714 5721 881 5788; x_wconf 77' lang='lat' dir='ltr'>virginitate,</span> <span class='ocrx_word' id='word_1_371' title='bbox 899 5735 922 5774; x_wconf 85' lang='lat' dir='ltr'>a.</span> <span class='ocrx_word' id='word_1_372' title='bbox 943 5721 984 5774; x_wconf 82' lang='lat'>35.</span> <span class='ocrx_word' id='word_1_373' title='bbox 998 5735 1023 5774; x_wconf 89' lang='lat' dir='ltr'>n.</span> <span class='ocrx_word' id='word_1_374' title='bbox 1043 5723 1091 5776; x_wconf 82' lang='lat'>35:</span> <span class='ocrx_word' id='word_1_375' title='bbox 1111 5723 1165 5774; x_wconf 88' lang='lat' dir='ltr'>Non</span> <span class='ocrx_word' id='word_1_376' title='bbox 1185 5721 1261 5774; x_wconf 85' lang='lat' dir='ltr'>dicit:</span> <span class='ocrx_word' id='word_1_377' title='bbox 1281 5719 1407 5776; x_wconf 72' lang='lat' dir='ltr'>Dascusa</span> 
     </span>
     <span class='ocr_line' id='line_1_49' title="bbox 449 5805 1407 5878; baseline 0.002 -18"><span class='ocrx_word' id='word_1_378' title='bbox 449 5821 508 5874; x_wconf 83' lang='lat' dir='ltr'>tua,</span> <span class='ocrx_word' id='word_1_379' title='bbox 530 5809 659 5862; x_wconf 73' lang='lat' dir='ltr'>cunradum</span> <span class='ocrx_word' id='word_1_380' title='bbox 680 5809 822 5874; x_wconf 79' lang='lat' dir='ltr'>fabricare,</span> <span class='ocrx_word' id='word_1_381' title='bbox 835 5817 880 5862; x_wconf 88' lang='lat' dir='ltr'>aut</span> <span class='ocrx_word' id='word_1_382' title='bbox 897 5817 1016 5864; x_wconf 87' lang='lat' dir='ltr'>mortuos</span> <span class='ocrx_word' id='word_1_383' title='bbox 1028 5811 1169 5872; x_wconf 85' lang='lat' dir='ltr'>suscitare,</span> <span class='ocrx_word' id='word_1_384' title='bbox 1189 5809 1233 5862; x_wconf 88' lang='lat' dir='ltr'>sed</span> <span class='ocrx_word' id='word_1_385' title='bbox 1254 5809 1318 5878; x_wconf 81' lang='lat' dir='ltr'>prtia</span> <span class='ocrx_word' id='word_1_386' title='bbox 1334 5805 1407 5862; x_wconf 79' lang='lat' dir='ltr'>uritis</span> 
     </span>
     <span class='ocr_line' id='line_1_50' title="bbox 398 5895 1407 5966; baseline -0.002 -16"><span class='ocrx_word' id='word_1_387' title='bbox 398 5927 399 5930; x_wconf 61' lang='lat'><em>=</em></span> <span class='ocrx_word' id='word_1_388' title='bbox 451 5909 515 5950; x_wconf 84' lang='lat' dir='ltr'>sum</span> <span class='ocrx_word' id='word_1_389' title='bbox 533 5899 557 5950; x_wconf 86' lang='lat' dir='ltr'>ct</span> <span class='ocrx_word' id='word_1_390' title='bbox 576 5897 686 5950; x_wconf 85' lang='lat' dir='ltr'>ltuncitis</span> <span class='ocrx_word' id='word_1_391' title='bbox 705 5897 783 5950; x_wconf 87' lang='lat' dir='ltr'>corde</span> <span class='ocrx_word' id='word_1_392' title='bbox 808 5895 909 5964; x_wconf 86' lang='lat' dir='ltr'>[llattb.</span> <span class='ocrx_word' id='word_1_393' title='bbox 929 5899 977 5964; x_wconf 82' lang='lat' dir='ltr'>tl,</span> <span class='ocrx_word' id='word_1_394' title='bbox 996 5897 1064 5966; x_wconf 87' lang='grc'><strong>29].</strong></span> <span class='ocrx_word' id='word_1_395' title='bbox 1081 5897 1135 5952; x_wconf 80' lang='lat' dir='ltr'>Cir.</span> <span class='ocrx_word' id='word_1_396' title='bbox 1159 5901 1245 5950; x_wconf 80' lang='lat' dir='ltr'>serm.</span> <span class='ocrx_word' id='word_1_397' title='bbox 1271 5899 1314 5950; x_wconf 93' lang='grc'>69.</span> <span class='ocrx_word' id='word_1_398' title='bbox 1334 5895 1407 5964; x_wconf 85' lang='grc' dir='ltr'>(εῖῖεε</span> 
     </span>
     <span class='ocr_line' id='line_1_51' title="bbox 453 5983 1407 6054; baseline 0.005 -18"><span class='ocrx_word' id='word_1_399' title='bbox 453 5983 493 6036; x_wconf 89' lang='lat' dir='ltr'>til.</span> <span class='ocrx_word' id='word_1_400' title='bbox 513 5985 546 6036; x_wconf 91' lang='lat' dir='ltr'>de</span> <span class='ocrx_word' id='word_1_401' title='bbox 566 5983 659 6036; x_wconf 79' lang='lat' dir='ltr'>Verbis</span> <span class='ocrx_word' id='word_1_402' title='bbox 670 5985 788 6052; x_wconf 86' lang='lat' dir='ltr'>Domini)</span> <span class='ocrx_word' id='word_1_403' title='bbox 810 6001 834 6040; x_wconf 91' lang='grc' dir='ltr'>θ.</span> <span class='ocrx_word' id='word_1_404' title='bbox 848 5989 872 6040; x_wconf 86' lang='lat' dir='ltr'>t.</span> <span class='ocrx_word' id='word_1_405' title='bbox 885 6003 911 6040; x_wconf 88' lang='lat' dir='ltr'>u.</span> <span class='ocrx_word' id='word_1_406' title='bbox 931 5989 960 6054; x_wconf 88' lang='grc'>2,</span> <span class='ocrx_word' id='word_1_407' title='bbox 971 5989 999 6040; x_wconf 91' lang='lat' dir='ltr'>in</span> <span class='ocrx_word' id='word_1_408' title='bbox 1013 5987 1128 6040; x_wconf 80' lang='lat' dir='ltr'>breviar.</span> <span class='ocrx_word' id='word_1_409' title='bbox 1142 5989 1263 6040; x_wconf 81' lang='lat' dir='ltr'>Romano</span> <span class='ocrx_word' id='word_1_410' title='bbox 1280 6001 1329 6050; x_wconf 91' lang='lat' dir='ltr'>pro</span> <span class='ocrx_word' id='word_1_411' title='bbox 1343 5989 1407 6040; x_wconf 87' lang='lat' dir='ltr'>lesio</span> 
     </span>
     <span class='ocr_line' id='line_1_52' title="bbox 452 6071 1407 6142; baseline 0 -18"><span class='ocrx_word' id='word_1_412' title='bbox 452 6073 477 6124; x_wconf 92' lang='lat' dir='ltr'>S.</span> <span class='ocrx_word' id='word_1_413' title='bbox 496 6073 605 6124; x_wconf 82' lang='lat' dir='ltr'>lliatlriac</span> <span class='ocrx_word' id='word_1_414' title='bbox 624 6073 716 6136; x_wconf 85' lang='lat' dir='ltr'>Apost.</span> <span class='ocrx_word' id='word_1_415' title='bbox 734 6071 789 6138; x_wconf 80' lang='lat' dir='ltr'>(al.</span> <span class='ocrx_word' id='word_1_416' title='bbox 806 6073 903 6140; x_wconf 73' lang='lat' dir='ltr'>Faba).</span> <span class='ocrx_word' id='word_1_417' title='bbox 923 6101 960 6114; x_wconf 86' lang='lat'>·-</span> <span class='ocrx_word' id='word_1_418' title='bbox 977 6077 1026 6126; x_wconf 86' lang='lat' dir='ltr'>Pro</span> <span class='ocrx_word' id='word_1_419' title='bbox 1046 6073 1215 6142; x_wconf 79' lang='lat' dir='ltr'>Accpastiaus</span> <span class='ocrx_word' id='word_1_420' title='bbox 1236 6073 1285 6142; x_wconf 87' lang='lat' dir='ltr'>(ita</span> <span class='ocrx_word' id='word_1_421' title='bbox 1305 6075 1350 6126; x_wconf 87' lang='lat' dir='ltr'>De</span> <span class='ocrx_word' id='word_1_422' title='bbox 1370 6087 1407 6124; x_wconf 79' lang='lat' dir='ltr'>se</span> 
     </span>
     <span class='ocr_line' id='line_1_53' title="bbox 352 6151 1408 6230; baseline 0.001 -17"><span class='ocrx_word' id='word_1_423' title='bbox 352 6167 357 6180; x_wconf 91' lang='lat'>&#39;</span> <span class='ocrx_word' id='word_1_424' title='bbox 452 6161 536 6214; x_wconf 85' lang='lat' dir='ltr'>crrnda</span> <span class='ocrx_word' id='word_1_425' title='bbox 556 6171 636 6212; x_wconf 89' lang='lat' dir='ltr'>manu</span> <span class='ocrx_word' id='word_1_426' title='bbox 654 6165 680 6210; x_wconf 91' lang='lat' dir='ltr'>et</span> <span class='ocrx_word' id='word_1_427' title='bbox 695 6159 762 6226; x_wconf 81' lang='lat' dir='ltr'>Pal.)</span> <span class='ocrx_word' id='word_1_428' title='bbox 781 6161 863 6214; x_wconf 89' lang='lat' dir='ltr'>ACG</span> <span class='ocrx_word' id='word_1_429' title='bbox 884 6161 1071 6230; x_wconf 79' lang='lat' dir='ltr'>Hieronymus.</span> <span class='ocrx_word' id='word_1_430' title='bbox 1084 6189 1120 6202; x_wconf 92' lang='lat'><em>-</em></span> <span class='ocrx_word' id='word_1_431' title='bbox 1131 6151 1242 6214; x_wconf 83' lang='lat' dir='ltr'>interius</span> <span class='ocrx_word' id='word_1_432' title='bbox 1254 6175 1303 6228; x_wconf 86' lang='lat' dir='ltr'>pro</span> <span class='ocrx_word' id='word_1_433' title='bbox 1322 6161 1369 6216; x_wconf 86' lang='lat' dir='ltr'>sed</span> <span class='ocrx_word' id='word_1_434' title='bbox 1380 6159 1408 6214; x_wconf 84' lang='lat' dir='ltr'>ia</span> 
     </span>
     <span class='ocr_line' id='line_1_54' title="bbox 452 6241 954 6302; baseline -0.004 -2"><span class='ocrx_word' id='word_1_435' title='bbox 452 6245 601 6300; x_wconf 81' lang='lat' dir='ltr'>uumttucu</span> <span class='ocrx_word' id='word_1_436' title='bbox 620 6247 641 6298; x_wconf 87' lang='lat' dir='ltr'>E</span> <span class='ocrx_word' id='word_1_437' title='bbox 657 6245 705 6298; x_wconf 88' lang='lat' dir='ltr'>sed</span> <span class='ocrx_word' id='word_1_438' title='bbox 722 6241 783 6300; x_wconf 84' lang='lat' dir='ltr'>inde</span> <span class='ocrx_word' id='word_1_439' title='bbox 800 6245 954 6302; x_wconf 83' lang='lat' dir='ltr'>tuccmiliare.</span> 
     </span>
     <span class='ocr_line' id='line_1_55' title="bbox 522 6329 1407 6400; baseline 0 -12"><span class='ocrx_word' id='word_1_440' title='bbox 522 6331 533 6364; x_wconf 57' lang='grc' dir='ltr'><strong>ὅ</strong></span> <span class='ocrx_word' id='word_1_441' title='bbox 550 6333 602 6388; x_wconf 84' lang='lat' dir='ltr'>Cir.</span> <span class='ocrx_word' id='word_1_442' title='bbox 622 6347 702 6400; x_wconf 87' lang='lat' dir='ltr'>snpra</span> <span class='ocrx_word' id='word_1_443' title='bbox 716 6347 776 6400; x_wconf 82' lang='lat' dir='ltr'>pag.</span> <span class='ocrx_word' id='word_1_444' title='bbox 790 6335 850 6398; x_wconf 87' lang='grc'><strong>261,</strong></span> <span class='ocrx_word' id='word_1_445' title='bbox 864 6339 924 6388; x_wconf 87' lang='lat' dir='ltr'>nota</span> <span class='ocrx_word' id='word_1_446' title='bbox 939 6335 963 6388; x_wconf 84' lang='lat'>5.</span> <span class='ocrx_word' id='word_1_447' title='bbox 975 6361 1012 6374; x_wconf 90' lang='lat'><em>-</em></span> <span class='ocrx_word' id='word_1_448' title='bbox 1022 6335 1161 6400; x_wconf 85' lang='lat' dir='ltr'>Aliquanto</span> <span class='ocrx_word' id='word_1_449' title='bbox 1182 6337 1286 6390; x_wconf 86' lang='lat' dir='ltr'>interius</span> <span class='ocrx_word' id='word_1_450' title='bbox 1300 6337 1323 6388; x_wconf 85' lang='lat' dir='ltr'>ll</span> <span class='ocrx_word' id='word_1_451' title='bbox 1334 6329 1407 6390; x_wconf 87' lang='lat' dir='ltr'>amit·</span> 
     </span>
     <span class='ocr_line' id='line_1_56' title="bbox 452 6421 566 6490; baseline 0.018 -18"><span class='ocrx_word' id='word_1_452' title='bbox 452 6421 481 6472; x_wconf 91' lang='grc' dir='ltr'>ῖῖῖ</span> <span class='ocrx_word' id='word_1_453' title='bbox 499 6421 566 6490; x_wconf 75' lang='lat' dir='ltr'>tore.</span> 
     </span>
     <span class='ocr_line' id='line_1_57' title="bbox 522 6505 1406 6564; baseline 0.003 -4"><span class='ocrx_word' id='word_1_454' title='bbox 522 6505 533 6538; x_wconf 60' lang='grc' dir='ltr'><strong>ὃ</strong></span> <span class='ocrx_word' id='word_1_455' title='bbox 552 6511 627 6562; x_wconf 82' lang='lat' dir='ltr'>Pers.</span> <span class='ocrx_word' id='word_1_456' title='bbox 647 6511 671 6562; x_wconf 88' lang='lat'>3.</span> <span class='ocrx_word' id='word_1_457' title='bbox 690 6515 716 6562; x_wconf 91' lang='grc' dir='ltr'>θῖ</span> <span class='ocrx_word' id='word_1_458' title='bbox 735 6509 761 6562; x_wconf 81' lang='lat' dir='ltr'>l.</span> <span class='ocrx_word' id='word_1_459' title='bbox 779 6511 818 6564; x_wconf 89' lang='grc' dir='ltr'>Ι)θ</span> <span class='ocrx_word' id='word_1_460' title='bbox 836 6511 903 6564; x_wconf 91' lang='lat' dir='ltr'>libro</span> <span class='ocrx_word' id='word_1_461' title='bbox 921 6511 992 6562; x_wconf 83' lang='lat' dir='ltr'>vitae</span> <span class='ocrx_word' id='word_1_462' title='bbox 1010 6511 1056 6564; x_wconf 86' lang='lat' dir='ltr'>etr.</span> <span class='ocrx_word' id='word_1_463' title='bbox 1075 6511 1119 6562; x_wconf 90' lang='lat' dir='ltr'>lV.</span> <span class='ocrx_word' id='word_1_464' title='bbox 1138 6511 1208 6564; x_wconf 79' lang='lat' dir='ltr'>Sena</span> <span class='ocrx_word' id='word_1_465' title='bbox 1224 6511 1256 6564; x_wconf 89' lang='lat' dir='ltr'>d.</span> <span class='ocrx_word' id='word_1_466' title='bbox 1276 6511 1320 6564; x_wconf 84' lang='lat' dir='ltr'>l3.</span> <span class='ocrx_word' id='word_1_467' title='bbox 1336 6523 1360 6564; x_wconf 90' lang='lat' dir='ltr'>a.</span> <span class='ocrx_word' id='word_1_468' title='bbox 1381 6511 1406 6564; x_wconf 89' lang='grc'>2.</span> 
     </span>
     <span class='ocr_line' id='line_1_58' title="bbox 443 6595 1408 6666; baseline 0.005 -18"><span class='ocrx_word' id='word_1_469' title='bbox 443 6595 478 6662; x_wconf 83' lang='grc' dir='ltr'>θ.</span> <span class='ocrx_word' id='word_1_470' title='bbox 499 6599 523 6650; x_wconf 86' lang='lat' dir='ltr'>l.</span> <span class='ocrx_word' id='word_1_471' title='bbox 540 6611 630 6664; x_wconf 82' lang='grc' dir='ltr'>εεθθ.;</span> <span class='ocrx_word' id='word_1_472' title='bbox 649 6601 701 6664; x_wconf 85' lang='lat' dir='ltr'>Qq.</span> <span class='ocrx_word' id='word_1_473' title='bbox 719 6599 818 6666; x_wconf 81' lang='lat' dir='ltr'>disput.</span> <span class='ocrx_word' id='word_1_474' title='bbox 837 6601 871 6652; x_wconf 90' lang='lat' dir='ltr'>de</span> <span class='ocrx_word' id='word_1_475' title='bbox 890 6599 1011 6664; x_wconf 77' lang='lat' dir='ltr'>llvsterio</span> <span class='ocrx_word' id='word_1_476' title='bbox 1024 6601 1096 6652; x_wconf 90' lang='lat' dir='ltr'>Triu.</span> <span class='ocrx_word' id='word_1_477' title='bbox 1117 6613 1144 6666; x_wconf 88' lang='grc' dir='ltr'>θ.</span> <span class='ocrx_word' id='word_1_478' title='bbox 1164 6601 1189 6652; x_wconf 88' lang='lat' dir='ltr'>t.</span> <span class='ocrx_word' id='word_1_479' title='bbox 1208 6613 1232 6652; x_wconf 88' lang='lat' dir='ltr'>a.</span> <span class='ocrx_word' id='word_1_480' title='bbox 1253 6601 1277 6654; x_wconf 96' lang='grc'>2.</span> <span class='ocrx_word' id='word_1_481' title='bbox 1290 6599 1317 6650; x_wconf 85' lang='grc' dir='ltr'>ῖε</span> <span class='ocrx_word' id='word_1_482' title='bbox 1336 6613 1408 6664; x_wconf 85' lang='lat' dir='ltr'>corp.</span> 
     </span>
     <span class='ocr_line' id='line_1_59' title="bbox 452 6687 1408 6756; baseline 0.004 -16"><span class='ocrx_word' id='word_1_483' title='bbox 452 6687 624 6752; x_wconf 76' lang='lat' dir='ltr'>etllreviloq.</span> <span class='ocrx_word' id='word_1_484' title='bbox 642 6703 667 6754; x_wconf 92' lang='lat' dir='ltr'>p.</span> <span class='ocrx_word' id='word_1_485' title='bbox 688 6689 739 6742; x_wconf 90' lang='lat' dir='ltr'>Vll.</span> <span class='ocrx_word' id='word_1_486' title='bbox 759 6705 783 6744; x_wconf 87' lang='lat' dir='ltr'>c.</span> <span class='ocrx_word' id='word_1_487' title='bbox 802 6691 827 6744; x_wconf 92' lang='lat' dir='ltr'>l.</span> <span class='ocrx_word' id='word_1_488' title='bbox 845 6717 882 6730; x_wconf 89' lang='lat'><em>-</em></span> <span class='ocrx_word' id='word_1_489' title='bbox 899 6689 1025 6754; x_wconf 86' lang='lat' dir='ltr'>Superius</span> <span class='ocrx_word' id='word_1_490' title='bbox 1043 6703 1092 6754; x_wconf 89' lang='lat' dir='ltr'>pro</span> <span class='ocrx_word' id='word_1_491' title='bbox 1119 6687 1211 6744; x_wconf 81' lang='lat' dir='ltr'>Priario</span> <span class='ocrx_word' id='word_1_492' title='bbox 1236 6687 1369 6756; x_wconf 79' lang='lat' dir='ltr'>paediam</span> <span class='ocrx_word' id='word_1_493' title='bbox 1388 6691 1408 6744; x_wconf 86' lang='lat' dir='ltr'>D</span> 
     </span>
     <span class='ocr_line' id='line_1_60' title="bbox 452 6773 1399 6850; baseline 0.004 -24"><span class='ocrx_word' id='word_1_494' title='bbox 452 6773 579 6828; x_wconf 84' lang='lat' dir='ltr'>Primum</span> <span class='ocrx_word' id='word_1_495' title='bbox 596 6775 742 6844; x_wconf 71' lang='lat' dir='ltr'>partitam,</span> <span class='ocrx_word' id='word_1_496' title='bbox 766 6781 785 6832; x_wconf 86' lang='lat' dir='ltr'>ll</span> <span class='ocrx_word' id='word_1_497' title='bbox 806 6779 897 6836; x_wconf 80' lang='lat' dir='ltr'>Prinna</span> <span class='ocrx_word' id='word_1_498' title='bbox 915 6793 980 6850; x_wconf 81' lang='lat' dir='ltr'>apo</span> <span class='ocrx_word' id='word_1_499' title='bbox 1001 6779 1183 6850; x_wconf 81' lang='lat' dir='ltr'>pandendam.</span> <span class='ocrx_word' id='word_1_500' title='bbox 1397 6825 1399 6830; x_wconf 81' lang='grc'>,</span> 
     </span>
     <span class='ocr_line' id='line_1_61' title="bbox 522 6859 1409 6936; baseline 0.011 -22"><span class='ocrx_word' id='word_1_501' title='bbox 522 6859 532 6892; x_wconf 68' lang='lat'>²</span> <span class='ocrx_word' id='word_1_502' title='bbox 551 6865 627 6916; x_wconf 87' lang='lat' dir='ltr'>Vers.</span> <span class='ocrx_word' id='word_1_503' title='bbox 654 6867 696 6920; x_wconf 90' lang='grc' dir='ltr'>ῖ2.</span> <span class='ocrx_word' id='word_1_504' title='bbox 713 6893 750 6906; x_wconf 93' lang='grc'>-</span> <span class='ocrx_word' id='word_1_505' title='bbox 768 6869 892 6936; x_wconf 82' lang='lat' dir='ltr'>Seqriitur</span> <span class='ocrx_word' id='word_1_506' title='bbox 908 6871 951 6924; x_wconf 87' lang='grc' dir='ltr'>Ρε.</span> <span class='ocrx_word' id='word_1_507' title='bbox 970 6871 1020 6934; x_wconf 83' lang='grc'>63,</span> <span class='ocrx_word' id='word_1_508' title='bbox 1037 6871 1083 6922; x_wconf 93' lang='grc'>29.</span> <span class='ocrx_word' id='word_1_509' title='bbox 1100 6895 1137 6910; x_wconf 91' lang='lat'>-·</span> <span class='ocrx_word' id='word_1_510' title='bbox 1153 6869 1245 6922; x_wconf 87' lang='lat' dir='ltr'>Glossa</span> <span class='ocrx_word' id='word_1_511' title='bbox 1267 6865 1409 6924; x_wconf 87' lang='lat' dir='ltr'>ordinaria</span> 
     </span>
    </p>
   </div>
   <div class='ocr_carea' id='block_1_11' title="bbox 1397 5589 1581 5682">
    <p class='ocr_par' dir='ltr' id='par_1_16' title="bbox 1397 5589 1581 5682">
     <span class='ocr_line' id='line_1_62' title="bbox 1397 5589 1581 5682; baseline 0 0"><span class='ocrx_word' id='word_1_512' title='bbox 1397 5589 1398 5594; x_wconf 9' lang='grc' dir='ltr'><strong>Ἰ</strong></span> <span class='ocrx_word' id='word_1_513' title='bbox 1473 5629 1538 5682; x_wconf 75' lang='lat' dir='ltr'>durh.</span> <span class='ocrx_word' id='word_1_514' title='bbox 1558 5633 1581 5682; x_wconf 90' lang='grc'>2.</span> 
     </span>
    </p>
   </div>
   <div class='ocr_carea' id='block_1_12' title="bbox 2362 571 2427 638">
    <p class='ocr_par' dir='ltr' id='par_1_17' title="bbox 2362 571 2427 638">
     <span class='ocr_line' id='line_1_63' title="bbox 2362 571 2427 638; baseline 0.062 -5"><span class='ocrx_word' id='word_1_515' title='bbox 2362 571 2427 638; x_wconf 84' lang='grc'>263</span> 
     </span>
    </p>
   </div>
   <div class='ocr_carea' id='block_1_13' title="bbox 1467 739 2427 830">
    <p class='ocr_par' dir='ltr' id='par_1_18' title="bbox 1467 739 2427 830">
     <span class='ocr_line' id='line_1_64' title="bbox 1467 739 2427 830; baseline 0.007 -24"><span class='ocrx_word' id='word_1_516' title='bbox 1467 741 1507 808; x_wconf 83' lang='grc' dir='ltr'>ῖῖε</span> <span class='ocrx_word' id='word_1_517' title='bbox 1531 743 1599 826; x_wconf 83' lang='grc' dir='ltr'>ῖοεθ</span> <span class='ocrx_word' id='word_1_518' title='bbox 1620 739 1758 808; x_wconf 87' lang='lat' dir='ltr'>ostendii</span> <span class='ocrx_word' id='word_1_519' title='bbox 1779 739 1816 808; x_wconf 88' lang='lat' dir='ltr'>de</span> <span class='ocrx_word' id='word_1_520' title='bbox 1832 799 1834 802; x_wconf 96' lang='lat'>.</span> <span class='ocrx_word' id='word_1_521' title='bbox 1849 739 1909 824; x_wconf 86' lang='lat' dir='ltr'>Dei</span> <span class='ocrx_word' id='word_1_522' title='bbox 1923 739 2148 826; x_wconf 82' lang='lat' dir='ltr'>praescientia</span> <span class='ocrx_word' id='word_1_523' title='bbox 2170 739 2360 830; x_wconf 79' lang='lat' dir='ltr'>infallibili,</span> <span class='ocrx_word' id='word_1_524' title='bbox 2390 745 2427 814; x_wconf 87' lang='lat' dir='ltr'>de</span> 
     </span>
    </p>
   </div>
   <div class='ocr_carea' id='block_1_14' title="bbox 1464 845 2427 934">
    <p class='ocr_par' dir='ltr' id='par_1_19' title="bbox 1464 845 2427 934">
     <span class='ocr_line' id='line_1_65' title="bbox 1464 845 2427 934; baseline -0.002 -18"><span class='ocrx_word' id='word_1_525' title='bbox 1464 847 1678 934; x_wconf 87' lang='lat' dir='ltr'>prouidentia</span> <span class='ocrx_word' id='word_1_526' title='bbox 1701 845 1996 934; x_wconf 71' lang='lat' dir='ltr'>irreprehensibili,</span> <span class='ocrx_word' id='word_1_527' title='bbox 2022 849 2060 916; x_wconf 87' lang='lat' dir='ltr'>de</span> <span class='ocrx_word' id='word_1_528' title='bbox 2073 847 2221 932; x_wconf 83' lang='lat' dir='ltr'>patentia</span> <span class='ocrx_word' id='word_1_529' title='bbox 2242 847 2427 934; x_wconf 85' lang='lat' dir='ltr'>incompre-</span> 
     </span>
    </p>
   </div>
   <div class='ocr_carea' id='block_1_15' title="bbox 1466 953 2594 1992">
    <p class='ocr_par' dir='ltr' id='par_1_20' title="bbox 1469 953 2427 1144">
     <span class='ocr_line' id='line_1_66' title="bbox 1469 953 2427 1040; baseline -0.002 -20"><span class='ocrx_word' id='word_1_530' title='bbox 1469 953 1640 1032; x_wconf 86' lang='lat' dir='ltr'>bensibili,</span> <span class='ocrx_word' id='word_1_531' title='bbox 1665 953 1702 1020; x_wconf 90' lang='lat' dir='ltr'>de</span> <span class='ocrx_word' id='word_1_532' title='bbox 1723 955 1914 1040; x_wconf 88' lang='lat' dir='ltr'>praeseutia</span> <span class='ocrx_word' id='word_1_533' title='bbox 1928 953 2151 1020; x_wconf 80' lang='lat' dir='ltr'>desiderabili.</span> <span class='ocrx_word' id='word_1_534' title='bbox 2175 955 2214 1018; x_wconf 87' lang='lat' dir='ltr'>Et</span> <span class='ocrx_word' id='word_1_535' title='bbox 2228 953 2260 1018; x_wconf 89' lang='lat' dir='ltr'>iu</span> <span class='ocrx_word' id='word_1_536' title='bbox 2284 953 2334 1018; x_wconf 92' lang='lat' dir='ltr'>bis</span> <span class='ocrx_word' id='word_1_537' title='bbox 2349 973 2427 1038; x_wconf 82' lang='lat' dir='ltr'>qna.-</span> 
     </span>
     <span class='ocr_line' id='line_1_67' title="bbox 1471 1057 2406 1144; baseline 0 -20"><span class='ocrx_word' id='word_1_538' title='bbox 1471 1065 1545 1126; x_wconf 83' lang='lat' dir='ltr'>tuor</span> <span class='ocrx_word' id='word_1_539' title='bbox 1567 1059 1726 1126; x_wconf 88' lang='lat' dir='ltr'>habebant</span> <span class='ocrx_word' id='word_1_540' title='bbox 1747 1057 1838 1126; x_wconf 88' lang='lat' dir='ltr'>valde</span> <span class='ocrx_word' id='word_1_541' title='bbox 1859 1075 2002 1144; x_wconf 81' lang='lat' dir='ltr'>magnam</span> <span class='ocrx_word' id='word_1_542' title='bbox 2029 1057 2190 1126; x_wconf 90' lang='lat' dir='ltr'>materiam</span> <span class='ocrx_word' id='word_1_543' title='bbox 2216 1057 2406 1126; x_wconf 81' lang='lat' dir='ltr'>exsultandi.</span> 
     </span>
    </p>

    <p class='ocr_par' dir='ltr' id='par_1_21' title="bbox 1466 1161 2594 1992">
     <span class='ocr_line' id='line_1_68' title="bbox 1558 1161 2544 1252; baseline -0.002 -22"><span class='ocrx_word' id='word_1_544' title='bbox 1558 1165 1663 1232; x_wconf 92' lang='lat' dir='ltr'>Primo</span> <span class='ocrx_word' id='word_1_545' title='bbox 1685 1165 1835 1250; x_wconf 83' lang='lat' dir='ltr'>gandium</span> <span class='ocrx_word' id='word_1_546' title='bbox 1859 1171 1926 1232; x_wconf 90' lang='lat' dir='ltr'>erat</span> <span class='ocrx_word' id='word_1_547' title='bbox 1948 1165 1987 1234; x_wconf 89' lang='lat' dir='ltr'>de</span> <span class='ocrx_word' id='word_1_548' title='bbox 2009 1165 2064 1232; x_wconf 89' lang='lat' dir='ltr'>Dei</span> <span class='ocrx_word' id='word_1_549' title='bbox 2079 1165 2301 1252; x_wconf 84' lang='lat' dir='ltr'>praescientia</span> <span class='ocrx_word' id='word_1_550' title='bbox 2325 1161 2427 1252; x_wconf 81' lang='lat' dir='ltr'>tcfct-</span> <span class='ocrx_word' id='word_1_551' title='bbox 2447 1183 2510 1228; x_wconf 73' lang='lat' dir='ltr'>natu</span> <span class='ocrx_word' id='word_1_552' title='bbox 2525 1185 2544 1228; x_wconf 84' lang='lat' dir='ltr'>c.</span> 
     </span>
     <span class='ocr_line' id='line_1_69' title="bbox 1471 1269 2535 1358; baseline 0.002 -22"><span class='ocrx_word' id='word_1_553' title='bbox 1471 1269 1572 1348; x_wconf 87' lang='lat' dir='ltr'>tibiti;</span> <span class='ocrx_word' id='word_1_554' title='bbox 1608 1277 1765 1358; x_wconf 86' lang='lat' dir='ltr'>quantum</span> <span class='ocrx_word' id='word_1_555' title='bbox 1794 1273 1833 1340; x_wconf 91' lang='lat' dir='ltr'>ad</span> <span class='ocrx_word' id='word_1_556' title='bbox 1863 1291 1959 1358; x_wconf 88' lang='lat' dir='ltr'>quam</span> <span class='ocrx_word' id='word_1_557' title='bbox 1989 1271 2086 1340; x_wconf 86' lang='lat' dir='ltr'>dicit:</span> <span class='ocrx_word' id='word_1_558' title='bbox 2121 1273 2268 1338; x_wconf 87' lang='lat' dir='ltr'>Gaudete</span> <span class='ocrx_word' id='word_1_559' title='bbox 2297 1279 2446 1352; x_wconf 60' lang='lat' dir='ltr'>autem,</span> <span class='ocrx_word' id='word_1_560' title='bbox 2532 1331 2535 1338; x_wconf 79' lang='grc'>,</span> 
     </span>
     <span class='ocr_line' id='line_1_70' title="bbox 1466 1377 2427 1464; baseline 0.002 -22"><span class='ocrx_word' id='word_1_561' title='bbox 1466 1377 1554 1464; x_wconf 58' lang='grc' dir='ltr'>’θεῖε</span> <span class='ocrx_word' id='word_1_562' title='bbox 1574 1379 1714 1444; x_wconf 81' lang='lat' dir='ltr'>nonina</span> <span class='ocrx_word' id='word_1_563' title='bbox 1742 1387 1855 1444; x_wconf 87' lang='lat' dir='ltr'>uestra</span> <span class='ocrx_word' id='word_1_564' title='bbox 1875 1381 2003 1464; x_wconf 86' lang='lat' dir='ltr'>scripta</span> <span class='ocrx_word' id='word_1_565' title='bbox 2027 1385 2122 1456; x_wconf 90' lang='lat' dir='ltr'>sunt,</span> <span class='ocrx_word' id='word_1_566' title='bbox 2147 1377 2195 1460; x_wconf 87' lang='lat' dir='ltr'>in</span> <span class='ocrx_word' id='word_1_567' title='bbox 2219 1377 2299 1444; x_wconf 89' lang='lat' dir='ltr'>libro</span> <span class='ocrx_word' id='word_1_568' title='bbox 2328 1377 2427 1464; x_wconf 82' lang='lat' dir='ltr'>vitae,</span> 
     </span>
     <span class='ocr_line' id='line_1_71' title="bbox 1472 1483 2594 1570; baseline 0.002 -20"><span class='ocrx_word' id='word_1_569' title='bbox 1472 1485 1506 1550; x_wconf 88' lang='lat' dir='ltr'>ia</span> <span class='ocrx_word' id='word_1_570' title='bbox 1522 1483 1637 1562; x_wconf 74' lang='lat' dir='ltr'>caetis:</span> <span class='ocrx_word' id='word_1_571' title='bbox 1659 1483 1712 1570; x_wconf 91' lang='grc' dir='ltr'>θεῖ</span> <span class='ocrx_word' id='word_1_572' title='bbox 1730 1483 1809 1556; x_wconf 85' lang='lat' dir='ltr'>liber</span> <span class='ocrx_word' id='word_1_573' title='bbox 1832 1485 1918 1552; x_wconf 88' lang='lat' dir='ltr'>aituc</span> <span class='ocrx_word' id='word_1_574' title='bbox 1931 1485 2062 1564; x_wconf 88' lang='lat' dir='ltr'>dicitur,</span> <span class='ocrx_word' id='word_1_575' title='bbox 2084 1483 2160 1570; x_wconf 87' lang='lat' dir='ltr'>quia</span> <span class='ocrx_word' id='word_1_576' title='bbox 2173 1483 2206 1550; x_wconf 91' lang='lat' dir='ltr'>in</span> <span class='ocrx_word' id='word_1_577' title='bbox 2228 1485 2296 1570; x_wconf 91' lang='lat' dir='ltr'>ipsc</span> <span class='ocrx_word' id='word_1_578' title='bbox 2311 1483 2429 1570; x_wconf 85' lang='lat' dir='ltr'>scripta</span> <span class='ocrx_word' id='word_1_579' title='bbox 2447 1501 2513 1546; x_wconf 73' lang='lat' dir='ltr'>arcu</span> <span class='ocrx_word' id='word_1_580' title='bbox 2526 1501 2594 1546; x_wconf 74' lang='lat' dir='ltr'>viae.</span> 
     </span>
     <span class='ocr_line' id='line_1_72' title="bbox 1470 1587 2429 1674; baseline 0.002 -20"><span class='ocrx_word' id='word_1_581' title='bbox 1470 1589 1603 1668; x_wconf 87' lang='lat' dir='ltr'>uiuant,</span> <span class='ocrx_word' id='word_1_582' title='bbox 1625 1591 1798 1658; x_wconf 90' lang='lat' dir='ltr'>secuudum</span> <span class='ocrx_word' id='word_1_583' title='bbox 1826 1591 1907 1656; x_wconf 89' lang='lat' dir='ltr'>illud</span> <span class='ocrx_word' id='word_1_584' title='bbox 1927 1591 2050 1658; x_wconf 89' lang='lat' dir='ltr'>loannis</span> <span class='ocrx_word' id='word_1_585' title='bbox 2072 1587 2218 1674; x_wconf 71' lang='lat' dir='ltr'>primur:</span> <span class='ocrx_word' id='word_1_586' title='bbox 2244 1591 2364 1674; x_wconf 76' lang='lat' dir='ltr'>«Quod</span> <span class='ocrx_word' id='word_1_587' title='bbox 2385 1591 2429 1658; x_wconf 87' lang='lat' dir='ltr'>ia-</span> 
     </span>
     <span class='ocr_line' id='line_1_73' title="bbox 1472 1693 2436 1782; baseline 0.004 -20"><span class='ocrx_word' id='word_1_588' title='bbox 1472 1701 1557 1762; x_wconf 91' lang='lat' dir='ltr'>ctum</span> <span class='ocrx_word' id='word_1_589' title='bbox 1580 1703 1628 1762; x_wconf 89' lang='lat' dir='ltr'>est</span> <span class='ocrx_word' id='word_1_590' title='bbox 1643 1697 1676 1762; x_wconf 89' lang='lat' dir='ltr'>in</span> <span class='ocrx_word' id='word_1_591' title='bbox 1691 1693 1758 1780; x_wconf 89' lang='lat' dir='ltr'>ipso</span> <span class='ocrx_word' id='word_1_592' title='bbox 1779 1693 1847 1762; x_wconf 87' lang='lat' dir='ltr'>vita</span> <span class='ocrx_word' id='word_1_593' title='bbox 1865 1703 1933 1762; x_wconf 90' lang='lat' dir='ltr'>erat</span> <span class='ocrx_word' id='word_1_594' title='bbox 1948 1721 1984 1776; x_wconf 82' lang='lat'>»3</span> <span class='ocrx_word' id='word_1_595' title='bbox 2000 1695 2052 1762; x_wconf 90' lang='lat' dir='ltr'>vel</span> <span class='ocrx_word' id='word_1_596' title='bbox 2074 1695 2151 1782; x_wconf 86' lang='lat' dir='ltr'>quia</span> <span class='ocrx_word' id='word_1_597' title='bbox 2171 1699 2346 1764; x_wconf 89' lang='lat' dir='ltr'>secundum</span> <span class='ocrx_word' id='word_1_598' title='bbox 2360 1697 2436 1766; x_wconf 88' lang='lat' dir='ltr'>eins</span> 
     </span>
     <span class='ocr_line' id='line_1_74' title="bbox 1471 1801 2428 1886; baseline 0.004 -20"><span class='ocrx_word' id='word_1_599' title='bbox 1471 1801 1662 1886; x_wconf 87' lang='lat' dir='ltr'>scripturam</span> <span class='ocrx_word' id='word_1_600' title='bbox 1685 1807 1734 1868; x_wconf 89' lang='lat' dir='ltr'>est</span> <span class='ocrx_word' id='word_1_601' title='bbox 1754 1801 1852 1866; x_wconf 79' lang='lat' dir='ltr'>horno</span> <span class='ocrx_word' id='word_1_602' title='bbox 1873 1801 2122 1886; x_wconf 88' lang='lat' dir='ltr'>praedestinatus</span> <span class='ocrx_word' id='word_1_603' title='bbox 2147 1801 2184 1868; x_wconf 90' lang='lat' dir='ltr'>ad</span> <span class='ocrx_word' id='word_1_604' title='bbox 2210 1803 2313 1870; x_wconf 88' lang='lat' dir='ltr'>vitam.</span> <span class='ocrx_word' id='word_1_605' title='bbox 2344 1805 2428 1870; x_wconf 90' lang='lat' dir='ltr'>Unde</span> 
     </span>
     <span class='ocr_line' id='line_1_75' title="bbox 1471 1905 2430 1992; baseline 0.005 -18"><span class='ocrx_word' id='word_1_606' title='bbox 1471 1907 1644 1974; x_wconf 73' lang='lat' dir='ltr'>meandum</span> <span class='ocrx_word' id='word_1_607' title='bbox 1668 1907 1771 1992; x_wconf 89' lang='lat' dir='ltr'>ipsam</span> <span class='ocrx_word' id='word_1_608' title='bbox 1802 1905 1857 1972; x_wconf 86' lang='lat' dir='ltr'>fiet</span> <span class='ocrx_word' id='word_1_609' title='bbox 1877 1907 1973 1974; x_wconf 90' lang='lat' dir='ltr'>finale</span> <span class='ocrx_word' id='word_1_610' title='bbox 2000 1907 2171 1988; x_wconf 87' lang='lat' dir='ltr'>iudicium,</span> <span class='ocrx_word' id='word_1_611' title='bbox 2203 1909 2285 1976; x_wconf 89' lang='lat' dir='ltr'>sicut</span> <span class='ocrx_word' id='word_1_612' title='bbox 2312 1909 2430 1978; x_wconf 86' lang='lat' dir='ltr'>dicitur</span> 
     </span>
    </p>
   </div>
   <div class='ocr_carea' id='block_1_16' title="bbox 1463 2011 2429 2098">
    <p class='ocr_par' dir='ltr' id='par_1_22' title="bbox 1463 2011 2429 2098">
     <span class='ocr_line' id='line_1_76' title="bbox 1463 2011 2429 2098; baseline 0.003 -18"><span class='ocrx_word' id='word_1_613' title='bbox 1463 2013 1671 2098; x_wconf 87' lang='lat' dir='ltr'>Apocalypsis</span> <span class='ocrx_word' id='word_1_614' title='bbox 1691 2011 1884 2098; x_wconf 67' lang='lat' dir='ltr'>vigesimol:</span> <span class='ocrx_word' id='word_1_615' title='bbox 1916 2013 2032 2078; x_wconf 80' lang='lat' dir='ltr'>«Libri</span> <span class='ocrx_word' id='word_1_616' title='bbox 2054 2013 2155 2097; x_wconf 86' lang='lat' dir='ltr'>aperti</span> <span class='ocrx_word' id='word_1_617' title='bbox 2178 2020 2271 2092; x_wconf 90' lang='lat' dir='ltr'>sunt,</span> <span class='ocrx_word' id='word_1_618' title='bbox 2294 2023 2325 2080; x_wconf 90' lang='lat' dir='ltr'>et</span> <span class='ocrx_word' id='word_1_619' title='bbox 2349 2017 2429 2084; x_wconf 88' lang='lat' dir='ltr'>alius</span> 
     </span>
    </p>
   </div>
   <div class='ocr_carea' id='block_1_17' title="bbox 1472 2117 2429 2206">
    <p class='ocr_par' dir='ltr' id='par_1_23' title="bbox 1472 2117 2429 2206">
     <span class='ocr_line' id='line_1_77' title="bbox 1472 2117 2429 2206; baseline 0.001 -20"><span class='ocrx_word' id='word_1_620' title='bbox 1472 2119 1551 2186; x_wconf 93' lang='lat' dir='ltr'>liber</span> <span class='ocrx_word' id='word_1_621' title='bbox 1572 2125 1702 2204; x_wconf 88' lang='lat' dir='ltr'>apertus</span> <span class='ocrx_word' id='word_1_622' title='bbox 1727 2125 1791 2196; x_wconf 88' lang='grc' dir='ltr'>θεῖ,</span> <span class='ocrx_word' id='word_1_623' title='bbox 1814 2117 1868 2202; x_wconf 91' lang='grc' dir='ltr'>θεῖ</span> <span class='ocrx_word' id='word_1_624' title='bbox 1893 2125 1938 2184; x_wconf 89' lang='grc' dir='ltr'>θεῖ</span> <span class='ocrx_word' id='word_1_625' title='bbox 1964 2117 2043 2184; x_wconf 91' lang='lat' dir='ltr'>liber</span> <span class='ocrx_word' id='word_1_626' title='bbox 2064 2119 2147 2182; x_wconf 91' lang='lat' dir='ltr'>vitae</span> <span class='ocrx_word' id='word_1_627' title='bbox 2164 2141 2198 2194; x_wconf 80' lang='lat'>&gt;›;</span> <span class='ocrx_word' id='word_1_628' title='bbox 2223 2119 2253 2182; x_wconf 89' lang='lat' dir='ltr'>iu</span> <span class='ocrx_word' id='word_1_629' title='bbox 2279 2133 2342 2206; x_wconf 87' lang='lat' dir='ltr'>qna</span> <span class='ocrx_word' id='word_1_630' title='bbox 2357 2121 2429 2206; x_wconf 87' lang='lat' dir='ltr'>qui-</span> 
     </span>
    </p>
   </div>
   <div class='ocr_carea' id='block_1_18' title="bbox 1464 2221 2430 2310">
    <p class='ocr_par' dir='ltr' id='par_1_24' title="bbox 1464 2221 2430 2310">
     <span class='ocr_line' id='line_1_78' title="bbox 1464 2221 2430 2310; baseline 0.001 -19"><span class='ocrx_word' id='word_1_631' title='bbox 1464 2225 1543 2292; x_wconf 89' lang='lat' dir='ltr'>dem</span> <span class='ocrx_word' id='word_1_632' title='bbox 1564 2225 1647 2290; x_wconf 92' lang='lat' dir='ltr'>libro</span> <span class='ocrx_word' id='word_1_633' title='bbox 1672 2223 1744 2290; x_wconf 93' lang='lat' dir='ltr'>mali</span> <span class='ocrx_word' id='word_1_634' title='bbox 1764 2243 1826 2290; x_wconf 88' lang='lat' dir='ltr'>non</span> <span class='ocrx_word' id='word_1_635' title='bbox 1851 2223 2050 2292; x_wconf 89' lang='lat' dir='ltr'>invenientur</span> <span class='ocrx_word' id='word_1_636' title='bbox 2071 2221 2208 2290; x_wconf 87' lang='lat' dir='ltr'>finaliter</span> <span class='ocrx_word' id='word_1_637' title='bbox 2231 2225 2358 2310; x_wconf 89' lang='lat' dir='ltr'>scripti,</span> <span class='ocrx_word' id='word_1_638' title='bbox 2381 2245 2430 2292; x_wconf 88' lang='lat' dir='ltr'>se-</span> 
     </span>
    </p>
   </div>
   <div class='ocr_carea' id='block_1_19' title="bbox 1467 2329 2598 4320">
    <p class='ocr_par' dir='ltr' id='par_1_25' title="bbox 1467 2329 2487 3990">
     <span class='ocr_line' id='line_1_79' title="bbox 1472 2329 2430 2416; baseline -0.002 -18"><span class='ocrx_word' id='word_1_639' title='bbox 1472 2331 1612 2398; x_wconf 88' lang='lat' dir='ltr'>cundum</span> <span class='ocrx_word' id='word_1_640' title='bbox 1634 2329 1773 2416; x_wconf 87' lang='lat' dir='ltr'>quadiu</span> <span class='ocrx_word' id='word_1_641' title='bbox 1801 2331 1920 2396; x_wconf 85' lang='lat' dir='ltr'>Psalmo</span> <span class='ocrx_word' id='word_1_642' title='bbox 1941 2329 2074 2398; x_wconf 87' lang='lat' dir='ltr'>dicitur:</span> <span class='ocrx_word' id='word_1_643' title='bbox 2105 2355 2120 2386; x_wconf 93' lang='lat'>«</span> <span class='ocrx_word' id='word_1_644' title='bbox 2136 2329 2306 2396; x_wconf 88' lang='lat' dir='ltr'>Deleanlur</span> <span class='ocrx_word' id='word_1_645' title='bbox 2330 2329 2368 2396; x_wconf 93' lang='lat' dir='ltr'>de</span> <span class='ocrx_word' id='word_1_646' title='bbox 2393 2331 2430 2396; x_wconf 80' lang='lat' dir='ltr'>ll-</span> 
     </span>
     <span class='ocr_line' id='line_1_80' title="bbox 1471 2435 2428 2522; baseline -0.001 -18"><span class='ocrx_word' id='word_1_647' title='bbox 1471 2437 1529 2504; x_wconf 91' lang='lat' dir='ltr'>bro</span> <span class='ocrx_word' id='word_1_648' title='bbox 1553 2437 1727 2504; x_wconf 87' lang='lat' dir='ltr'>viventium</span> <span class='ocrx_word' id='word_1_649' title='bbox 1749 2443 1782 2502; x_wconf 93' lang='grc' dir='ltr'>θῖ</span> <span class='ocrx_word' id='word_1_650' title='bbox 1796 2455 1869 2504; x_wconf 83' lang='grc' dir='ltr'>θεῖε</span> <span class='ocrx_word' id='word_1_651' title='bbox 1884 2437 1976 2506; x_wconf 88' lang='grc' dir='ltr'>ῖεεῖῖε</span> <span class='ocrx_word' id='word_1_652' title='bbox 1997 2455 2059 2502; x_wconf 90' lang='lat' dir='ltr'>non</span> <span class='ocrx_word' id='word_1_653' title='bbox 2088 2435 2268 2504; x_wconf 89' lang='lat' dir='ltr'>scribantur</span> <span class='ocrx_word' id='word_1_654' title='bbox 2284 2461 2313 2500; x_wconf 74' lang='grc' dir='ltr'>ε.</span> <span class='ocrx_word' id='word_1_655' title='bbox 2340 2437 2428 2522; x_wconf 76' lang='lat' dir='ltr'>Quod</span> 
     </span>
     <span class='ocr_line' id='line_1_81' title="bbox 1471 2539 2428 2626; baseline 0 -18"><span class='ocrx_word' id='word_1_656' title='bbox 1471 2541 1600 2626; x_wconf 88' lang='lat' dir='ltr'>quidem</span> <span class='ocrx_word' id='word_1_657' title='bbox 1630 2541 1755 2620; x_wconf 86' lang='lat' dir='ltr'>dicitur,</span> <span class='ocrx_word' id='word_1_658' title='bbox 1788 2559 1850 2608; x_wconf 89' lang='lat' dir='ltr'>nau</span> <span class='ocrx_word' id='word_1_659' title='bbox 1880 2541 1955 2626; x_wconf 89' lang='lat' dir='ltr'>quia</span> <span class='ocrx_word' id='word_1_660' title='bbox 1979 2541 2058 2608; x_wconf 89' lang='lat' dir='ltr'>liber</span> <span class='ocrx_word' id='word_1_661' title='bbox 2090 2539 2148 2608; x_wconf 89' lang='lat' dir='ltr'>iste</span> <span class='ocrx_word' id='word_1_662' title='bbox 2181 2545 2343 2620; x_wconf 89' lang='lat' dir='ltr'>mutetur,</span> <span class='ocrx_word' id='word_1_663' title='bbox 2372 2543 2428 2608; x_wconf 91' lang='lat' dir='ltr'>sed</span> 
     </span>
     <span class='ocr_line' id='line_1_82' title="bbox 1470 2647 2426 2734; baseline 0.001 -19"><span class='ocrx_word' id='word_1_664' title='bbox 1470 2647 1547 2734; x_wconf 87' lang='lat' dir='ltr'>qnia</span> <span class='ocrx_word' id='word_1_665' title='bbox 1575 2647 1670 2716; x_wconf 86' lang='lat' dir='ltr'>multi</span> <span class='ocrx_word' id='word_1_666' title='bbox 1698 2647 1848 2716; x_wconf 90' lang='lat' dir='ltr'>videntur</span> <span class='ocrx_word' id='word_1_667' title='bbox 1874 2647 1995 2734; x_wconf 88' lang='lat' dir='ltr'>scripti</span> <span class='ocrx_word' id='word_1_668' title='bbox 2025 2647 2197 2716; x_wconf 77' lang='lat' dir='ltr'>sacrandam</span> <span class='ocrx_word' id='word_1_669' title='bbox 2230 2653 2426 2734; x_wconf 88' lang='lat' dir='ltr'>praesentem</span> 
     </span>
     <span class='ocr_line' id='line_1_83' title="bbox 1467 2755 2430 2842; baseline 0 -20"><span class='ocrx_word' id='word_1_670' title='bbox 1467 2755 1635 2834; x_wconf 74' lang='lat' dir='ltr'>jussuum,</span> <span class='ocrx_word' id='word_1_671' title='bbox 1651 2755 1716 2842; x_wconf 72' lang='grc' dir='ltr'>,θεῖ</span> <span class='ocrx_word' id='word_1_672' title='bbox 1742 2755 1938 2842; x_wconf 89' lang='lat' dir='ltr'>apparebunt</span> <span class='ocrx_word' id='word_1_673' title='bbox 1961 2773 2028 2822; x_wconf 79' lang='lat' dir='ltr'>acan</span> <span class='ocrx_word' id='word_1_674' title='bbox 2051 2755 2365 2842; x_wconf 74' lang='lat' dir='ltr'>scrtptsacuucuu</span> <span class='ocrx_word' id='word_1_675' title='bbox 2381 2755 2430 2822; x_wconf 87' lang='lat' dir='ltr'>di-</span> 
     </span>
     <span class='ocr_line' id='line_1_84' title="bbox 1469 2859 2429 2946; baseline 0.004 -20"><span class='ocrx_word' id='word_1_676' title='bbox 1469 2861 1573 2928; x_wconf 93' lang='lat' dir='ltr'>vinam</span> <span class='ocrx_word' id='word_1_677' title='bbox 1591 2859 1828 2944; x_wconf 87' lang='lat' dir='ltr'>praescientiam</span> <span class='ocrx_word' id='word_1_678' title='bbox 1842 2859 1865 2926; x_wconf 83' lang='lat'>⁸.</span> <span class='ocrx_word' id='word_1_679' title='bbox 1889 2861 2043 2942; x_wconf 88' lang='lat' dir='ltr'>Quoniam</span> <span class='ocrx_word' id='word_1_680' title='bbox 2066 2877 2140 2946; x_wconf 81' lang='lat' dir='ltr'>ergo</span> <span class='ocrx_word' id='word_1_681' title='bbox 2159 2863 2217 2928; x_wconf 87' lang='lat' dir='ltr'>boc</span> <span class='ocrx_word' id='word_1_682' title='bbox 2241 2867 2362 2928; x_wconf 88' lang='lat' dir='ltr'>tantum</span> <span class='ocrx_word' id='word_1_683' title='bbox 2378 2869 2429 2930; x_wconf 92' lang='lat' dir='ltr'>est</span> 
     </span>
     <span class='ocr_line' id='line_1_85' title="bbox 1469 2965 2430 3034; baseline 0.002 -2"><span class='ocrx_word' id='word_1_684' title='bbox 1469 2966 1626 3033; x_wconf 90' lang='lat' dir='ltr'>bonorum</span> <span class='ocrx_word' id='word_1_685' title='bbox 1649 2965 1785 3034; x_wconf 82' lang='lat' dir='ltr'>finaliter</span> <span class='ocrx_word' id='word_1_686' title='bbox 1801 2971 1831 3034; x_wconf 89' lang='lat' dir='ltr'>et</span> <span class='ocrx_word' id='word_1_687' title='bbox 1856 2965 2075 3034; x_wconf 89' lang='lat' dir='ltr'>salvandorum</span> <span class='ocrx_word' id='word_1_688' title='bbox 2100 2971 2130 3034; x_wconf 88' lang='grc' dir='ltr'>θῖ</span> <span class='ocrx_word' id='word_1_689' title='bbox 2147 2967 2264 3034; x_wconf 91' lang='lat' dir='ltr'>bonnm</span> <span class='ocrx_word' id='word_1_690' title='bbox 2289 2967 2430 3034; x_wconf 90' lang='lat' dir='ltr'>intermi-</span> 
     </span>
     <span class='ocr_line' id='line_1_86' title="bbox 1468 3071 2430 3160; baseline 0 -20"><span class='ocrx_word' id='word_1_691' title='bbox 1468 3073 1571 3140; x_wconf 87' lang='lat' dir='ltr'>nabile</span> <span class='ocrx_word' id='word_1_692' title='bbox 1594 3078 1625 3140; x_wconf 89' lang='lat' dir='ltr'>et</span> <span class='ocrx_word' id='word_1_693' title='bbox 1639 3071 1812 3154; x_wconf 90' lang='lat' dir='ltr'>inlallibile;</span> <span class='ocrx_word' id='word_1_694' title='bbox 1841 3073 1911 3140; x_wconf 90' lang='lat' dir='ltr'>ideo</span> <span class='ocrx_word' id='word_1_695' title='bbox 1933 3073 2047 3140; x_wconf 88' lang='lat' dir='ltr'>rneritc</span> <span class='ocrx_word' id='word_1_696' title='bbox 2071 3073 2111 3140; x_wconf 87' lang='lat' dir='ltr'>da</span> <span class='ocrx_word' id='word_1_697' title='bbox 2132 3073 2192 3140; x_wconf 89' lang='lat' dir='ltr'>hac</span> <span class='ocrx_word' id='word_1_698' title='bbox 2217 3073 2430 3160; x_wconf 80' lang='lat' dir='ltr'>gaudendum,</span> 
     </span>
     <span class='ocr_line' id='line_1_87' title="bbox 1469 3179 2431 3266; baseline 0.005 -20"><span class='ocrx_word' id='word_1_699' title='bbox 1469 3199 1532 3246; x_wconf 90' lang='lat' dir='ltr'>non</span> <span class='ocrx_word' id='word_1_700' title='bbox 1559 3179 1709 3246; x_wconf 89' lang='lat' dir='ltr'>dedum</span> <span class='ocrx_word' id='word_1_701' title='bbox 1739 3181 1986 3266; x_wconf 86' lang='lat' dir='ltr'>miraculorum,</span> <span class='ocrx_word' id='word_1_702' title='bbox 2015 3181 2102 3266; x_wconf 89' lang='lat' dir='ltr'>quad</span> <span class='ocrx_word' id='word_1_703' title='bbox 2134 3187 2181 3248; x_wconf 90' lang='grc' dir='ltr'>θεῖ</span> <span class='ocrx_word' id='word_1_704' title='bbox 2210 3181 2365 3252; x_wconf 89' lang='lat' dir='ltr'>bonorum</span> <span class='ocrx_word' id='word_1_705' title='bbox 2400 3189 2431 3250; x_wconf 90' lang='lat' dir='ltr'>et</span> 
     </span>
     <span class='ocr_line' id='line_1_88' title="bbox 1468 3285 2429 3372; baseline 0.004 -20"><span class='ocrx_word' id='word_1_706' title='bbox 1468 3287 1635 3352; x_wconf 89' lang='lat' dir='ltr'>malornm.</span> <span class='ocrx_word' id='word_1_707' title='bbox 1671 3285 1755 3354; x_wconf 89' lang='lat' dir='ltr'>Unda</span> <span class='ocrx_word' id='word_1_708' title='bbox 1787 3287 1861 3352; x_wconf 89' lang='lat' dir='ltr'>mali</span> <span class='ocrx_word' id='word_1_709' title='bbox 1893 3305 1956 3352; x_wconf 92' lang='lat' dir='ltr'>non</span> <span class='ocrx_word' id='word_1_710' title='bbox 1988 3293 2062 3352; x_wconf 87' lang='lat' dir='ltr'>sunt</span> <span class='ocrx_word' id='word_1_711' title='bbox 2093 3287 2213 3372; x_wconf 87' lang='lat' dir='ltr'>scripti</span> <span class='ocrx_word' id='word_1_712' title='bbox 2245 3287 2282 3354; x_wconf 88' lang='lat' dir='ltr'>iu</span> <span class='ocrx_word' id='word_1_713' title='bbox 2311 3287 2429 3370; x_wconf 90' lang='lat' dir='ltr'>caelis,</span> 
     </span>
     <span class='ocr_line' id='line_1_89' title="bbox 1469 3391 2430 3478; baseline 0.002 -18"><span class='ocrx_word' id='word_1_714' title='bbox 1469 3393 1524 3460; x_wconf 90' lang='lat' dir='ltr'>sed</span> <span class='ocrx_word' id='word_1_715' title='bbox 1541 3391 1644 3478; x_wconf 88' lang='lat' dir='ltr'>potius</span> <span class='ocrx_word' id='word_1_716' title='bbox 1670 3393 1704 3460; x_wconf 84' lang='lat' dir='ltr'>ia</span> <span class='ocrx_word' id='word_1_717' title='bbox 1721 3399 1826 3472; x_wconf 87' lang='lat' dir='ltr'>terra,</span> <span class='ocrx_word' id='word_1_718' title='bbox 1853 3391 2023 3460; x_wconf 89' lang='lat' dir='ltr'>secondum</span> <span class='ocrx_word' id='word_1_719' title='bbox 2049 3393 2125 3460; x_wconf 91' lang='lat' dir='ltr'>illud</span> <span class='ocrx_word' id='word_1_720' title='bbox 2147 3393 2294 3462; x_wconf 89' lang='lat' dir='ltr'>Ieremiae</span> <span class='ocrx_word' id='word_1_721' title='bbox 2309 3393 2430 3462; x_wconf 88' lang='lat' dir='ltr'>decimo</span> 
     </span>
     <span class='ocr_line' id='line_1_90' title="bbox 1469 3499 2429 3586; baseline 0 -18"><span class='ocrx_word' id='word_1_722' title='bbox 1469 3499 1647 3586; x_wconf 68' lang='lat' dir='ltr'>septimoi:</span> <span class='ocrx_word' id='word_1_723' title='bbox 1679 3525 1692 3558; x_wconf 72' lang='lat' dir='ltr'>a</span> <span class='ocrx_word' id='word_1_724' title='bbox 1717 3499 1905 3566; x_wconf 75' lang='lat' dir='ltr'>decedentes</span> <span class='ocrx_word' id='word_1_725' title='bbox 1928 3517 1945 3564; x_wconf 87' lang='lat' dir='ltr'>a</span> <span class='ocrx_word' id='word_1_726' title='bbox 1970 3505 1999 3566; x_wconf 91' lang='lat' dir='ltr'>te</span> <span class='ocrx_word' id='word_1_727' title='bbox 2024 3501 2166 3566; x_wconf 89' lang='lat' dir='ltr'>interra</span> <span class='ocrx_word' id='word_1_728' title='bbox 2195 3499 2373 3568; x_wconf 89' lang='lat' dir='ltr'>scribentur</span> <span class='ocrx_word' id='word_1_729' title='bbox 2399 3529 2429 3568; x_wconf 75' lang='grc' dir='ltr'>ε.</span> 
     </span>
     <span class='ocr_line' id='line_1_91' title="bbox 1469 3603 2430 3692; baseline 0.002 -20"><span class='ocrx_word' id='word_1_730' title='bbox 1469 3607 1504 3672; x_wconf 90' lang='grc' dir='ltr'>Ιε</span> <span class='ocrx_word' id='word_1_731' title='bbox 1528 3605 1620 3672; x_wconf 88' lang='lat' dir='ltr'>cuius</span> <span class='ocrx_word' id='word_1_732' title='bbox 1641 3607 1687 3672; x_wconf 91' lang='lat' dir='ltr'>rei</span> <span class='ocrx_word' id='word_1_733' title='bbox 1721 3605 1844 3690; x_wconf 80' lang='lat' dir='ltr'>siguum</span> <span class='ocrx_word' id='word_1_734' title='bbox 1871 3605 2041 3686; x_wconf 87' lang='lat' dir='ltr'>Dominus,</span> <span class='ocrx_word' id='word_1_735' title='bbox 2072 3603 2237 3674; x_wconf 85' lang='lat' dir='ltr'>contutans</span> <span class='ocrx_word' id='word_1_736' title='bbox 2266 3607 2430 3692; x_wconf 85' lang='lat' dir='ltr'>perfidiam</span> 
     </span>
     <span class='ocr_line' id='line_1_92' title="bbox 1470 3711 2430 3796; baseline 0 -18"><span class='ocrx_word' id='word_1_737' title='bbox 1470 3711 1730 3790; x_wconf 86' lang='lat' dir='ltr'>Pharisaeorum,</span> <span class='ocrx_word' id='word_1_738' title='bbox 1760 3711 1815 3796; x_wconf 92' lang='lat' dir='ltr'>qui</span> <span class='ocrx_word' id='word_1_739' title='bbox 1848 3719 1937 3778; x_wconf 85' lang='lat' dir='ltr'>eraut</span> <span class='ocrx_word' id='word_1_740' title='bbox 1967 3711 2102 3778; x_wconf 91' lang='lat' dir='ltr'>alienia</span> <span class='ocrx_word' id='word_1_741' title='bbox 2127 3727 2226 3796; x_wconf 84' lang='lat' dir='ltr'>regno</span> <span class='ocrx_word' id='word_1_742' title='bbox 2252 3711 2430 3792; x_wconf 90' lang='lat' dir='ltr'>caelorum,</span> 
     </span>
     <span class='ocr_line' id='line_1_93' title="bbox 1476 3817 2487 3902; baseline 0.01 -26"><span class='ocrx_word' id='word_1_743' title='bbox 1476 3845 1493 3876; x_wconf 68' lang='lat' dir='ltr'>a</span> <span class='ocrx_word' id='word_1_744' title='bbox 1511 3817 1609 3902; x_wconf 79' lang='lat' dir='ltr'>digito</span> <span class='ocrx_word' id='word_1_745' title='bbox 1631 3817 1788 3884; x_wconf 88' lang='lat' dir='ltr'>scribebat</span> <span class='ocrx_word' id='word_1_746' title='bbox 1817 3817 1851 3882; x_wconf 93' lang='lat' dir='ltr'>in</span> <span class='ocrx_word' id='word_1_747' title='bbox 1880 3823 1967 3888; x_wconf 91' lang='lat' dir='ltr'>terra</span> <span class='ocrx_word' id='word_1_748' title='bbox 1988 3843 2022 3896; x_wconf 79' lang='grc' dir='ltr'>ε,</span> <span class='ocrx_word' id='word_1_749' title='bbox 2054 3817 2134 3884; x_wconf 87' lang='grc' dir='ltr'>εῖεεῖ</span> <span class='ocrx_word' id='word_1_750' title='bbox 2166 3817 2281 3884; x_wconf 86' lang='lat' dir='ltr'>dicitnr</span> <span class='ocrx_word' id='word_1_751' title='bbox 2308 3817 2430 3886; x_wconf 89' lang='lat' dir='ltr'>loannis</span> <span class='ocrx_word' id='word_1_752' title='bbox 2486 3853 2487 3856; x_wconf 34' lang='lat'>¹</span> 
     </span>
     <span class='ocr_line' id='line_1_94' title="bbox 1468 3929 1616 3990; baseline -0.014 0"><span class='ocrx_word' id='word_1_753' title='bbox 1468 3929 1616 3990; x_wconf 71' lang='lat' dir='ltr'>octavo.</span> 
     </span>
    </p>

    <p class='ocr_par' dir='ltr' id='par_1_26' title="bbox 1470 4025 2598 4320">
     <span class='ocr_line' id='line_1_95' title="bbox 1562 4025 2598 4114; baseline -0.008 -18"><span class='ocrx_word' id='word_1_754' title='bbox 1562 4027 1615 4096; x_wconf 78' lang='lat'>35.</span> <span class='ocrx_word' id='word_1_755' title='bbox 1639 4029 1677 4096; x_wconf 88' lang='lat' dir='ltr'>Et</span> <span class='ocrx_word' id='word_1_756' title='bbox 1697 4035 1789 4108; x_wconf 90' lang='lat' dir='ltr'>nota,</span> <span class='ocrx_word' id='word_1_757' title='bbox 1813 4027 1897 4112; x_wconf 86' lang='grc' dir='ltr'>θεεῖῖ</span> <span class='ocrx_word' id='word_1_758' title='bbox 1922 4025 2026 4096; x_wconf 90' lang='lat' dir='ltr'>divina</span> <span class='ocrx_word' id='word_1_759' title='bbox 2042 4027 2175 4114; x_wconf 80' lang='lat' dir='ltr'>cognitio</span> <span class='ocrx_word' id='word_1_760' title='bbox 2197 4027 2313 4096; x_wconf 90' lang='lat' dir='ltr'>dicitur</span> <span class='ocrx_word' id='word_1_761' title='bbox 2337 4027 2598 4110; x_wconf 52' lang='grc' dir='ltr'>ῖῖῖθεθεοθεεοεςε.</span> 
     </span>
     <span class='ocr_line' id='line_1_96' title="bbox 1471 4099 2581 4220; baseline -0.01 -16"><span class='ocrx_word' id='word_1_762' title='bbox 1471 4135 1523 4204; x_wconf 77' lang='lat' dir='ltr'>sua</span> <span class='ocrx_word' id='word_1_763' title='bbox 1550 4135 1685 4220; x_wconf 76' lang='lat' dir='ltr'>cognitio</span> <span class='ocrx_word' id='word_1_764' title='bbox 1706 4135 1869 4220; x_wconf 66' lang='lat' dir='ltr'>eruptura</span> <span class='ocrx_word' id='word_1_765' title='bbox 1889 4135 2025 4200; x_wconf 73' lang='lat' dir='ltr'>mulctae</span> <span class='ocrx_word' id='word_1_766' title='bbox 2053 4135 2170 4202; x_wconf 72' lang='grc' dir='ltr'>εεεεε</span> <span class='ocrx_word' id='word_1_767' title='bbox 2191 4135 2274 4200; x_wconf 76' lang='lat' dir='ltr'>tuter</span> <span class='ocrx_word' id='word_1_768' title='bbox 2302 4135 2430 4220; x_wconf 71' lang='grc' dir='ltr'>εεερε-</span> <span class='ocrx_word' id='word_1_769' title='bbox 2450 4099 2581 4194; x_wconf 58' lang='lat' dir='ltr'>iiiiii·</span> 
     </span>
     <span class='ocr_line' id='line_1_97' title="bbox 1470 4239 2431 4320; baseline 0.002 -12"><span class='ocrx_word' id='word_1_770' title='bbox 1470 4243 1569 4318; x_wconf 70' lang='lat' dir='ltr'>cicer,-</span> <span class='ocrx_word' id='word_1_771' title='bbox 1591 4247 1624 4306; x_wconf 92' lang='lat' dir='ltr'>et</span> <span class='ocrx_word' id='word_1_772' title='bbox 1648 4241 1683 4306; x_wconf 90' lang='lat' dir='ltr'>in</span> <span class='ocrx_word' id='word_1_773' title='bbox 1702 4241 1761 4308; x_wconf 91' lang='lat' dir='ltr'>boc</span> <span class='ocrx_word' id='word_1_774' title='bbox 1793 4241 1897 4308; x_wconf 93' lang='lat' dir='ltr'>omnia</span> <span class='ocrx_word' id='word_1_775' title='bbox 1921 4243 2106 4310; x_wconf 90' lang='lat' dir='ltr'>scribuntur</span> <span class='ocrx_word' id='word_1_776' title='bbox 2131 4249 2164 4308; x_wconf 90' lang='lat' dir='ltr'>et</span> <span class='ocrx_word' id='word_1_777' title='bbox 2185 4259 2309 4320; x_wconf 90' lang='lat' dir='ltr'>omues,</span> <span class='ocrx_word' id='word_1_778' title='bbox 2339 4239 2431 4310; x_wconf 80' lang='lat' dir='ltr'>iuxta</span> 
     </span>
    </p>
   </div>
   <div class='ocr_carea' id='block_1_20' title="bbox 1454 4345 2430 4432">
    <p class='ocr_par' dir='ltr' id='par_1_27' title="bbox 1454 4345 2430 4432">
     <span class='ocr_line' id='line_1_98' title="bbox 1454 4345 2430 4432; baseline 0.002 -20"><span class='ocrx_word' id='word_1_779' title='bbox 1454 4345 1551 4414; x_wconf 50' lang='grc' dir='ltr'>Χῖῖῖεῖῖ</span> <span class='ocrx_word' id='word_1_780' title='bbox 1573 4345 1686 4414; x_wconf 90' lang='lat' dir='ltr'>Psalmi</span> <span class='ocrx_word' id='word_1_781' title='bbox 1700 4347 1743 4412; x_wconf 87' lang='lat'>1⁰:</span> <span class='ocrx_word' id='word_1_782' title='bbox 1772 4371 1790 4406; x_wconf 72' lang='lat' dir='ltr'>c</span> <span class='ocrx_word' id='word_1_783' title='bbox 1806 4347 2025 4432; x_wconf 85' lang='lat' dir='ltr'>imperfectum</span> <span class='ocrx_word' id='word_1_784' title='bbox 2050 4363 2156 4414; x_wconf 90' lang='lat' dir='ltr'>meum</span> <span class='ocrx_word' id='word_1_785' title='bbox 2173 4345 2319 4414; x_wconf 88' lang='lat' dir='ltr'>viderunt</span> <span class='ocrx_word' id='word_1_786' title='bbox 2348 4349 2430 4414; x_wconf 89' lang='lat' dir='ltr'>oculi</span> 
     </span>
    </p>
   </div>
   <div class='ocr_carea' id='block_1_21' title="bbox 1471 4451 2598 4958">
    <p class='ocr_par' dir='ltr' id='par_1_28' title="bbox 1471 4451 2598 4958">
     <span class='ocr_line' id='line_1_99' title="bbox 1472 4451 2598 4564; baseline 0.004 -46"><span class='ocrx_word' id='word_1_787' title='bbox 1472 4453 1538 4532; x_wconf 88' lang='lat' dir='ltr'>tui,</span> <span class='ocrx_word' id='word_1_788' title='bbox 1562 4457 1593 4518; x_wconf 89' lang='grc' dir='ltr'>θῖ</span> <span class='ocrx_word' id='word_1_789' title='bbox 1617 4453 1647 4518; x_wconf 90' lang='grc' dir='ltr'>ῖε</span> <span class='ocrx_word' id='word_1_790' title='bbox 1674 4451 1831 4518; x_wconf 85' lang='lat' dir='ltr'>libratae</span> <span class='ocrx_word' id='word_1_791' title='bbox 1856 4467 1963 4518; x_wconf 90' lang='lat' dir='ltr'>omnes</span> <span class='ocrx_word' id='word_1_792' title='bbox 1987 4453 2217 4520; x_wconf 80' lang='lat' dir='ltr'>scribentur».</span> <span class='ocrx_word' id='word_1_793' title='bbox 2243 4453 2280 4518; x_wconf 85' lang='lat' dir='ltr'>nt</span> <span class='ocrx_word' id='word_1_794' title='bbox 2300 4459 2349 4518; x_wconf 90' lang='grc' dir='ltr'>θεῖ</span> <span class='ocrx_word' id='word_1_795' title='bbox 2377 4469 2430 4520; x_wconf 76' lang='lat' dir='ltr'>co</span> <span class='ocrx_word' id='word_1_796' title='bbox 2444 4465 2543 4564; x_wconf 68' lang='lat' dir='ltr'>capu</span> <span class='ocrx_word' id='word_1_797' title='bbox 2558 4479 2598 4530; x_wconf 59' lang='lat' dir='ltr'>aa</span> 
     </span>
     <span class='ocr_line' id='line_1_100' title="bbox 1471 4531 2595 4644; baseline 0.001 -20"><span class='ocrx_word' id='word_1_798' title='bbox 1471 4557 1570 4642; x_wconf 78' lang='lat' dir='ltr'>guisio</span> <span class='ocrx_word' id='word_1_799' title='bbox 1601 4555 1872 4644; x_wconf 85' lang='lat' dir='ltr'>approbationis,</span> <span class='ocrx_word' id='word_1_800' title='bbox 1904 4565 1935 4624; x_wconf 90' lang='grc' dir='ltr'>θῖ</span> <span class='ocrx_word' id='word_1_801' title='bbox 1965 4559 2044 4624; x_wconf 91' lang='lat' dir='ltr'>baec</span> <span class='ocrx_word' id='word_1_802' title='bbox 2072 4557 2190 4624; x_wconf 87' lang='lat' dir='ltr'>dicitur</span> <span class='ocrx_word' id='word_1_803' title='bbox 2221 4557 2302 4624; x_wconf 84' lang='lat' dir='ltr'>l&#39;bcr</span> <span class='ocrx_word' id='word_1_804' title='bbox 2324 4559 2430 4642; x_wconf 88' lang='lat' dir='ltr'>uitae,</span> <span class='ocrx_word' id='word_1_805' title='bbox 2453 4531 2595 4576; x_wconf 52' lang='lat' dir='ltr'>mmm*</span> 
     </span>
     <span class='ocr_line' id='line_1_101' title="bbox 1472 4663 2431 4732; baseline 0 0"><span class='ocrx_word' id='word_1_806' title='bbox 1472 4669 1505 4732; x_wconf 87' lang='lat' dir='ltr'>et</span> <span class='ocrx_word' id='word_1_807' title='bbox 1526 4663 1560 4730; x_wconf 91' lang='lat' dir='ltr'>in</span> <span class='ocrx_word' id='word_1_808' title='bbox 1581 4663 1642 4732; x_wconf 88' lang='lat' dir='ltr'>hoc</span> <span class='ocrx_word' id='word_1_809' title='bbox 1672 4681 1737 4730; x_wconf 49' lang='lat' dir='ltr'>‘non</span> <span class='ocrx_word' id='word_1_810' title='bbox 1766 4663 1950 4732; x_wconf 87' lang='lat' dir='ltr'>scribuntur</span> <span class='ocrx_word' id='word_1_811' title='bbox 1979 4663 2153 4732; x_wconf 87' lang='lat' dir='ltr'>secundum</span> <span class='ocrx_word' id='word_1_812' title='bbox 2183 4665 2348 4732; x_wconf 88' lang='lat' dir='ltr'>veritatem</span> <span class='ocrx_word' id='word_1_813' title='bbox 2370 4665 2431 4732; x_wconf 92' lang='lat' dir='ltr'>nisi</span> 
     </span>
     <span class='ocr_line' id='line_1_102' title="bbox 1472 4771 2431 4858; baseline 0.004 -22"><span class='ocrx_word' id='word_1_814' title='bbox 1472 4771 1609 4838; x_wconf 87' lang='lat' dir='ltr'>finaliter</span> <span class='ocrx_word' id='word_1_815' title='bbox 1632 4771 1723 4850; x_wconf 84' lang='lat' dir='ltr'>boni3</span> <span class='ocrx_word' id='word_1_816' title='bbox 1748 4777 1779 4838; x_wconf 91' lang='lat' dir='ltr'>et</span> <span class='ocrx_word' id='word_1_817' title='bbox 1802 4771 1839 4838; x_wconf 89' lang='lat' dir='ltr'>de</span> <span class='ocrx_word' id='word_1_818' title='bbox 1857 4771 1916 4840; x_wconf 90' lang='lat' dir='ltr'>boc</span> <span class='ocrx_word' id='word_1_819' title='bbox 1932 4771 2029 4838; x_wconf 81' lang='lat' dir='ltr'>llxodi</span> <span class='ocrx_word' id='word_1_820' title='bbox 2054 4771 2213 4858; x_wconf 80' lang='lat' dir='ltr'>trigesima</span> <span class='ocrx_word' id='word_1_821' title='bbox 2238 4771 2373 4840; x_wconf 89' lang='lat' dir='ltr'>secundo</span> <span class='ocrx_word' id='word_1_822' title='bbox 2387 4775 2431 4840; x_wconf 88' lang='lat'>1¹:</span> 
     </span>
     <span class='ocr_line' id='line_1_103' title="bbox 1476 4877 2432 4958; baseline 0.009 -20"><span class='ocrx_word' id='word_1_823' title='bbox 1476 4905 1495 4938; x_wconf 75' lang='grc' dir='ltr'>ε</span> <span class='ocrx_word' id='word_1_824' title='bbox 1511 4881 1571 4944; x_wconf 88' lang='lat' dir='ltr'>Aut</span> <span class='ocrx_word' id='word_1_825' title='bbox 1592 4877 1714 4944; x_wconf 88' lang='lat' dir='ltr'>dimitte</span> <span class='ocrx_word' id='word_1_826' title='bbox 1731 4879 1775 4946; x_wconf 90' lang='lat' dir='ltr'>eis</span> <span class='ocrx_word' id='word_1_827' title='bbox 1799 4879 1879 4946; x_wconf 80' lang='lat' dir='ltr'>lianc</span> <span class='ocrx_word' id='word_1_828' title='bbox 1893 4897 2029 4958; x_wconf 83' lang='lat' dir='ltr'>nonam,</span> <span class='ocrx_word' id='word_1_829' title='bbox 2054 4885 2110 4944; x_wconf 89' lang='lat' dir='ltr'>aut</span> <span class='ocrx_word' id='word_1_830' title='bbox 2131 4877 2265 4946; x_wconf 88' lang='lat' dir='ltr'>deleme</span> <span class='ocrx_word' id='word_1_831' title='bbox 2289 4879 2325 4946; x_wconf 89' lang='lat' dir='ltr'>de</span> <span class='ocrx_word' id='word_1_832' title='bbox 2351 4879 2432 4948; x_wconf 86' lang='lat' dir='ltr'>libra</span> 
     </span>
    </p>
   </div>
   <div class='ocr_carea' id='block_1_22' title="bbox 1472 5273 2433 5608">
    <p class='ocr_par' dir='ltr' id='par_1_29' title="bbox 1472 5273 2432 5506">
     <span class='ocr_line' id='line_1_104' title="bbox 1472 5273 2432 5342; baseline -0.001 -14"><span class='ocrx_word' id='word_1_833' title='bbox 1472 5275 1516 5342; x_wconf 81' lang='lat' dir='ltr'>(ex</span> <span class='ocrx_word' id='word_1_834' title='bbox 1535 5273 1616 5342; x_wconf 80' lang='lat' dir='ltr'>neda)</span> <span class='ocrx_word' id='word_1_835' title='bbox 1635 5275 1662 5326; x_wconf 88' lang='lat' dir='ltr'>iu</span> <span class='ocrx_word' id='word_1_836' title='bbox 1676 5277 1739 5328; x_wconf 84' lang='lat' dir='ltr'>Luc.</span> <span class='ocrx_word' id='word_1_837' title='bbox 1761 5273 1806 5340; x_wconf 88' lang='lat' dir='ltr'>lb,</span> <span class='ocrx_word' id='word_1_838' title='bbox 1820 5275 1869 5326; x_wconf 83' lang='grc' dir='ltr'>2οι</span> <span class='ocrx_word' id='word_1_839' title='bbox 1886 5273 1913 5326; x_wconf 90' lang='lat' dir='ltr'>Si</span> <span class='ocrx_word' id='word_1_840' title='bbox 1930 5275 1989 5340; x_wconf 89' lang='grc' dir='ltr'>θεῖε</span> <span class='ocrx_word' id='word_1_841' title='bbox 2002 5275 2121 5326; x_wconf 85' lang='lat' dir='ltr'>caelestia</span> <span class='ocrx_word' id='word_1_842' title='bbox 2138 5275 2195 5326; x_wconf 86' lang='lat' dir='ltr'>sive</span> <span class='ocrx_word' id='word_1_843' title='bbox 2208 5275 2339 5326; x_wconf 87' lang='lat' dir='ltr'>terrestria</span> <span class='ocrx_word' id='word_1_844' title='bbox 2352 5287 2432 5340; x_wconf 88' lang='lat' dir='ltr'>opera</span> 
     </span>
     <span class='ocr_line' id='line_1_105' title="bbox 1473 5363 2432 5428; baseline 0 -12"><span class='ocrx_word' id='word_1_845' title='bbox 1473 5363 1598 5428; x_wconf 81' lang='lat' dir='ltr'>gesserit,</span> <span class='ocrx_word' id='word_1_846' title='bbox 1619 5377 1665 5428; x_wconf 90' lang='lat' dir='ltr'>per</span> <span class='ocrx_word' id='word_1_847' title='bbox 1680 5365 1744 5416; x_wconf 87' lang='lat' dir='ltr'>baca</span> <span class='ocrx_word' id='word_1_848' title='bbox 1761 5363 1834 5428; x_wconf 84' lang='grc' dir='ltr'>θεεεῖ</span> <span class='ocrx_word' id='word_1_849' title='bbox 1849 5363 1939 5416; x_wconf 84' lang='grc' dir='ltr'>ῖῖῖῖθεῖε</span> <span class='ocrx_word' id='word_1_850' title='bbox 1956 5365 2111 5426; x_wconf 88' lang='lat' dir='ltr'>adnotatas,</span> <span class='ocrx_word' id='word_1_851' title='bbox 2123 5363 2194 5428; x_wconf 89' lang='lat' dir='ltr'>apud</span> <span class='ocrx_word' id='word_1_852' title='bbox 2213 5363 2256 5414; x_wconf 85' lang='lat' dir='ltr'>llei</span> <span class='ocrx_word' id='word_1_853' title='bbox 2276 5365 2432 5416; x_wconf 88' lang='lat' dir='ltr'>memoriam</span> 
     </span>
     <span class='ocr_line' id='line_1_106' title="bbox 1472 5453 1878 5506; baseline 0 -2"><span class='ocrx_word' id='word_1_854' title='bbox 1472 5453 1637 5506; x_wconf 80' lang='grc' dir='ltr'>εθῖθεεεῖῖῖεε</span> <span class='ocrx_word' id='word_1_855' title='bbox 1654 5459 1695 5506; x_wconf 88' lang='grc' dir='ltr'>θεῖ</span> <span class='ocrx_word' id='word_1_856' title='bbox 1712 5453 1814 5504; x_wconf 84' lang='grc' dir='ltr'>εῖῖῖεεε.</span> <span class='ocrx_word' id='word_1_857' title='bbox 1877 5453 1878 5456; x_wconf 75' lang='grc'>’</span> 
     </span>
    </p>

    <p class='ocr_par' dir='ltr' id='par_1_30' title="bbox 1544 5537 2433 5608">
     <span class='ocr_line' id='line_1_107' title="bbox 1544 5537 2433 5608; baseline 0.001 -13"><span class='ocrx_word' id='word_1_858' title='bbox 1544 5537 1556 5570; x_wconf 78' lang='lat'>⁸</span> <span class='ocrx_word' id='word_1_859' title='bbox 1574 5539 1628 5596; x_wconf 86' lang='lat' dir='ltr'>Cir.</span> <span class='ocrx_word' id='word_1_860' title='bbox 1644 5543 1663 5594; x_wconf 90' lang='lat' dir='ltr'>l.</span> <span class='ocrx_word' id='word_1_861' title='bbox 1683 5543 1753 5594; x_wconf 82' lang='lat' dir='ltr'>Saul.</span> <span class='ocrx_word' id='word_1_862' title='bbox 1772 5539 1800 5594; x_wconf 92' lang='lat' dir='ltr'>d.</span> <span class='ocrx_word' id='word_1_863' title='bbox 1818 5539 1862 5594; x_wconf 87' lang='lat' dir='ltr'>lb.</span> <span class='ocrx_word' id='word_1_864' title='bbox 1874 5555 1898 5596; x_wconf 88' lang='lat' dir='ltr'>a.</span> <span class='ocrx_word' id='word_1_865' title='bbox 1921 5543 1985 5608; x_wconf 79' lang='grc' dir='ltr'>2θ.</span> <span class='ocrx_word' id='word_1_866' title='bbox 2002 5543 2026 5594; x_wconf 83' lang='grc'><strong>2</strong></span> <span class='ocrx_word' id='word_1_867' title='bbox 2040 5539 2074 5594; x_wconf 87' lang='lat' dir='ltr'>ad</span> <span class='ocrx_word' id='word_1_868' title='bbox 2095 5543 2119 5596; x_wconf 89' lang='lat' dir='ltr'>l.</span> <span class='ocrx_word' id='word_1_869' title='bbox 2130 5545 2157 5594; x_wconf 90' lang='lat' dir='ltr'>et</span> <span class='ocrx_word' id='word_1_870' title='bbox 2172 5543 2199 5606; x_wconf 87' lang='grc'>2;</span> <span class='ocrx_word' id='word_1_871' title='bbox 2213 5543 2252 5596; x_wconf 91' lang='lat' dir='ltr'>lll.</span> <span class='ocrx_word' id='word_1_872' title='bbox 2264 5541 2334 5596; x_wconf 87' lang='lat' dir='ltr'>Sent.</span> <span class='ocrx_word' id='word_1_873' title='bbox 2347 5543 2375 5594; x_wconf 92' lang='lat' dir='ltr'>d.</span> <span class='ocrx_word' id='word_1_874' title='bbox 2387 5541 2433 5596; x_wconf 79' lang='lat' dir='ltr'>et.</span> 
     </span>
    </p>
   </div>
   <div class='ocr_carea' id='block_1_23' title="bbox 1470 5713 2435 6846">
    <p class='ocr_par' dir='ltr' id='par_1_31' title="bbox 1470 5713 2435 6138">
     <span class='ocr_line' id='line_1_108' title="bbox 1542 5713 2433 5782; baseline 0.004 -12"><span class='ocrx_word' id='word_1_875' title='bbox 1542 5713 1555 5746; x_wconf 78' lang='lat'>⁹</span> <span class='ocrx_word' id='word_1_876' title='bbox 1574 5719 1648 5770; x_wconf 76' lang='lat' dir='ltr'>Vera</span> <span class='ocrx_word' id='word_1_877' title='bbox 1670 5721 1713 5782; x_wconf 84' lang='lat' dir='ltr'>l3,</span> <span class='ocrx_word' id='word_1_878' title='bbox 1735 5719 1759 5770; x_wconf 90' lang='lat' dir='ltr'>in</span> <span class='ocrx_word' id='word_1_879' title='bbox 1772 5719 1848 5772; x_wconf 87' lang='lat' dir='ltr'>cuius</span> <span class='ocrx_word' id='word_1_880' title='bbox 1867 5717 2035 5782; x_wconf 76' lang='lat' dir='ltr'>enrilicatioue</span> <span class='ocrx_word' id='word_1_881' title='bbox 2048 5719 2151 5770; x_wconf 87' lang='lat' dir='ltr'>Hieron.</span> <span class='ocrx_word' id='word_1_882' title='bbox 2170 5719 2219 5770; x_wconf 84' lang='lat' dir='ltr'>ait:</span> <span class='ocrx_word' id='word_1_883' title='bbox 2232 5719 2391 5774; x_wconf 84' lang='lat' dir='ltr'>Saribenbur</span> <span class='ocrx_word' id='word_1_884' title='bbox 2405 5719 2433 5774; x_wconf 86' lang='lat' dir='ltr'>iu</span> 
     </span>
     <span class='ocr_line' id='line_1_109' title="bbox 1472 5801 2434 5874; baseline 0 -14"><span class='ocrx_word' id='word_1_885' title='bbox 1472 5809 1566 5874; x_wconf 87' lang='lat' dir='ltr'>terra,</span> <span class='ocrx_word' id='word_1_886' title='bbox 1590 5807 1679 5862; x_wconf 62' lang='lat' dir='ltr'>deleti,</span> <span class='ocrx_word' id='word_1_887' title='bbox 1695 5807 1727 5860; x_wconf 87' lang='lat' dir='ltr'>dc</span> <span class='ocrx_word' id='word_1_888' title='bbox 1753 5805 1818 5860; x_wconf 86' lang='lat' dir='ltr'>libro</span> <span class='ocrx_word' id='word_1_889' title='bbox 1843 5807 2020 5860; x_wconf 59' lang='lat' dir='ltr'>salvantium...</span> <span class='ocrx_word' id='word_1_890' title='bbox 2047 5801 2190 5872; x_wconf 75' lang='grc' dir='ltr'>ὓεεεεθεθ</span> <span class='ocrx_word' id='word_1_891' title='bbox 2209 5807 2360 5872; x_wconf 85' lang='grc' dir='ltr'>ιεεεῖῖθεῖε,</span> <span class='ocrx_word' id='word_1_892' title='bbox 2384 5819 2434 5860; x_wconf 89' lang='lat' dir='ltr'>eur</span> 
     </span>
     <span class='ocr_line' id='line_1_110' title="bbox 1471 5893 2434 5962; baseline -0.003 -14"><span class='ocrx_word' id='word_1_893' title='bbox 1471 5895 1622 5950; x_wconf 88' lang='lat' dir='ltr'>scribuntur</span> <span class='ocrx_word' id='word_1_894' title='bbox 1639 5897 1665 5947; x_wconf 91' lang='lat' dir='ltr'>io</span> <span class='ocrx_word' id='word_1_895' title='bbox 1684 5901 1766 5958; x_wconf 89' lang='lat' dir='ltr'>terra,</span> <span class='ocrx_word' id='word_1_896' title='bbox 1778 5897 1839 5962; x_wconf 85' lang='grc' dir='ltr'>θεῖε</span> <span class='ocrx_word' id='word_1_897' title='bbox 1853 5893 2057 5962; x_wconf 77' lang='lat' dir='ltr'>dereliquerant</span> <span class='ocrx_word' id='word_1_898' title='bbox 2072 5897 2171 5948; x_wconf 86' lang='lat' dir='ltr'>iontem</span> <span class='ocrx_word' id='word_1_899' title='bbox 2184 5897 2264 5958; x_wconf 85' lang='grc' dir='ltr'>εῖῖεθ,</span> <span class='ocrx_word' id='word_1_900' title='bbox 2277 5895 2434 5960; x_wconf 87' lang='lat' dir='ltr'>Dominum,</span> 
     </span>
     <span class='ocr_line' id='line_1_111' title="bbox 1470 5981 2435 6052; baseline -0.004 -14"><span class='ocrx_word' id='word_1_901' title='bbox 1470 5985 1527 6038; x_wconf 85' lang='lat' dir='ltr'>sive</span> <span class='ocrx_word' id='word_1_902' title='bbox 1546 5985 1645 6052; x_wconf 76' lang='lat' dir='ltr'>fontem</span> <span class='ocrx_word' id='word_1_903' title='bbox 1664 5997 1804 6052; x_wconf 72' lang='lat' dir='ltr'>aquarum</span> <span class='ocrx_word' id='word_1_904' title='bbox 1820 5983 1980 6048; x_wconf 75' lang='lat' dir='ltr'>victualium,</span> <span class='ocrx_word' id='word_1_905' title='bbox 1993 5981 2147 6038; x_wconf 74' lang='lat' dir='ltr'>dormitura.</span> <span class='ocrx_word' id='word_1_906' title='bbox 2157 6011 2195 6022; x_wconf 55' lang='lat'>=-</span> <span class='ocrx_word' id='word_1_907' title='bbox 2205 5983 2325 6036; x_wconf 83' lang='lat' dir='ltr'>Subinde</span> <span class='ocrx_word' id='word_1_908' title='bbox 2337 5983 2435 6048; x_wconf 77' lang='lat' dir='ltr'>allega-</span> 
     </span>
     <span class='ocr_line' id='line_1_112' title="bbox 1471 6073 2167 6138; baseline -0.007 -12"><span class='ocrx_word' id='word_1_909' title='bbox 1471 6079 1515 6126; x_wconf 88' lang='lat' dir='ltr'>tor</span> <span class='ocrx_word' id='word_1_910' title='bbox 1534 6073 1604 6126; x_wconf 86' lang='lat' dir='ltr'>loen.</span> <span class='ocrx_word' id='word_1_911' title='bbox 1626 6075 1653 6138; x_wconf 84' lang='grc'>3,</span> <span class='ocrx_word' id='word_1_912' title='bbox 1675 6075 1701 6126; x_wconf 91' lang='grc'>6.</span> <span class='ocrx_word' id='word_1_913' title='bbox 2166 6127 2167 6130; x_wconf 11' lang='lat'>¹</span> 
     </span>
    </p>

    <p class='ocr_par' dir='ltr' id='par_1_32' title="bbox 1472 6157 2433 6316">
     <span class='ocr_line' id='line_1_113' title="bbox 1543 6157 2433 6226; baseline 0 -14"><span class='ocrx_word' id='word_1_914' title='bbox 1543 6157 1567 6190; x_wconf 81' lang='lat'>²⁰</span> <span class='ocrx_word' id='word_1_915' title='bbox 1583 6161 1678 6214; x_wconf 76' lang='lat' dir='ltr'>Psalm.</span> <span class='ocrx_word' id='word_1_916' title='bbox 1699 6159 1764 6226; x_wconf 84' lang='lat' dir='ltr'>l38,</span> <span class='ocrx_word' id='word_1_917' title='bbox 1784 6159 1825 6212; x_wconf 78' lang='lat' dir='ltr'>id.</span> <span class='ocrx_word' id='word_1_918' title='bbox 1851 6157 1903 6214; x_wconf 87' lang='lat' dir='ltr'>Cir.</span> <span class='ocrx_word' id='word_1_919' title='bbox 1925 6161 1941 6212; x_wconf 93' lang='lat' dir='ltr'>l.</span> <span class='ocrx_word' id='word_1_920' title='bbox 1961 6159 2032 6214; x_wconf 83' lang='lat' dir='ltr'>Seni.</span> <span class='ocrx_word' id='word_1_921' title='bbox 2057 6157 2084 6212; x_wconf 89' lang='lat' dir='ltr'>d.</span> <span class='ocrx_word' id='word_1_922' title='bbox 2102 6159 2145 6212; x_wconf 86' lang='grc'>36.</span> <span class='ocrx_word' id='word_1_923' title='bbox 2165 6157 2229 6210; x_wconf 75' lang='grc' dir='ltr'>ἀεῖ).</span> <span class='ocrx_word' id='word_1_924' title='bbox 2249 6159 2274 6210; x_wconf 86' lang='grc'>3.</span> <span class='ocrx_word' id='word_1_925' title='bbox 2294 6163 2319 6212; x_wconf 85' lang='lat' dir='ltr'>ci</span> <span class='ocrx_word' id='word_1_926' title='bbox 2342 6157 2370 6212; x_wconf 89' lang='lat' dir='ltr'>d.</span> <span class='ocrx_word' id='word_1_927' title='bbox 2388 6159 2433 6212; x_wconf 84' lang='grc'>39.</span> 
     </span>
     <span class='ocr_line' id='line_1_114' title="bbox 1472 6247 2037 6316; baseline -0.007 -14"><span class='ocrx_word' id='word_1_928' title='bbox 1472 6265 1496 6304; x_wconf 87' lang='grc' dir='ltr'>ε.</span> <span class='ocrx_word' id='word_1_929' title='bbox 1517 6251 1541 6300; x_wconf 90' lang='lat' dir='ltr'>l.</span> <span class='ocrx_word' id='word_1_930' title='bbox 1560 6265 1585 6316; x_wconf 90' lang='grc' dir='ltr'>θ.</span> <span class='ocrx_word' id='word_1_931' title='bbox 1605 6251 1630 6300; x_wconf 92' lang='grc'>2.</span> <span class='ocrx_word' id='word_1_932' title='bbox 1648 6263 1716 6316; x_wconf 83' lang='grc' dir='ltr'>εθθ.;</span> <span class='ocrx_word' id='word_1_933' title='bbox 1737 6249 1868 6314; x_wconf 81' lang='grc' dir='ltr'>Βεθεῖῖοθ.</span> <span class='ocrx_word' id='word_1_934' title='bbox 1885 6261 1912 6312; x_wconf 93' lang='lat' dir='ltr'>p.</span> <span class='ocrx_word' id='word_1_935' title='bbox 1933 6249 1949 6300; x_wconf 88' lang='lat' dir='ltr'>l.</span> <span class='ocrx_word' id='word_1_936' title='bbox 1967 6259 1992 6300; x_wconf 89' lang='lat' dir='ltr'>e.</span> <span class='ocrx_word' id='word_1_937' title='bbox 2011 6247 2037 6298; x_wconf 86' lang='lat'>8.</span> 
     </span>
    </p>

    <p class='ocr_par' dir='ltr' id='par_1_33' title="bbox 1472 6331 2435 6846">
     <span class='ocr_line' id='line_1_115' title="bbox 1545 6331 2433 6400; baseline 0 -12"><span class='ocrx_word' id='word_1_938' title='bbox 1545 6335 1567 6364; x_wconf 88' lang='lat'>¹¹</span> <span class='ocrx_word' id='word_1_939' title='bbox 1586 6337 1662 6388; x_wconf 88' lang='lat' dir='ltr'>Vers.</span> <span class='ocrx_word' id='word_1_940' title='bbox 1684 6336 1725 6388; x_wconf 89' lang='lat' dir='ltr'>3l.</span> <span class='ocrx_word' id='word_1_941' title='bbox 1751 6339 1775 6386; x_wconf 85' lang='lat' dir='ltr'>et</span> <span class='ocrx_word' id='word_1_942' title='bbox 1795 6337 1843 6398; x_wconf 81' lang='grc'>32,</span> <span class='ocrx_word' id='word_1_943' title='bbox 1864 6333 1909 6388; x_wconf 89' lang='lat' dir='ltr'>ubi</span> <span class='ocrx_word' id='word_1_944' title='bbox 1928 6337 2018 6386; x_wconf 85' lang='lat' dir='ltr'>Glossa</span> <span class='ocrx_word' id='word_1_945' title='bbox 2037 6331 2219 6388; x_wconf 76' lang='lat' dir='ltr'>irucrtiuearis</span> <span class='ocrx_word' id='word_1_946' title='bbox 2245 6333 2285 6400; x_wconf 80' lang='lat' dir='ltr'>(ex</span> <span class='ocrx_word' id='word_1_947' title='bbox 2306 6335 2433 6400; x_wconf 77' lang='lat' dir='ltr'>August,</span> 
     </span>
     <span class='ocr_line' id='line_1_116' title="bbox 1472 6421 2433 6492; baseline 0 -16"><span class='ocrx_word' id='word_1_948' title='bbox 1472 6427 1524 6492; x_wconf 76' lang='lat' dir='ltr'>Qu.</span> <span class='ocrx_word' id='word_1_949' title='bbox 1541 6423 1569 6478; x_wconf 88' lang='lat' dir='ltr'>ia</span> <span class='ocrx_word' id='word_1_950' title='bbox 1587 6425 1665 6476; x_wconf 81' lang='lat' dir='ltr'>Exod.</span> <span class='ocrx_word' id='word_1_951' title='bbox 1686 6439 1711 6490; x_wconf 93' lang='grc' dir='ltr'>θ.</span> <span class='ocrx_word' id='word_1_952' title='bbox 1733 6423 1743 6474; x_wconf 94' lang='lat' dir='ltr'>l</span> <span class='ocrx_word' id='word_1_953' title='bbox 1751 6421 1818 6490; x_wconf 66' lang='lat' dir='ltr'>til:</span> <span class='ocrx_word' id='word_1_954' title='bbox 1831 6423 1946 6474; x_wconf 79' lang='lat' dir='ltr'>secturus</span> <span class='ocrx_word' id='word_1_955' title='bbox 1956 6421 2067 6490; x_wconf 85' lang='lat' dir='ltr'>quidem</span> <span class='ocrx_word' id='word_1_956' title='bbox 2084 6425 2136 6474; x_wconf 78' lang='lat' dir='ltr'>luoc</span> <span class='ocrx_word' id='word_1_957' title='bbox 2148 6421 2225 6484; x_wconf 88' lang='lat' dir='ltr'>dicit,</span> <span class='ocrx_word' id='word_1_958' title='bbox 2244 6421 2307 6490; x_wconf 85' lang='lat' dir='ltr'>quia</span> <span class='ocrx_word' id='word_1_959' title='bbox 2324 6437 2376 6476; x_wconf 90' lang='lat' dir='ltr'>nou</span> <span class='ocrx_word' id='word_1_960' title='bbox 2389 6423 2433 6476; x_wconf 88' lang='lat' dir='ltr'>de-</span> 
     </span>
     <span class='ocr_line' id='line_1_117' title="bbox 1472 6507 2432 6580; baseline -0.002 -16"><span class='ocrx_word' id='word_1_961' title='bbox 1472 6511 1576 6566; x_wconf 86' lang='lat' dir='ltr'>lebitur.</span> <span class='ocrx_word' id='word_1_962' title='bbox 1594 6511 1647 6564; x_wconf 89' lang='lat' dir='ltr'>Cl&#39;r.</span> <span class='ocrx_word' id='word_1_963' title='bbox 1665 6517 1730 6564; x_wconf 79' lang='lat' dir='ltr'>tani.</span> <span class='ocrx_word' id='word_1_964' title='bbox 1750 6513 1767 6562; x_wconf 93' lang='lat' dir='ltr'>l.</span> <span class='ocrx_word' id='word_1_965' title='bbox 1785 6523 1846 6576; x_wconf 81' lang='lat' dir='ltr'>pag.</span> <span class='ocrx_word' id='word_1_966' title='bbox 1868 6509 1935 6576; x_wconf 80' lang='grc'><strong>739,</strong></span> <span class='ocrx_word' id='word_1_967' title='bbox 1952 6519 2012 6564; x_wconf 88' lang='lat' dir='ltr'>nota</span> <span class='ocrx_word' id='word_1_968' title='bbox 2032 6511 2058 6562; x_wconf 87' lang='grc'>2.</span> <span class='ocrx_word' id='word_1_969' title='bbox 2076 6511 2126 6564; x_wconf 88' lang='lat' dir='ltr'>Pro</span> <span class='ocrx_word' id='word_1_970' title='bbox 2142 6507 2248 6566; x_wconf 78' lang='lat' dir='ltr'>dicebat</span> <span class='ocrx_word' id='word_1_971' title='bbox 2265 6509 2317 6574; x_wconf 83' lang='lat' dir='ltr'>(ita</span> <span class='ocrx_word' id='word_1_972' title='bbox 2336 6511 2370 6580; x_wconf 91' lang='lat' dir='ltr'>D)</span> <span class='ocrx_word' id='word_1_973' title='bbox 2388 6511 2432 6562; x_wconf 88' lang='lat' dir='ltr'>alii</span> 
     </span>
     <span class='ocr_line' id='line_1_118' title="bbox 1472 6597 2433 6664; baseline 0 -12"><span class='ocrx_word' id='word_1_974' title='bbox 1472 6601 1551 6654; x_wconf 86' lang='lat' dir='ltr'>codd.</span> <span class='ocrx_word' id='word_1_975' title='bbox 1576 6605 1601 6652; x_wconf 90' lang='lat' dir='ltr'>et</span> <span class='ocrx_word' id='word_1_976' title='bbox 1628 6601 1685 6654; x_wconf 86' lang='lat' dir='ltr'>Pal.</span> <span class='ocrx_word' id='word_1_977' title='bbox 1708 6597 1779 6654; x_wconf 85' lang='lat' dir='ltr'>dicit.</span> <span class='ocrx_word' id='word_1_978' title='bbox 1805 6601 1914 6664; x_wconf 81' lang='lat' dir='ltr'>August.</span> <span class='ocrx_word' id='word_1_979' title='bbox 1944 6601 1994 6652; x_wconf 88' lang='lat' dir='ltr'>loc.</span> <span class='ocrx_word' id='word_1_980' title='bbox 2021 6599 2081 6652; x_wconf 80' lang='lat' dir='ltr'>cia:</span> <span class='ocrx_word' id='word_1_981' title='bbox 2111 6601 2223 6654; x_wconf 87' lang='lat' dir='ltr'>Securos</span> <span class='ocrx_word' id='word_1_982' title='bbox 2250 6599 2359 6664; x_wconf 77' lang='lat' dir='ltr'>quidem</span> <span class='ocrx_word' id='word_1_983' title='bbox 2382 6601 2433 6652; x_wconf 88' lang='lat' dir='ltr'>boe</span> 
     </span>
     <span class='ocr_line' id='line_1_119' title="bbox 1472 6687 2433 6756; baseline -0.002 -14"><span class='ocrx_word' id='word_1_984' title='bbox 1472 6687 1571 6744; x_wconf 79' lang='lat' dir='ltr'>dicit...</span> <span class='ocrx_word' id='word_1_985' title='bbox 1588 6693 1631 6754; x_wconf 84' lang='lat' dir='ltr'>ut,</span> <span class='ocrx_word' id='word_1_986' title='bbox 1650 6691 1713 6756; x_wconf 87' lang='grc' dir='ltr'>θεῖε</span> <span class='ocrx_word' id='word_1_987' title='bbox 1733 6691 1802 6742; x_wconf 80' lang='lat' dir='ltr'>licus</span> <span class='ocrx_word' id='word_1_988' title='bbox 1814 6691 1920 6754; x_wconf 80' lang='lat' dir='ltr'>llopsen</span> <span class='ocrx_word' id='word_1_989' title='bbox 1934 6701 1984 6742; x_wconf 86' lang='lat' dir='ltr'>oon</span> <span class='ocrx_word' id='word_1_990' title='bbox 2000 6689 2097 6742; x_wconf 87' lang='lat' dir='ltr'>deleret</span> <span class='ocrx_word' id='word_1_991' title='bbox 2116 6689 2149 6742; x_wconf 90' lang='lat' dir='ltr'>de</span> <span class='ocrx_word' id='word_1_992' title='bbox 2168 6687 2235 6742; x_wconf 91' lang='lat' dir='ltr'>libro</span> <span class='ocrx_word' id='word_1_993' title='bbox 2251 6703 2314 6752; x_wconf 89' lang='lat' dir='ltr'>suo,</span> <span class='ocrx_word' id='word_1_994' title='bbox 2332 6689 2433 6754; x_wconf 84' lang='lat' dir='ltr'>popcrle</span> 
     </span>
     <span class='ocr_line' id='line_1_120' title="bbox 1472 6777 2435 6846; baseline 0 -14"><span class='ocrx_word' id='word_1_995' title='bbox 1472 6785 1610 6844; x_wconf 86' lang='lat' dir='ltr'>peecatum</span> <span class='ocrx_word' id='word_1_996' title='bbox 1631 6781 1693 6834; x_wconf 89' lang='lat' dir='ltr'>illud</span> <span class='ocrx_word' id='word_1_997' title='bbox 1711 6779 1863 6832; x_wconf 78' lang='lat' dir='ltr'>remitteret</span> <span class='ocrx_word' id='word_1_998' title='bbox 1881 6805 1917 6820; x_wconf 59' lang='grc' dir='ltr'>υ-</span> <span class='ocrx_word' id='word_1_999' title='bbox 1937 6779 2046 6832; x_wconf 84' lang='lat' dir='ltr'>leterius</span> <span class='ocrx_word' id='word_1_1000' title='bbox 2068 6787 2128 6846; x_wconf 88' lang='lat' dir='ltr'>post</span> <span class='ocrx_word' id='word_1_1001' title='bbox 2144 6777 2262 6834; x_wconf 73' lang='lat' dir='ltr'>iustitiae</span> <span class='ocrx_word' id='word_1_1002' title='bbox 2280 6777 2338 6832; x_wconf 85' lang='lat' dir='ltr'>Vol.</span> <span class='ocrx_word' id='word_1_1003' title='bbox 2358 6777 2435 6832; x_wconf 83' lang='lat' dir='ltr'>addit</span> 
     </span>
    </p>
   </div>
   <div class='ocr_carea' id='block_1_24' title="bbox 1470 6867 1755 6956">
    <p class='ocr_par' dir='ltr' id='par_1_34' title="bbox 1470 6867 1755 6956">
     <span class='ocr_line' id='line_1_121' title="bbox 1470 6867 1755 6956; baseline 0.004 -33"><span class='ocrx_word' id='word_1_1004' title='bbox 1470 6883 1542 6938; x_wconf 86' lang='grc' dir='ltr'>θεεε</span> <span class='ocrx_word' id='word_1_1005' title='bbox 1562 6867 1645 6956; x_wconf 84' lang='lat' dir='ltr'>deleri</span> <span class='ocrx_word' id='word_1_1006' title='bbox 1661 6873 1755 6940; x_wconf 83' lang='lat' dir='ltr'>potest.</span> 
     </span>
    </p>
   </div>
   <div class='ocr_carea' id='block_1_25' title="bbox 0 0 2958 8260">
    <p class='ocr_par' dir='ltr' id='par_1_35' title="bbox 0 0 2958 8260">
     <span class='ocr_line' id='line_1_122' title="bbox 0 0 2958 8260; baseline 0 0"><span class='ocrx_word' id='word_1_1007' title='bbox 0 0 2958 8260; x_wconf 95' lang='lat' dir='ltr'> </span> 
     </span>
    </p>
   </div>
  </div>
 </body>
</html>
