5900 8266
379 531 381 534 ’
447 541 539 634 ¹rso

473 715 543 782 aliis
567 715 692 800 quidem
716 713 794 780 odor
817 705 976 780 mortisin
993 721 1140 792 mortem,
1166 713 1236 782 aliis
1256 715 1335 780 odor
1352 713 1434 780 ritae

475 819 507 886 in
537 821 633 886 ultam
650 843 682 898 »;
704 817 774 886 ideo
806 815 1002 888 commendat
1028 819 1197 904 dupliciter
1229 819 1433 904 praeconium

473 925 574 992 lamae
587 925 620 990 in
637 925 761 990 loanne:
778 923 880 1006 primo
894 925 1086 990 ostendenda
1103 925 1200 1008 ipsam
1217 921 1434 1008 salutiferam

474 1027 692 1108 credentibus,
708 1029 845 1096 secundo
860 1027 1072 1114 mortiferam
1088 1027 1349 1114 despicientibus.
1367 1029 1434 1094 Pri-

365 1211 367 1216 .
473 1135 534 1200 mis
558 1135 639 1202 enim
656 1135 822 1202 ridebatur
845 1137 974 1202 loannes
997 1135 1172 1214 laudabilis,
1196 1135 1341 1202 secundis
1358 1151 1433 1202 raro

360 1265 362 1270 ’
473 1239 728 1324 contemptibilis
743 1239 834 1324 primi
850 1247 942 1306 erant
953 1241 1089 1308 humiles
1105 1245 1136 1306 et
1151 1239 1279 1306 secundi
1293 1239 1432 1324 superbi.

565 1345 665 1412 Primo
689 1363 763 1432 erga
786 1347 957 1414 introducit
989 1345 1287 1416 commendationem
1311 1345 1434 1414 loannis

317 1465 456 1510 momenta·
474 1453 513 1518 de
535 1453 710 1520 humilibus
741 1453 1001 1532 assentientibus
1025 1471 1096 1520 cum
1129 1453 1221 1518 dicit:
1254 1453 1296 1518 Et
1325 1453 1434 1520 omnis

311 1519 461 1618 affluo
470 1561 619 1648 populus
649 1561 814 1640 audiena,
848 1561 994 1626 loannem
1028 1559 1145 1626 scilicet
1181 1559 1432 1644 praedicantem,

311 1625 456 1670 “mmm
474 1663 767 1750 iusrtpouoerunc1
791 1667 921 1744 Deum,
940 1665 968 1730 id
1002 1673 1066 1744 est,
1090 1665 1209 1732 iustum
1244 1681 1312 1732 esse
1341 1665 1434 1732 dixe-

474 1777 570 1850 runt,
593 1789 627 1840 se
660 1773 745 1856 ipsos
770 1771 967 1838 ostendendo
1003 1769 1153 1850 iniustos,
1178 1777 1305 1854 peccata
1334 1771 1432 1838 confi-

474 1877 585 1956 tendo,
610 1875 782 1944 secundum
808 1877 885 1942 illud
915 1877 1044 1944 Psalmi:
1074 1877 1287 1942 «iustificeris
1310 1877 1341 1942 in
1367 1893 1432 1942 ser-

474 1981 621 2050 monibus
644 1983 708 2050 tuis
738 1990 769 2050 et
804 1981 924 2060 vincas,
956 1999 1028 2050 cum
1065 1981 1260 2050 iudicaris».
1285 1983 1432 2050 Peccator

473 2089 575 2170 enim,
598 2091 674 2158 dum
700 2091 867 2158 confitetur
890 2095 1071 2174 peccatum,
1091 2089 1193 2156 Deum
1208 2089 1290 2154 dicit
1306 2089 1432 2156 iustum

473 2203 506 2262 et
528 2197 689 2282 iustificat
704 2213 737 2262 se
755 2197 855 2280 ipsum
870 2249 878 2276 ,
893 2197 1068 2262 secundum
1083 2195 1159 2262 illud
1178 2195 1272 2262 isaiae
1295 2195 1432 2281 qnadra-

473 2301 591 2386 gesimo
615 2303 751 2368 tortto2:
779 2327 795 2360 c
813 2303 926 2380 Narra,
950 2301 974 2368 si
1001 2303 1074 2386 quid
1099 2301 1213 2380 habes,
1232 2307 1266 2368 ut
1281 2301 1432 2368 iustifice-

473 2407 519 2474 ris
533 2433 565 2488 »3
588 2409 649 2474 alia
672 2409 849 2476 translatio:
872 2433 888 2466 a
905 2407 959 2474 Dic
983 2415 1017 2474 to
1042 2407 1130 2494 prior
1152 2407 1334 2492 iniquitates
1349 2417 1431 2486 tuas,

473 2521 511 2582 ut
526 2515 705 2584 iustificeris
719 2541 752 2580 u.
770 2515 806 2582 Et
822 2515 881 2582 hoo
903 2515 996 2580 modo
1019 2512 1176 2598 publicani
1201 2521 1232 2580 et
1253 2523 1432 2600 peccatores

473 2623 631 2704 feceruut,
647 2621 809 2690 audientes
825 2623 984 2700 loannem,
1003 2623 1176 2688 secundnm
1193 2621 1269 2688 illud
1285 2621 1431 2688 Matthaei

475 2731 583 2796 terlio:
614 2755 630 2788 α
647 2729 759 2796 Exibat
780 2731 818 2794 ad
842 2747 914 2794 eum
948 2729 1050 2796 omnis
1074 2731 1261 2814 lerosolyma
1275 2735 1308 2794 et
1330 2729 1433 2796 amnis

474 2835 588 2902 iudaea
602 2843 635 2902 et
649 2835 751 2902 omnis
774 2835 859 2920 regio
884 2833 966 2902 circa
983 2835 1163 2914 Iordanem,
1181 2843 1216 2902 ut
1234 2835 1430 2920 baptizaren-

475 2949 528 3008 tur
544 2941 585 3008 ah
603 2959 657 3022 eo,
675 2941 858 3008 confitentes
882 2947 1009 3026 peccata
1031 2959 1131 3008 sua».
1157 2941 1236 3008 llaec
1261 2941 1341 3006 enim
1368 2941 1431 3008 dua

474 3049 685 3130 requiruntur
708 3047 761 3112 ad'
780 3047 1031 3112 iustificationum
1070 3055 1284 3132 peccatorum,
1315 3047 1432 3114 scilicet

473 3151 662 3238 poenitentia
679 3159 710 3218 et
724 3153 909 3238 baptismus.
924 3189 966 3200 --
983 3151 1020 3218 Et
1034 3151 1103 3220 ideo
1121 3153 1241 3220 subdit:
1259 3151 1434 3238 baptizati

474 3259 637 3346 baptismo
659 3261 813 3336 loannis,-
836 3277 933 3344 supra
956 3259 1049 3324 tertio
1063 3261 1092 3324 ³:
1116 3259 1306 3328 «Venerunt
1325 3267 1431 3328 autem

473 3373 505 3434 ei
528 3367 704 3452 puhlioani,
728 3365 1022 3450 uthaptinarentur
1037 3379 1077 3444 »‚‘
1093 3367 1134 3432 ab
1163 3373 1430 3454 enumerantes,

473 3473 547 3558 quid
572 3479 717 3558 agerent;
741 3471 826 3538 unde
841 3473 928 3558 signo
945 3481 975 3538 et
992 3473 1089 3540 verba
1104 3475 1322 3558 approbabant
1344 3475 1431 3538 loan-

473 3595 544 3646 nem
571 3587 718 3664 tanquam
749 3579 803 3646 Dei
834 3581 979 3664 angelum
1012 3587 1041 3646 et
1073 3579 1245 3664 gloriosum
1273 3581 1431 3648 habehant

473 3703 588 3752 nornen
611 3685 689 3754 eius.
715 3685 800 3752 Unde
828 3703 900 3752 cum
932 3685 1086 3752 Dorrtinus
1116 3693 1284 3772 quaereret
1312 3687 1431 3752 aPha-
1499 3715 1509 3718 ¹·

474 3793 583 3860 risaeis
609 3793 756 3860 Matthaei
772 3793 921 3878 vigesimo
946 3793 1092 3880 panor:
1115 3793 1321 3878 «Baptismus
1340 3793 1431 3858 loan-

473 3899 522 3966 nis
543 3899 628 3964 unde
652 3905 735 3976 erat,
754 3917 771 3966 e
794 3900 897 3978 caela,
913 3917 954 3964 an
969 3917 1011 3966 ex
1028 3899 1209 3964 hominibus
1225 3907 1263 3964 »t
1278 3899 1431 3964 dixerunt

473 4003 553 4072 inter
578 4023 628 4072 se:
659 4031 673 4064 c
691 4005 720 4072 Si
736 4005 930 4072 dixerimus:
950 4007 969 4072 E
986 4007 1089 4084 caelo,
1105 4007 1189 4072 dicet
1204 4007 1310 4072 nolis:
1328 4007 1431 4090 erare

381 4097 384 4102 ’
473 4129 533 4176 non
558 4111 732 4178 credidistis
756 4111 825 4178 illit
848 4111 878 4176 Si
902 4121 1009 4180 autem
1031 4113 1227 4180 dixerimus:
1257 4133 1297 4180 ex
1330 4111 1431 4178 honri-

473 4219 580 4298 nibus,
604 4219 750 4284 timemus
774 4219 915 4298 turham;
941 4237 1050 4286 amnes
1075 4219 1155 4284 enim
1181 4219 1325 4286 loannem
1349 4219 1431 4284 sicut

473 4324 657 4408 Prophetam
681 4323 838 4390 habehant
853 4351 885 4390 ».
903 4325 939 4390 nt
962 4325 1031 4390 ideo
1055 4325 1220 4390 subditur:
1243 4351 1259 4384 c
1272 4325 1431 4390 Publiceni

473 4437 503 4498 et
528 4433 709 4498 meretrices
730 4431 917 4516 praecedent
941 4449 996 4498 ros
1020 4433 1051 4498 in
1077 4449 1209 4516 regnum
1225 4433 1428 4500 caelorum».

561 4541 612 4606 bb.
640 4539 738 4624 (Mers.
765 4539 840 4622 aa).
865 4537 1008 4606 Secundo
1031 4555 1106 4606 reru
1128 4539 1270 4624 adiungit
1292 4545 1431 4606 contem-

308 4647 560 4758 ¹{tpr,¹gg¹gg¹i3Pl1¹¹lt
587 4643 707 4712 loannis
722 4663 739 4710 a
756 4637 930 4714 Pharisaeis
954 4645 1228 4732 superbientibus,
1253 4663 1326 4714 cum
1341 4645 1429 4714 dicit:

258 4749 259 4752 ’
316 4755 430 4798 ritaliter·
474 4751 656 4818 Pharisaei
680 4763 810 4830 auteur,
846 4753 878 4816 in
913 4753 1031 4836 quibus
1064 4753 1163 4820 fastus
1187 4753 1379 4832 sanctitatis,
1402 4759 1431 4818 et

473 4859 687 4944 legisperiti,
717 4859 748 4924 in
773 4859 890 4944 quihus
911 4861 1092 4942 arrogantia
1114 4859 1242 4924 notitiae
1273 4859 1429 4940 veritatis,

410 5029 411 5032 ,
473 4967 648 5032 camillum
686 4967 743 5032 liei
773 4975 971 5052 spreverunt
992 4967 1029 5032 in
1055 4967 1260 5052 sornetipsas,
1283 4987 1349 5032 nort
1374 4967 1430 5034 bu-

470 5073 595 5158 ptizati
616 5073 659 5140 ab
681 5093 732 5152 eo,
758 5073 846 5158 quia,
869 5071 1043 5140 secundum
1069 5073 1146 5138 illud
1169 5071 1251 5138 inira
1274 5071 1394 5140 decimo
1406 5071 1428 5152 ⁵,

478 5205 491 5236 «
510 5179 564 5266 qui
590 5197 645 5248 ros
674 5179 794 5266 spernit
823 5197 873 5248 me
905 5179 1025 5266 spernit
1040 5207 1071 5244 ».
1100 5179 1186 5246 Unde
1217 5179 1272 5264 qui
1303 5197 1430 5266 spreve-

475 5293 549 5354 runt
573 5287 734 5366 loannem,
759 5287 813 5374 qui
839 5293 906 5354 erat
928 5287 983 5354 Dei
1010 5287 1158 5366 nuntius,
1174 5293 1365 5370 spreverunt
1384 5287 1430 5352 di-

473 5393 581 5460 rinum
606 5393 896 5460 consilium.·Tales
911 5393 1041 5458 fuerunt
1058 5391 1232 5486 Pharisaei,
1250 5391 1292 5458 ita
1307 5395 1430 5476 ul'pos-

455 5509 519 5574 -set
552 5501 598 5566 eis
629 5501 784 5584 Sapientia
819 5499 871 5576 Dei
910 5499 1167 5584 improperaret:
1206 5497 1429 5584 «Despexistis

385 5669 386 5672 ,
437 5671 438 5674 ,
473 5623 564 5672 omne
588 5605 750 5672 consilium
777 5613 919 5672 nostrum
936 5631 968 5680 »;
991 5613 1023 5670 et
1044 5603 1241 5672 verificatum
1268 5605 1306 5670 sit
1330 5605 1359 5670 lu
1386 5605 1429 5672 eis

473 5711 549 5778 illud
574 5711 667 5778 isaiae
691 5711 807 5796 primo:
833 5729 852 5768 ‘o
869 5711 962 5776 Filios
983 5707 1119 5776 enutriri
1142 5715 1173 5776 et
1187 5709 1346 5788 exaltari:
1370 5711 1428 5796 ipsi

544 6067 552 6098 ¹
574 6071 684 6136 Vulgata
704 6075 729 6122 et
749 6071 805 6122 Vat.
825 6073 851 6124 et
866 6067 1006 6138 publicani
1024 6067 1245 6140 iusdficarcrunl.
1259 6097 1293 6110 «-
1307 6071 1431 6136 Sequitur

473 6161 505 6210 Ps
535 6159 576 6222 aa,
597 6159 620 6210 6.

542 6243 552 6274 ¹
572 6247 648 6300 Vens.
669 6249 713 6300 26.
731 6247 786 6300 Alia
804 6247 937 6300 translatio
950 6253 990 6300 est
1002 6247 1169 6312 septuaginta
1182 6247 1365 6312 interpretum.
1377 6249 1429 6304 Cir.

474 6337 507 6388 de
526 6337 574 6388 hac
593 6337 754 6400 expositione
774 6337 863 6388 Glossa
882 6335 1027 6388 ordinaria
1047 6335 1088 6402 (ex
1107 6335 1257 6400 Ambrosio)
1278 6337 1304 6388 in
1322 6337 1386 6390 Luc.
1405 6339 1430 6404 7,

474 6425 516 6474 as.
536 6451 571 6460 -
591 6423 708 6476 Subinde
727 6425 855 6490 allegatur
872 6425 962 6476 Matth.
981 6425 1011 6490 3,
1031 6423 1056 6476 5.
1076 6439 1131 6490 seq.
1168 6453 1170 6460 =
1262 6421 1367 6478 ³h'ers.
1388 6427 1429 6480 lt.

543 6509 554 6540 ¹
575 6515 650 6564 Vers.
669 6511 945 6580 assequiturque
964 6527 990 6564 v.
1010 6513 1058 6578 st:
1078 6511 1161 6564 AC‘D
1178 6519 1386 6580 prosequuntur:
1406 6521 1432 6574 ct

474 6599 531 6654 idea
549 6599 660 6654 additur
679 6601 717 6666 [v.
737 6599 808 6670 32.],
829 6597 894 6668 quia
915 6615 994 6652 «tiron
1014 6601 1163 6652 credidistis
1181 6615 1224 6652 me
1242 6599 1264 6670 [t
1284 6601 1371 6670 εἰη»,
1396 6633 1431 6646 ..

473 6687 570 6742 Οοᾱ.Β
589 6689 666 6754 tegit:
684 6685 758 6742 Unde
779 6687 928 6742 timuerunt
944 6687 1091 6742 Pharnaci
1106 6689 1268 6758 respondere
1280 6693 1431 6760 quaestioni

400 6783 401 6786 ’
473 6775 582 6832 Damim
600 6775 630 6830 de
650 6775 782 6844 baptisma
800 6775 923 6842 loannis,
943 6775 1008 6844 quia
1031 6797 1044 6824 c
1056 6791 1151 6830 amnes
1169 6779 1292 6832 loannem
1318 6787 1429 6846 prophe.

473 6871 525 6916 tam
546 6865 690 6928 habehant,
710 6865 798 6918 Matth.
816 6865 859 6926 il,
878 6863 1005 6918 timebant
1024 6863 1127 6918 turbam
1141 6887 1167 6918 o.

1067 535 1259 606 COMMENT.
1284 537 1321 604 IN
1345 535 1582 606 EVANGELIUM
1609 535 1725 604 lucan
1743 535 1779 602 C.
1804 535 1864 604 llll.

1496 721 1603 780 autem
1626 721 1816 796 spreverunt
1839 731 1932 780 meo.
1957 713 1993 778 Et
2016 713 2085 778 ideo
2109 711 2265 778 consuluit
2290 713 2454 798 Apostolus
2519 777 2523 784 .

1497 819 1617 904 primae
1639 817 1680 884 ad
1694 817 1986 886 Thessalonicenses
2000 817 2131 886 ultimo:
2154 817 2339 912 «Spiritum
2359 817 2454 886 nolite

1497 925 1716 1010 exstinguere,
1740 923 1921 1008 prophetias
1942 925 2039 990 nolite
2055 915 2211 1008 spernere
2228 951 2257 988 ».
2276 961 2320 970 -
2337 925 2368 990 ln
2393 925 2453 990 hoc

1496 1035 1602 1096 autem
1631 1027 1772 1096 divinum
1805 1029 1970 1096 consilium
2000 1037 2212 1114 spreverunt,
2246 1031 2322 1116 quia
2354 1029 2453 1116 bapti-

1496 1153 1600 1202 smum
1625 1143 1869 1214 recusaverunt,
1893 1153 1949 1220 per
1979 1135 2062 1220 quod
2077 1135 2182 1202 divina
2205 1135 2357 1220 sapientia
2379 1155 2453 1204 coo-

1496 1239 1595 1308 snluit
1618 1243 1774 1308 hornanae
1791 1241 1893 1308 saluti.
1913 1241 2008 1308 Cuius
2024 1243 2127 1328 figura
2146 1243 2315 1328 praecessit
2332 1243 2362 1308 in
2379 1261 2453 1310 arca
2472 1261 2556 1316 sigua.

1496 1347 1560 1414 Nae
1594 1347 1625 1412 in
1655 1345 1773 1414 diluvio
1809 1347 1977 1426 fabricata,
2004 1347 2131 1416 Genesis
2164 1349 2290 1416 sexto?
2321 1351 2452 1434 Propter

1497 1452 1580 1538 quod
1604 1453 1720 1520 dicitur
1744 1453 1864 1538 primae
1880 1453 1961 1520 Petri
1980 1453 2087 1521 tertio:
2111 1479 2125 1512 «
2142 1454 2280 1540 Quodsi
2297 1473 2353 1522 ras
2367 1473 2452 1522 nunc

1497 1557 1606 1626 similis
1628 1559 1748 1626 formae
1770 1559 1873 1626 salros
1895 1559 1969 1624 facit
1991 1559 2144 1654 baptisma
2160 1587 2190 1626 o.
2285 1561 2286 1564 ’

1541 1665 1542 1670 ’
1585 1667 1635 1732 56.
1658 1665 1698 1730 ‘nt
1722 1671 1809 1744 nuta,
1833 1665 1920 1750 quad
1935 1663 2116 1732 Pharisaei
2136 1675 2331 1752 spreuerunt
2347 1667 2452 1734 corni·
2482 1685 2594 1732 enarrata

1497 1771 1576 1836 lium
1598 1771 1655 1836 lici
1670 1771 1704 1838 in
1728 1771 1934 1856 semetipsos,
1957 1777 2086 1856 propter
2103 1789 2160 1838 sex
2176 1773 2320 1840 rationes.
2340 1747 2616 1854 rriquliililbit

1496 1877 1570 1962 quia
1592 1877 1813 1960 praetulerunt
1843 1883 1959 1944 statuta
1983 1879 2122 1945 humana
2152 1879 2281 1958 divinis:
2306 1881 2452 1948 Matthaei
2479 1845 2606 1944 midias&

1496 1983 1617 2050 decimo
1638 1983 1794 2068 quintae:
1823 2009 1839 2042 «
1856 1985 1958 2068 erare
1983 2001 2038 2050 ros
2062 1985 2312 2070 transgredimini
2342 1987 2451 2072 Legem

1495 2089 1550 2156 Dei
1575 2095 1703 2174 propter
1728 2089 1926 2157 traditionem
1948 2096 2082 2158 vestram
2097 2097 2133 2156 »t
2153 2129 2190 2140 -ω
2208 2091 2361 2170 Secundo,
2378 2093 2451 2178 quia

1496 2196 1714 2282 praetulerunt
1738 2195 1887 2262 iustitiam
1912 2197 2000 2282 Legis
2018 2197 2154 2264 iustitiae
2179 2196 2268 2276 fidei3
2286 2197 2322 2264 ad
2342 2199 2451 2264 Roma-

1495 2323 1553 2370 nos
1574 2289 1710 2370 decimo:
1733 2329 1749 2362 «
1762 2303 1941 2388 lgnorantes
1956 2303 2010 2370 liei
2036 2305 2184 2372 iustitiam
2201 2311 2233 2370 et
2249 2321 2337 2370 suam
2357 2321 2451 2390 quae-

1496 2415 1599 2478 rentes
1624 2417 1794 2476 statuere»
1823 2415 1881 2476 etc.
1907 2445 1947 2458 -
1973 2411 2094 2488 Tertio,
2123 2413 2196 2496 quia
2233 2413 2452 2496 praetulerunt

1495 2517 1706 2602 apparentiam
1726 2515 1866 2596 veritati;
1883 2515 2026 2584 Matthaei
2042 2517 2190 2602 vigesimo
2201 2519 2296 2584 tertio
2307 2519 2337 2584 9:
2360 2545 2375 2576 «
2388 2519 2451 2586 Mae

1496 2623 1600 2692 robis!
1627 2625 1682 2710 qui
1712 2621 1871 2690 nrrrndatis
1892 2623 1977 2710 quod
1994 2619 2109 2692 deforis
2132 2633 2221 2690 est».
2249 2663 2288 2672 -·-
2313 2625 2449 2710 (ittarta,

1496 2731 1570 2818 quia
1591 2731 1811 2818 praeferebant
1844 2731 2036 2800 affluentiam
2067 2733 2258 2818 paupertati;
2284 2731 2364 2800 infra
2399 2733 2451 2800 de-

1496 2839 1577 2906 cimo
1601 2847 1708 2906 sexto:
1741 2839 1944 2904 «audiebant
1967 2839 2070 2906 omnia
2094 2839 2172 2906 haec
2195 2839 2370 2920 Plurisaei,
2394 2841 2449 2926 qui

1496 2947 1711 3024 enumerari,
1738 2953 1767 3014 et
1803 2945 1986 3012 deridebant
2009 2945 2130 3010 illum»
2162 2953 2219 3014 etc.
2249 2985 2292 2994 -
2317 2947 2449 3030 Quinto,

1496 3053 1570 3138 quia
1585 3071 1695 3118 cranam
1712 3051 1844 3138 gloriam
1869 3051 2055 3132 humilitati3
2072 3047 2453 3118 loannisnoouootno·1⁰:'
2540 3127 2542 3132 ,

1501 3157 1717 3226 «Dilexcrnnt
1742 3157 1839 3244 magis
1863 3155 1994 3242 gloriam
2017 3157 2181 3224 horninum
2196 3175 2292 3244 quam
2318 3157 2450 3244 gloriam

1495 3265 1548 3330 hot
1564 3291 1593 3330 u.
1614 3303 1654 3314 —-
1670 3267 1779 3344 Sexto,
1799 3265 1872 3350 quia
1892 3263 2090 3330 commodum
2115 3265 2283 3344 honestati:
2306 3265 2450 3334 Matthaei

1496 3371 1644 3456 vigesimo
1667 3373 1776 3438 tertio:
1808 3397 1823 3430 «
1836 3371 1897 3436 Vae
1923 3371 2025 3436 robis!
2045 3373 2097 3456 qui
2117 3371 2232 3454 dicitis:
2250 3371 2308 3454 Qui
2325 3371 2450 3438 iurare-
2491 3447 2494 3454 Δ

1497 3477 1537 3542 rit
1564 3493 1620 3562 per
1645 3479 1816 3562 templum,
1839 3477 1919 3542 nihil
1936 3483 2001 3556 est;
2023 3477 2204 3562 quiantem
2238 3475 2389 3542 iuraverit
2420 3479 2451 3544 in

1495 3601 1575 3650 auro
1597 3585 1718 3668 templi,
1744 3583 1842 3650 dehet.
1869 3583 1959 3650 Stulti
1977 3591 2009 3652 et
2024 3583 2106 3652 caeci
2124 3611 2138 3642 »
2168 3591 2226 3650 etc.
2301 3595 2303 3598 ·

1584 3693 1636 3756 bl.
1661 3691 1763 3772 (Vens.
1793 3691 1869 3774 bh).
1892 3691 1949 3756 aa
1972 3699 2082 3756 arctam
2097 3691 2277 3756 Pontinas:
2298 3691 2362 3756 Cui
2375 3709 2451 3778 crgo
2465 3703 2618 3752 Secundum-
2658 3697 2661 3704 ⁴

1494 3797 1618 3864 similes
1640 3797 1752 3866 (licum
1773 3803 1832 3864 etc.
1858 3799 2024 3882 Postquam
2050 3797 2190 3864 Salvator
2204 3805 2312 3864 noster
2334 3797 2452 3864 extulit
2487 3765 2609 3910 {diffidit

1495 3903 1746 3990 praerogativam
1769 3903 1898 3970 uirtutis
1919 3903 1950 3970 in
1974 3903 2104 3982 Ioanne,
2122 3903 2172 3970 hic
2189 3903 2365 3990 redarguit
2376 3923 2451 3988 per·
2473 3867 2618 3974 ¹333&ss

1493 4009 1611 4096 fidium
1636 4009 1878 4078 incredulitatis
1901 4009 1938 4076 in
1954 4009 2062 4094 plcbc,
2085 4009 2178 4076 cuius
2199 4009 2450 4076 incredulitatem

1495 4115 1655 4202 redarguit
1679 4117 1938 4200 quadrupliciter.
1961 4117 2052 4182 Notat
2075 4117 2156 4180 enim
2176 4133 2229 4182 eos
2251 4115 2289 4180 de
2313 4115 2451 4202 infideli-

1494 4231 1577 4302 tate,
1600 4223 1638 4290 de
1661 4223 1810 4300 duritia,
1834 4221 1872 4290 de
1895 4223 2096 4292 detractione
2121 4229 2150 4288 et
2174 4223 2211 4288 de
2237 4219 2450 4308 blasphemia.

1583 4329 1686 4396 Primo
1709 4327 1806 4414 igitur
1829 4337 1981 4414 quantum
2007 4327 2044 4394 ad
2069 4335 2175 4396 notam
2191 4327 2393 4414 infidelitatis
2417 4329 2453 4396 iu
2467 4339 2499 4390 De
2521 4345 2617 4410 ranisq-

1494 4435 1842 4522 copitutionedicitu'r:
1863 4435 1927 4504 Cui
1949 4455 2024 4522 erpo
2039 4435 2163 4502 similes
2180 4435 2289 4502 dicum
2308 4431 2452 4502 domines
2480 4397 2617 4508 {diditi

1491 4543 1716 4630 persecutionis
1739 4541 1859 4622 arrius,
1884 4551 1912 4610 ct
1937 4543 1993 4610 cui
2018 4543 2142 4608 similas
2164 4543 2266 4608 scunt?
2290 4541 2343 4628 qui
2371 4541 2451 4608 scili-

1493 4653 1542 4716 cet
1562 4639 1735 4714 noluerunt
1760 4651 1888 4716 credere
1910 4651 2013 4714 loanni
2039 4657 2167 4734 propter
2191 4649 2305 4716 mentis
2320 4649 2451 4716 caecita-

1495 4761 1575 4834 tem3
1598 4753 1716 4834 buius,
1754 4757 1899 4842 inquam,
1921 4757 2145 4842 persecutionis
2176 4755 2373 4834 incredulae,
2402 4773 2450 4824 se-

1494 4861 1634 4928 cundum
1647 4861 1724 4928 illud
1737 4861 1969 4930 Deuteronomii
1983 4861 2144 4946 trigesimo
2156 4861 2293 4928 secundo
2309 4863 2347 4926 11:
2367 4861 2451 4930 «Ge-

1493 4967 1614 5034 neratia
1639 4967 1719 5034 euim
1745 4985 1893 5052 perversa
1908 4975 1956 5036 est
1978 4975 2011 5034 et
2033 4969 2174 5034 infideles
2191 4967 2245 5058 tilii
2261 4991 2292 5046 »3
2312 4973 2341 5034 et
2357 4969 2451 5036 Maru

1493 5093 1593 5142 norro:
1624 5071 1681 5140 «Ο
1706 5073 1865 5158 generatio
1898 5073 2076 5142 incredula!
2108 5073 2260 5160 quamdiu
2288 5091 2343 5140 ero
2367 5077 2453 5158 apud

1493 5187 1571 5246 rost
1594 5179 1746 5264 quamdiu
1764 5199 1819 5248 ros
1834 5179 1935 5266 patiar
1948 5187 1984 5246 »t
2003 5181 2157 5248 Psalmus:
2181 5207 2196 5238 <t
2208 5181 2253 5248 Ne
2267 5179 2353 5260 liant,
2365 5181 2453 5266 ¹sicut
2473 5241 2476 5248 ,

1493 5293 1598 5372 patres
1623 5305 1752 5368 aarum,
1776 5287 1937 5372 generatio
1960 5305 2057 5372 prava
2080 5291 2111 5354 et
2134 5291 2334 5372 exasperans,
2360 5305 2451 5372 gene·

1495 5395 1590 5474 ratio,
1614 5413 1697 5480 quae
1719 5413 1782 5462 nan
1810 5395 1928 5460 direxit
1951 5413 2004 5462 cor
2027 5411 2142 5472 suum,
2165 5399 2196 5460 et
2218 5413 2280 5460 non
2311 5401 2356 5460 est
2381 5413 2453 5462 cum

1493 5501 1557 5566 Deo
1578 5501 1708 5584 spiritus
1726 5503 1794 5568 eius
1808 5527 1838 5566 ».
1860 5501 1897 5566 Et
1912 5499 1980 5568 ideo
2005 5501 2151 5568 ieremias
2172 5501 2324 5568 secundo:
2345 5527 2362 5560 «
2378 5501 2454 5568 Con-

1493 5605 1628 5674 siderate
1650 5609 1869 5686 uehementer,
1890 5607 1915 5674 si
1935 5607 2071 5674 mutarit
2093 5625 2169 5692 gens
2189 5608 2262 5676 deos
2285 5625 2373 5688 suas;
2397 5627 2453 5694 po-

1493 5713 1590 5800 pulus
1608 5715 1685 5782 vero
1709 5731 1797 5782 meus
1823 5713 1956 5782 rnutaxit
1970 5713 2101 5800 gloriam
2132 5733 2218 5792 suam
2236 5715 2268 5781 in
2291 5713 2408 5782 idolum
2423 5741 2439 5776 a

1565 6071 1578 6102 ⁵
1598 6075 1670 6128 Vera.
1694 6077 1739 6138 tt:
1760 6075 1838 6130 codd.
1856 6079 1968 6142 allegant
1988 6089 2128 6142 perperam
2147 6073 2240 6130 Mallia.
2262 6071 2306 6130 id.

1499 6185 1503 6190 ·
1568 6159 1580 6190 ⁶
1596 6165 1671 6218 Pron.
1697 6169 1722 6230 l,
1742 6165 1789 6232 25,
1810 6171 1872 6232 post
1883 6179 1963 6234 quem
1976 6165 2031 6218 lsai.
2046 6165 2056 6216 t
2069 6203 2076 6228 ,
2089 6167 2112 6216 2.
2128 6171 2152 6216 et
2165 6167 2183 6218 Ι.
2198 6165 2287 6218 Thess.
2302 6163 2325 6216 5,
2342 6165 2385 6218 lb.
2398 6179 2453 6234 seq.

1498 6273 1501 6278 ¹
1566 6249 1670 6306 ¹Vera.
1692 6253 1732 6306 ll.
1752 6269 1828 6322 seqq.
1844 6281 1881 6294 —
1901 6253 2023 6322 Sequitur
2042 6255 2061 6306 l.
2080 6255 2146 6306 Petr.
2164 6255 2190 6316 3,
2210 6255 2253 6306 il.

1501 6351 1514 6360 ’“
1566 6337 1578 6370 ⁸
1597 6343 1669 6394 Vers.
1691 6345 1716 6396 3.
1734 6369 1771 6382 -
1790 6343 1908 6398 Subinde
1925 6343 2052 6406 allegatur
2070 6345 2146 6396 Rom.
2165 6343 2213 6408 ta,
2233 6343 2258 6396 3.

1565 6429 1578 6462 ⁹
1596 6433 1668 6488 Mers.
1690 6435 1731 6486 25.
1754 6463 1788 6472 -
1807 6435 1931 6498 Sequitur
1949 6435 2012 6486 Luc.
2030 6433 2082 6500 lb,
2102 6433 2145 6486 lb.
2163 6445 2220 6500 seq.

1566 6519 1589 6552 ¹⁰
1607 6523 1681 6576 Vers.
1703 6523 1743 6574 l3.
1765 6551 1798 6562 -·
1819 6521 1936 6576 Subinde
1955 6523 2081 6588 allegatur
2099 6523 2185 6574 Matth.
2207 6523 2255 6588 23,
2275 6523 2317 6574 lb.
2329 6535 2393 6590 seq.

1565 6609 1588 6642 ¹¹
1608 6613 1682 6664 Vers.
1703 6611 1744 6670 2⁰.
1757 6613 1872 6666 -Tres
1891 6627 1964 6680 seqq.
1983 6611 2032 6664 lori
2051 6619 2110 6666 sunt
2130 6613 2207 6664 Marc.
2225 6613 2258 6680 9,
2280 6613 2325 6678 l8;
2344 6611 2385 6664 es.
2403 6609 2452 6676 Π,
2556 6629 2573 6652 ⁴

1493 6703 1520 6754 8.
1540 6701 1578 6768 (ln
1597 6701 1670 6754 cuius
1688 6699 1740 6754 tine
1760 6705 1949 6766 postumat
1979 6703 2087 6766 Vulgata
2105 6707 2132 6754 et
2150 6703 2169 6754 Η
2191 6715 2252 6754 cum
2272 6701 2330 6754 Vat.
2349 6699 2451 6754 addunt

1493 6789 1624 6856 creditus,
1647 6787 1731 6844 ΑΘΒ
1750 6787 1807 6852 tibi)
1828 6797 1854 6844 et
1871 6793 1918 6844 ler.
1938 6793 1968 6860 2,
1989 6791 2030 6844 lb.
2049 6807 2118 6862 seq.
