5900 8266
1103 589 1298 656 couuuvv.
1322 589 1360 654 ει
1383 587 1623 656 nvlucvuuu
1647 541 1765 652 tucos
1790 583 1821 650 ε.
1847 581 1920 648 vvv.

523 781 561 830 ea
583 769 684 830 status
707 763 904 842 retentionis,
923 763 975 830 sed
994 763 1143 830 transitus
1167 763 1331 830 oblivionis
1352 767 1482 848 propter

522 865 691 950 strepitum
705 865 931 946 multitudinis;
950 865 1035 952 quod
1052 867 1246 952 significatur
1265 867 1347 934 intra
1362 865 1482 932 decinto

456 979 457 982 ’
522 973 676 1048 octav01‚
700 969 912 1048 ubidicitur,
937 969 1020 1054 quod
1052 989 1201 1038 «caecus
1232 971 1361 1038 sedebat
1390 989 1483 1038 secus

521 1075 623 1154 viam,
645 1075 825 1142 mendicans
839 1099 877 1156 »;
899 1079 1026 1142 etcum
1055 1077 1204 1144 clamaret
1227 1075 1266 1144 ad
1293 1075 1481 1156 Dominum,

522 1181 636 1248 turbae
662 1181 898 1264 «increpabant
923 1197 1010 1260 eum,
1034 1189 1071 1246 ut
1094 1187 1210 1248 taceret
1228 1209 1257 1246 s.
1271 1219 1314 1234 -
1326 1183 1413 1248 Unde
1430 1181 1482 1250 bic

521 1303 584 1350 non
607 1291 655 1352 est
677 1285 765 1352 locus
779 1285 1048 1364 fructificationis,
1071 1285 1146 1370 quia
1170 1303 1233 1352 non
1255 1285 1350 1352 estin
1373 1303 1410 1352 eo
1435 1303 1482 1354 re

522 1389 620 1456 tentio
642 1389 777 1456 seminis.
811 1387 881 1456 ldeo
902 1387 1061 1474 adiungit:
1095 1391 1134 1456 Ει
1163 1389 1392 1456 conculcatum
1415 1397 1479 1468 ast,

521 1493 680 1560 sciliceta
702 1493 834 1578 pedibus
849 1493 1032 1572 bominum,
1056 1501 1083 1560 et
1106 1495 1255 1560 volucres
1270 1493 1356 1560 coeli
1376 1513 1479 1560 eoma-

521 1597 642 1664 derunt
670 1597 772 1676 attua-
795 1599 828 1664 in
859 1615 923 1684 quo
952 1597 1172 1684 intelliguntur
1201 1615 1327 1666 morsus
1354 1599 1480 1666 daemo-

521 1723 617 1784 num,
651 1705 825 1774 secundum
860 1703 938 1772 illud
968 1705 1199 1772 Deuteronomii
1236 1703 1395 1790 trigesimo
1431 1721 1479 1770 se-

521 1811 626 1878 cundo
641 1811 674 1876 ²:
704 1837 719 1870 o
745 1811 975 1878 consumentur
1006 1811 1104 1890 lame,
1136 1817 1167 1876 ει
1197 1809 1393 1876 devorabunt
1426 1827 1479 1876 eos

521 1933 593 2002 aves
618 1935 726 1984 morsu
750 1915 945 1984 amarissimo
966 1941 1003 1996 »;
1026 1915 1173 1982 Matthaei
1204 1915 1350 2000 septimo:
1380 1941 1396 1974 o
1419 1915 1478 1984 No

521 2023 576 2092 lite
591 2029 735 2092 sanctum
751 2023 826 2090 dare
841 2023 987 2102 canibus,
1004 2039 1107 2106 neque
1123 2023 1275 2108 spargatis
1292 2021 1479 2108 margaritas

521 2133 642 2196 vestras
664 2135 737 2194 ante
753 2145 881 2214 porcos,
904 2145 945 2194 ue
966 2127 1048 2195 torte
1071 2131 1256 2194 conculcent
1270 2143 1323 2194 eas
1346 2127 1478 2212 pedibus

521 2235 586 2302 suis
602 2261 633 2300 ε.
660 2273 705 2284 --
732 2235 778 2300 Ex
811 2253 875 2320 qno
903 2233 1095 2320 colligimus,
1121 2231 1204 2320 quod
1227 2233 1291 2300 duo
1314 2233 1479 2318 expellunt

520 2339 559 2406 de
575 2339 667 2406 corde
692 2341 827 2406 bominis
842 2357 948 2406 semen
971 2339 1131 2418 divinum,
1148 2337 1265 2404 scilicet
1289 2339 1387 2406 malae
1403 2357 1477 2422 sug-

516 2445 675 2530 gestiones
698 2445 861 2512 hominum
886 2449 917 2512 et
934 2445 1119 2512 tentationes
1140 2443 1338 2512 daemonum.
1358 2447 1392 2512 Et
1407 2445 1477 2512 ideo

519 2549 593 2616 dicit
617 2550 779 2636 Apostolus
804 2551 841 2618 ad
857 2551 1013 2616 Hebraeos
1036 2549 1190 2616 ultimoi:
1220 2575 1236 2608 «
1252 2549 1407 2616 doctrinis
1424 2567 1476 2616 va-

520 2657 576 2724 riis
597 2665 630 2726 ot
655 2659 829 2744 peregrinis
859 2657 954 2724 nolite
977 2655 1099 2724 abduci.
1124 2653 1283 2740 Optimum
1316 2665 1363 2722 εει
1392 2659 1476 2724 enim

520 2763 621 2850 gratia
644 2763 781 2832 stabilire
807 2781 871 2844 cor,
893 2781 956 2830 nou
980 2761 1073 2842 escis,
1097 2779 1180 2848 quae
1201 2781 1263 2830 nou
1287 2761 1477 2848 protuerunt

520 2871 755 2938 ambulantibus
776 2871 810 2938 in
832 2871 879 2940 eis
896 2897 929 2938 a.
953 2871 990 2938 dt
1012 2871 1080 2938 ideo
1104 2887 1231 2938 necesse
1255 2875 1319 2950 est,
1343 2889 1397 2938 cor
1421 2889 1476 2938 εε

521 2982 623 3044 strum
645 2975 783 3062 elongari
809 2977 846 3044 ab
872 2977 1050 3046 huiusmodi
1073 2977 1285 3062 discursibus,
1312 3003 1330 3050 r<
1355 2985 1476 3046 utnon

520 3081 620 3148 simus
653 3081 735 3148 sicut
769 3084 890 3168 parvuli
927 3085 1117 3152 fluctuantes
1149 3088 1182 3150 et
1214 3083 1476 3154 circumferamur

520 3185 602 3252 omni
629 3193 719 3254 vento
751 3187 909 3280 doctrinae
935 3213 968 3268 »;
995 3189 1140 3256 lerevoiae
1172 3189 1326 3260 secundo:
1356 3215 1373 3248 o
1394 3189 1477 3274 Quid

438 3353 439 3358 ,
520 3293 576 3360 tibi
599 3295 647 3360 vis
669 3295 774 3362 invia
798 3297 941 3382 Aegypti,
963 3303 1002 3364 ut
1030 3297 1120 3364 bibas
1142 3313 1255 3382 aquam
1288 3297 1475 3364 turbidam?

521 3399 557 3464 lit
580 3397 654 3484 quid
678 3399 733 3466 tibi
759 3399 806 3466 vis
828 3403 861 3466 in
883 3403 936 3468 via
950 3403 1167 3486 Assyriorum,
1191 3409 1227 3466 ει
1251 3401 1338 3468 bibas
1362 3421 1474 3486 aquam

521 3505 659 3572 fluminis
676 3517 717 3570 »ι
1025 3493 1031 3508 “
1095 3553 1097 3558 .
1460 3503 1461 3506 ’

489 3681 519 3688 ,
609 3613 639 3676 9.
668 3613 769 3696 (vers.
800 3613 853 3692 6.).
887 3613 1026 3680 Secunda
1059 3631 1134 3680 vero
1167 3613 1341 3680 differentia
1373 3621 1476 3684 terrae

521 3727 582 3798 εει,
604 3735 687 3804 quae
709 3719 873 3802 accipitet
895 3721 1039 3804 quodum
1060 3721 1154 3784 clodo
1179 3719 1309 3798 retinet,
1332 3717 1386 3784 sed
1409 3739 1476 3784 εεε

520 3823 621 3912 furuae
644 3831 675 3892 et
692 3829 843 3910 quantum
870 3823 907 3890 ad
932 3827 1012 3892 hauc
1032 3825 1155 3892 subdit:
1183 3829 1219 3892 Ει
1245 3825 1338 3892 uliud
1362 3825 1477 3892 cecidit

520 3949 628 4018 supro
654 3937 804 4016 patrona,
829 3931 860 3996 id
890 3937 1058 4016 estsuper
1088 3949 1142 4000 cor
1174 3931 1312 4012 durum,
1342 3931 1381 4000 de
1412 3949 1475 4018 quo

521 4039 687 4106 Zachariae
711 4037 887 4122 septimae:
917 4063 933 4098 a
948 4039 1008 4104 Cor
1031 4057 1125 4106 suum
1149 4045 1325 4124 posuerunt
1340 4045 1377 4106 ut
1402 4039 1476 4106 ada-

520 4149 654 4211 mantem
680 4167 715 4222 »;
740 4143 845 4210 ottob
869 4145 1107 4230 quadragesimo
1137 4147 1256 4228 primo:
1286 4171 1302 4204 κ
1324 4145 1385 4210 Cor
1407 4147 1476 4212 eius

520 4249 718 4318 indurabitur
743 4249 832 4336 quasi
858 4249 981 4334 lapis».
1007 4287 1050 4300 -
1073 4251 1164 4330 llaec,
1197 4251 1340 4336 quamvis
1369 4267 1474 4316 semen

521 4357 617 4444 possit
641 4357 792 4436 retinere,
818 4361 1007 4422 nontamen
1038 4362 1139 4438 potest
1161 4355 1281 4432 fovere,
1313 4355 1475 4422 deficiente

521 4465 671 4540 humore:
697 4469 726 4528 et
750 4469 916 4548 propterea
939 4459 1040 4528 addit:
1067 4461 1105 4526 dt
1127 4469 1245 4538 εειιιει
1268 4459 1377 4540 uruit,
1393 4459 1475 4548 quio

521 4587 588 4634 εεε,
611 4565 771 4634 tutatust
795 4565 984 4648 dumosam,
1009 4565 1126 4654 scilicet
1148 4573 1342 4652 vegetantem
1369 4573 1399 4632 ει
1430 4567 1474 4632 1-

521 4679 661 4752 ventem;
694 4680 723 4740 ει
755 4675 784 4740 in
811 4675 862 4740 tali
887 4681 972 4740 terra
1004 4673 1107 4740 statim
1136 4671 1275 4740 nascitur
1309 4677 1338 4738 et
1370 4671 1474 4738 statim

522 4777 666 4854 moritur,
686 4777 759 4862 quia
773 4797 888 4864 parum
911 4777 1007 4844 habet
1021 4777 1060 4842 de
1076 4775 1234 4852 alimento,
1252 4775 1332 4842 sicut
1347 4775 1475 4842 foenum

521 4887 693 4962 tectorum;
716 4881 756 4950 de
778 4883 889 4968 quoin
912 4881 1075 4948 Psalmo⁶:
1106 4909 1122 4940 «
1136 4881 1222 4948 Fiant
1244 4881 1325 4948 sicut
1349 4879 1474 4948 foenum

520 4993 693 5068 tectorum,
716 4989 801 5074 quod
823 4987 1007 5074 priusquam
1030 4985 1202 5066 evellatur,
1226 4987 1353 5054 exaruit
1377 5011 1411 5064 »3
1444 4993 1474 5052 et

520 5095 613 5162 lsaiae
638 5095 759 5162 decimo
776 5103 906 5162 octavo:
932 5119 947 5152 o
961 5095 1037 5160 dnte
1053 5109 1187 5160 messem
1209 5097 1296 5159 totus
1318 5091 1473 5170 eliloruit,

519 5207 548 5266 et
574 5201 744 5266 immatura
767 5199 915 5284 perfectio
938 5197 1167 5284 germinabit».
1193 5197 1229 5262 ut
1253 5199 1313 5264 boc
1331 5205 1380 5262 est
1400 5215 1474 5280 pro-

519 5311 588 5389 pter
602 5305 759 5370 delectum
775 5305 919 5370 humoris
935 5305 1067 5388 gratiae,
1083 5303 1257 5368 secundum
1280 5303 1365 5388 quod
1380 5303 1474 5368 isaiae

519 5407 639 5474 decimo
653 5407 788 5492 ιιιιίειε7
806 5407 935 5475 dicitur:
953 5435 969 5468 «
981 5409 1070 5476 droit
1085 5408 1194 5488 herba,
1206 5407 1319 5476 defecit
1333 5425 1473 5492 germen,

518 5513 603 5578 viror
629 5513 728 5578 cmrris
753 5513 870 5578 interiit
886 5539 917 5594 >³3
942 5521 972 5582 et
996 5515 1231 5602 hoccontingit
1248 5519 1377 5598 propter
1391 5515 1473 5578 mul-

521 5613 684 5682 titudinem
708 5623 888 5698 petrarum,
912 5637 995 5704 quae
1016 5635 1079 5686 εεε
1102 5627 1178 5686 sunt
1199 5625 1289 5704 aptae
1313 5617 1350 5684 ad
1368 5635 1473 5686 semen

518 5719 612 5788 divini
648 5717 736 5784 verbi
775 5719 1032 5804 percipiendum:
1068 5730 1197 5808 propter
1236 5723 1320 5808 quod
1358 5721 1473 5788 dicitur

588 6169 597 6200 ¹
618 6169 694 6222 Vers.
712 6167 756 6220 35.
773 6175 800 6220 et
820 6169 860 6220 39.
880 6195 914 6208 -
935 6173 1062 6234 Superius
1080 6187 1129 6236 pro
1149 6171 1290 6230 discursus
1310 6177 1368 6230 Vat.
1382 6175 1473 6230 decus·

480 6283 485 6294 ·
517 6275 580 6326 sus,
599 6257 765 6324 quodetiam
782 6255 896 6310 subinde
914 6257 1011 6310 omittit
1034 6259 1176 6314 transitus.
1200 6259 1347 6316 Discursus
1373 6265 1414 6316 bic
1433 6279 1472 6316 su·

518 6349 597 6400 :uitur
616 6347 736 6412 proprie,
757 6347 822 6398 inira
842 6343 912 6410 (uota
933 6343 966 6410 3.)
989 6337 1117 6398 translate.
1300 6353 1301 6358 ’

587 6433 597 6466 ²
617 6423 693 6486 Vers.
713 6433 759 6502 al,
778 6437 936 6500 postquem
956 6433 1042 6484 llattb.
1063 6433 1092 6498 1,
1113 6433 1137 6486 6.
1157 6433 1268 6500 [Vulg.:
1286 6435 1418 6502 minutal

587 6519 597 6552 ³
618 6527 692 6578 vers.
711 6523 735 6574 9.
755 6549 789 6560 -
810 6523 866 6574 Duo
884 6533 957 6588 seqq.
977 6521 1025 6574 loci
1049 6525 1112 6574 sunt
1130 6523 1195 6586 pr.
1220 6519 1251 6586 l,
1273 6523 1313 6574 ld.
1331 6529 1357 6574 ει
1376 6525 1422 6574 ler.
1442 6525 1472 6588 t,

519 6613 560 6664 18.
578 6637 613 6650 -·
632 6611 739 6662 interius
758 6623 807 6676 pro
826 6607 992 6664 docear-sidus
1012 6609 1069 6662 Vat.
1088 6605 1254 6662 decursibus.

587 6695 598 6726 ⁴
618 6699 694 6750 Vers.
713 6699 755 6750 ta.
773 6725 810 6736 —
828 6697 951 6766 Sequitur
970 6697 1014 6750 lob
1034 6695 1077 6760 ll,
1097 6697 1139 6748 ts.

587 6785 597 6816 ⁵
617 6789 706 6840 Plures
723 6787 803 6842 codd.
822 6783 922 6842 leubacii.
1087 6847 1088 6850 Ἴ

587 6871 711 6930 ⁰Psalm.
735 6877 796 6940 tae,
818 6877 846 6944 6,
866 6883 925 6944 post
944 6889 1023 6944 quem
1043 6875 1098 6930 lsai.
1121 6873 1167 6938 ts,
1188 6873 1212 6926 5.

2433 589 2491 656 191

1547 763 1636 828 :imos
1669 767 1774 830 sexto:
1813 785 1829 818 r
1853 757 1998 844 Nunquid
2030 775 2162 826 currere
2190 765 2312 844 queunt
2344 759 2373 828 in
2407 763 2502 846 petris

1547 867 1620 954 equi
1635 875 1674 934 »t
1696 867 1729 934 id
1751 875 1800 934 est
1814 865 2061 952 praedicatores,
2077 871 2110 934 et
2124 865 2184 934 boo
2199 873 2329 952 propter
2345 865 2501 934 deiectum

1546 991 1720 1058 aquarum;
1752 973 1805 1040 lob
1831 971 2037 1040 duodecimo:
2072 997 2090 1030 ε
2108 973 2135 1038 Si
2169 973 2359 1040 continuerit
2387 991 2500 1058 aquas,

1546 1079 1648 1146 omnia
1673 1077 1922 1146 siccabuntur».
1945 1077 2125 1162 Qnooontra
2147 1077 2295 1144 Ieremias
2316 1075 2438 1146 decimo
2453 1093 2501 1144 εε-

1545 1183 1662 1266 ptimo:
1683 1209 1698 1242 ε
1715 1183 1781 1250 Erit
1797 1183 1934 1270 lignum,
1951 1185 2037 1270 quod
2060 1185 2321 1268 transplantatum
2344 1189 2391 1250 est
2411 1199 2500 1250 εεεεε

1544 1305 1661 1372 aquas,
1685 1295 1716 1354 et
1738 1309 1800 1356 non
1823 1291 1962 1368 timebit,
1988 1307 2060 1356 oum
2092 1289 2214 1358 venerit
2242 1297 2358 1356 aestus.
2381 1289 2419 1355 Et
2440 1287 2501 1354 erit

1544 1393 1651 1458 lolium
1676 1393 1744 1460 eius
1766 1393 1867 1460 viride
1896 1401 1930 1460 et
1958 1393 2156 1478 intempore
2185 1393 2333 1460 siccitatis
2356 1393 2500 1460 nouerit

1545 1497 1710 1564 sollicitum
1728 1525 1758 1564 a.

1635 1603 1686 1666 ld.
1707 1603 1809 1684 (Vers.
1826 1603 1881 1678 7.).
1905 1603 2009 1672 lertio
2024 1603 2197 1670 differentia
2216 1611 2317 1672 terrae
2333 1609 2390 1684 est,
2408 1619 2497 1688 quae,
2516 1615 2576 1670 rua,
2591 1615 2665 1662 crta·

1544 1705 1601 1772 etsi
1625 1705 1731 1792 aliquo
1752 1707 1845 1774 modo
1868 1709 2006 1774 retinent
2026 1715 2057 1776 et
2070 1707 2198 1796 foueat,
2216 1729 2278 1776 non
2295 1715 2398 1776 ιιιεεε
2414 1727 2499 1774 ιεεε-

1529 1897 1533 1908 ,
1541 1811 1609 1896 piet
1629 1831 1687 1878 nec
1707 1809 1862 1896 ductum
1873 1811 2024 1900 profem
2042 1821 2193 1900 quantum
2212 1815 2250 1884 ad
2266 1833 2362 1900 quam
2377 1815 2497 1882 subdit:

1546 1919 1585 1984 ut
1608 1915 1702 1984 ettad
1726 1919 1839 1984 cecidit
1863 1919 1947 1984 iuter
1970 1919 2108 2004 spinos,
2130 1919 2163 1984 id
2192 1927 2241 1986 est
2261 1919 2345 1986 inter
2367 1921 2498 1986 munda-

1543 2039 1599 2088 nas
1622 2022 1864 2104 sollicitudines,
1887 2023 2060 2108 inquibus
2090 2023 2181 2088 multi
2213 2023 2346 2090 libenter
2368 2041 2498 2092 conver-

1543 2133 1671 2208 santur;
1695 2127 1748 2196 lob
1769 2127 1971 2212 trigesimo⁸z
2000 2127 2105 2194 «Esse
2128 2129 2187 2194 sub
2210 2127 2352 2194 sentibus
2372 2129 2498 2198 delicias

1542 2233 1811 2320 computabant».
1848 2233 1917 2302 lstis
1948 2233 2048 2320 spinis
2082 2233 2200 2318 repleta
2232 2241 2278 2300 εει
2312 2239 2416 2314 terra,
2450 2255 2497 2302 so-

1542 2340 1680 2407 cundum
1703 2339 1781 2406 illud
1807 2340 1899 2406 isaiae
1925 2339 2071 2424 septimo:
2102 2363 2118 2396 «
2133 2339 2251 2422 Vepres
2283 2344 2313 2405 et
2336 2339 2442 2424 spinae
2466 2341 2496 2406 in

1541 2445 1689 2512 universa
1711 2449 1842 2512 terra».
1863 2447 1896 2510 Et
1913 2445 1972 2510 hoc
1988 2443 2100 2510 merito
2116 2441 2340 2510 maledictionis
2363 2443 2496 2528 primae,

1541 2551 1713 2618 secundum
1740 2551 1816 2618 iliud
1848 2549 1974 2618 Genesis
2006 2549 2112 2614 tertio:
2141 2547 2332 2614 «Maledicta
2357 2551 2495 2616 terrain

1541 2675 1635 2744 opere
1661 2665 1724 2722 tuo.
1748 2659 1859 2742 spinas
1880 2665 1912 2722 et
1945 2655 2079 2724 tribulos
2116 2653 2302 2740 germinabit
2325 2653 2379 2722 tibi
2397 2683 2427 2722 ε,
2453 2693 2494 2704 -

1541 2763 1576 2830 Ει
1601 2763 1632 2830 in
1656 2765 1714 2830 bac
1740 2771 1824 2830 terra
1848 2781 1968 2842 semen,
1994 2761 2205 2840 etsioriatur‚
2225 2765 2405 2828 nontamen
2423 2779 2495 2828 con-

1541 2875 1736 2950 summetur:
1759 2869 1843 2936 uude
1868 2869 1990 2938 subdit:
2015 2869 2057 2936 Et
2077 2867 2181 2934 statui
2203 2875 2337 2934 coortae
2359 2869 2493 2950 opauco,

1540 2977 1657 3046 scilicet
1681 2995 1751 3044 oum
1775 2977 1908 3056 semine,
1931 2975 2178 3064 suffocaverunt
2198 2975 2302 3054 illud,
2325 2973 2401 3060 quia
2424 2975 2495 3060 plus

1540 3085 1570 3150 iu
1596 3085 1744 3152 cordibus
1766 3085 1936 3170 proficiunt
1970 3091 2001 3150 ει
2028 3091 2175 3148 ειεεεεει
2201 3081 2404 3168 cogitationes
2426 3099 2494 3174 car-

1539 3191 1626 3258 nales
1649 3211 1743 3278 quam
1767 3191 1947 3278 spirituales
1970 3197 2001 3256 et
2024 3189 2068 3256 eis
2101 3191 2298 3274 praevalent;
2321 3187 2417 3256 Isaiae
2438 3187 2493 3256 tri-

1540 3297 1657 3384 gesimo
1682 3293 1860 3366 secundo'l:
1888 3305 1905 3356 (ι’
1921 3301 2019 3382 Super
2038 3297 2171 3364 humum
2187 3297 2294 3382 populi
2310 3295 2370 3364 mei
2387 3313 2493 3364 ascen-

1539 3403 1614 3468 dent
1628 3399 1741 3488 vepres
1757 3409 1788 3470 et
1805 3403 1911 3488 spinae
1928 3429 1956 3466 ε.
1983 3403 2018 3466 dt
2042 3403 2101 3468 hoc
2123 3411 2187 3482 εει,
2213 3403 2287 3488 quia
2303 3421 2365 3468 εεε
2381 3409 2494 3468 curant

1538 3509 1577 3574 de
1593 3509 1823 3592 spiritualibus;
1841 3507 2082 3574 proverbiorum
2100 3507 2247 3592 vigesimo
2261 3517 2389 3592 quarto:
2410 3509 2493 3576 «Per

1539 3631 1650 3698 agrum
1665 3613 1800 3680 bominis
1814 3613 1894 3700 pigri
1913 3613 2042 3680 transivi
2058 3619 2089 3680 et
2106 3631 2162 3698 per
2178 3613 2300 3682 vineam
2315 3613 2373 3680 viri
2390 3614 2492 3694 stulti;

1520 3727 1570 3786 ει
1592 3739 1680 3800 εεεε,
1702 3727 1893 3806 operuerant
1919 3721 2115 3802 superficiem
2138 3721 2206 3786 eius
2231 3721 2337 3804 spinae
2354 3749 2382 3784 a.
2408 3721 2493 3788 Unde

1539 3825 1645 3912 spinae
1670 3833 1768 3892 totum
1796 3823 1965 3912 occupant,
1983 3833 2019 3892 ut
2034 3825 2157 3894 fructus
2181 3845 2251 3892 cum
2269 3829 2313 3894 eis
2329 3829 2414 3894 nasci
2431 3847 2492 3894 nou

1539 3933 1644 4020 possit.
1664 3935 1699 4000 Et
1714 3933 1783 4000 ideo
1808 3933 1953 4000 leramiae
1979 3939 2092 4018 quarto
2107 3931 2148 3998 1⁰:
2174 3959 2187 3992 ι
2203 3933 2318 4000 Νειειε
2335 3931 2493 4000 vobisne

1539 4039 1608 4106 vale
1631 4045 1661 4106 et
1685 4039 1779 4104 nolite
1803 4029 2027 4122 serere'super
2052 4039 2156 4122 spinas
2172 4063 2202 4116 »3
2228 4039 2317 4124 quia,
2344 4039 2425 4106 sicut
2446 4039 2493 4104 di-

1539 4143 1622 4210 citur
1643 4143 1683 4208 ad
1706 4143 1861 4210 Hebraeos
1883 4147 1989 4222 sexte,
2018 4167 2034 4200 ε
2053 4147 2136 4208 terra
2160 4143 2322 4228 profereus
2344 4143 2447 4228 spinas
2463 4149 2494 4210 et

1539 4247 1674 4314 tribulos
1706 4249 1841 4332 reproba
1875 4253 1924 4312 est
1955 4255 1988 4312 et
2021 4249 2184 4312 maledicto
2215 4247 2378 4332 proxima,
2404 4249 2494 4316 cuius

1539 4355 1765 4420 consummatio
1789 4353 1820 4418 in
1845 4353 2136 4420 combustionem».
2457 4419 2458 4422 ,

1631 4461 1680 4524 ll.
1706 4459 1806 4540 [Voss.
1833 4459 1896 4546 8.).
1933 4459 2052 4540 viarta
2078 4457 2253 4526 differentia
2289 4465 2391 4528 terrae
2426 4467 2657 4542 escendere·

1538 4581 1620 4650 quae
1642 4563 1759 4648 recipit
1782 4573 1812 4630 et
1835 4563 1961 4642 retinet,
1993 4561 2079 4648 sodet
2108 4571 2136 4630 ει
2160 4561 2312 4648 fructum
2342 4563 2492 4650 profert,

1538 4675 1693 4755 quantum
1717 4669 1756 4736 ad
1779 4687 1876 4754 quam
1898 4669 2000 4736 addit:
2017 4673 2060 4736 Et
2074 4669 2172 4736 atiud
2186 4669 2301 4736 cecidit
2315 4671 2352 4736 iu.
2367 4679 2493 4738 terrosa
2509 4713 2514 4722 ·

1540 4775 1679 4854 bouum,
1701 4775 1734 4840 id
1756 4781 1804 4840 est
1826 4781 1962 4840 mentem
1980 4775 2112 4842 docilem
2127 4781 2159 4842 et
2175 4775 2358 4860 benignam;
2372 4777 2412 4842 de
2429 4795 2491 4860 qua

1538 4881 1641 4948 Exodi
1660 4879 1753 4948 tertio
1766 4881 1810 4946 11:
1838 4907 1855 4940 o
1873 4879 2006 4948 dducam
2030 4881 2112 4948 filios
2133 4881 2229 4948 lsrael
2251 4881 2282 4948 iu
2305 4887 2423 4948 terram
2438 4883 2493 4948 bo-

1537 5005 1611 5054 nam
1635 4995 1667 5054 et
1690 4987 1856 5070 spatiosam
1872 5013 1902 5050 ».
1929 4987 2007 5054 Haec
2030 4993 2076 5054 est
2108 4993 2193 5054 terra
2216 4987 2314 5066 bona,
2337 5005 2420 5072 quae
2441 4987 2493 5054 ha·

1537 5095 1591 5160 bet
1614 5099 1750 5177 quatuor
1772 5093 1965 5158 conditiones
1989 5091 2181 5176 praedictas,
2214 5091 2385 5160 secundum
2417 5091 2493 5160 illud

1537 5199 1575 5264 ad
1600 5197 1755 5266 Hebraeos
1776 5203 1885 5266 sexto:
1915 5225 1931 5256 «
1946 5201 2046 5266 Terra
2075 5199 2349 5284 supervenientem
2381 5197 2493 5266 bibens

1537 5303 1671 5370 imbrem
1690 5309 1720 5368 ει
1736 5303 1897 5388 proferens
1923 5305 2052 5370 herbam
2075 5311 2284 5388 opportunam
2309 5303 2373 5382 bis,
2388 5321 2409 5368 a
2423 5303 2493 5386 qui-

1537 5407 1597 5474 bus
1621 5409 1752 5488 colitur,
1775 5409 1906 5494 accipiet
1930 5409 2175 5476 benedictionem
2205 5407 2310 5476 aDeo
2325 5435 2358 5488 »,
2380 5425 2492 5476 εεεεε-

1536 5515 1614 5578 dum
1643 5513 1721 5580 illud
1754 5515 1881 5580 Psalmi:
1924 5541 1940 5572 «
1954 5515 2161 5594 benedixisti,
2195 5515 2343 5594 Domine,
2374 5521 2491 5578 terram

1535 5623 1624 5710 *tuam
1640 5643 1671 5682 ».
1697 5657 1740 5710 ·.·
1762 5619 1842 5686 Haec
1867 5617 2040 5686 benedictio
2064 5627 2112 5684 est
2133 5619 2168 5684 iu
2189 5617 2394 5702 completione
2426 5615 2492 5684 fru-

1537 5729 1625 5800 ctus;
1660 5729 1692 5788 et
1725 5725 1794 5788 ideo
1827 5724 1971 5791 additur:
2008 5727 2049 5788 Et
2078 5731 2204 5800 ortatu,
2237 5719 2312 5808 fecit
2342 5721 2492 5808 fructum

1607 6171 1617 6204 1
1639 6175 1711 6226 Vers.
1731 6177 1756 6226 6.
1775 6203 1810 6212 -
1829 6175 1893 6226 Tres
1913 6187 1988 6240 seqq.
2005 6175 2055 6226 loci
2078 6177 2138 6226 sunt
2156 6173 2238 6226 Amos
2255 6173 2287 6234 6,
2307 6173 2354 6236 te,
2376 6169 2423 6224 ubi
2441 6187 2491 6236 pro

1535 6265 1637 6330 ειιειιει
1654 6261 1898 6328 CDFpotet·uut,·
1919 6259 1962 6312 lob
1985 6261 2029 6324 tt,
2051 6259 2092 6310 15.
2114 6265 2138 6312 ει
2159 6259 2204 6310 Ιεε.
2226 6259 2266 6322 17,
2287 6261 2312 6310 8.

1607 6347 1711 6400 ³Vers.
1730 6349 1755 6400 7.
1774 6375 1812 6388 —
1829 6349 1980 6414 Sequuntur
1999 6347 2055 6400 lsai.
2067 6345 2098 6412 7,
2117 6345 2160 6400 at.
2180 6351 2204 6398 et
2225 6349 2288 6400 Gen.
2307 6347 2336 6408 3,
2358 6345 2400 6398 17.
2419 6361 2475 6412 seq.

1604 6433 1617 6466 ⁹
1639 6435 1710 6488 vers.
1735 6437 1777 6496 13,
1790 6441 1849 6500 post
1868 6449 1946 6500 quem
1961 6437 2037 6486 Prov.
2057 6433 2106 6496 al,
2126 6435 2170 6486 30.
2181 6445 2238 6500 seq.
2251 6461 2286 6470 -
2299 6433 2425 6498 Superius
2442 6447 2491 6498 pro

1535 6537 1590 6580 εεε
1610 6529 1700 6578 tumen
1718 6525 1926 6578 cotuummutur
1943 6523 1961 6574 E
1981 6535 2036 6574 uon
2054 6519 2208 6592 pudefient.

1608 6609 1630 6642 ¹⁰
1650 6613 1725 6664 vers.
1739 6613 1763 6664 3.
1775 6637 1812 6652 -
1825 6611 1943 6664 Subinde
1955 6613 2080 6674 allegatur
2093 6609 2175 6664 Hebr.
2195 6611 2224 6676 6,
2238 6613 2266 6674 8,
2279 6609 2325 6664 ubi
2344 6611 2422 6664 codd.
2434 6619 2493 6676 post

1536 6697 1650 6754 ινιειιὶεε
1670 6703 1866 6764 prosequuntur
1882 6697 2066 6754 maledictioni
2077 6697 2211 6766 precium
2231 6691 2283 6764 est,
2303 6697 2379 6754 cuius
2398 6705 2448 6752 etc.

1608 6783 1629 6814 ¹¹
1648 6787 1724 6840 Vere.
1744 6791 1767 6840 8.
1782 6817 1815 6826 —
1829 6787 1887 6840 Duo
1905 6801 1980 6854 seqq.
1992 6787 2042 6840 loci
2055 6793 2115 6840 sunt
2132 6787 2210 6840 Hebr.
2231 6787 2260 6850 6,
2279 6785 2311 6852 7,
2323 6789 2399 6842 euius
2413 6787 2490 6842 licem

1536 6873 1615 6928 codd.
1634 6875 1672 6928 sio
1684 6877 1806 6930 exhibent
1823 6875 1934 6942 coldus,
1950 6873 2148 6932 conciatura
2165 6875 2294 6944 Domino:
2306 6883 2331 6930 et
2350 6879 2389 6932 Ps.
2404 6877 2451 6942 ει,
2465 6881 2491 6932 2.
