5908 8266
497 561 562 626 278

497 733 708 818 requirendus
731 743 778 802 est
800 735 888 802 locus
914 743 1068 816 secretus3
1096 737 1150 802 sed
1172 741 1299 820 tempas
1322 739 1455 814 tacetur,

496 845 536 904 ut
557 839 755 918 ostendatur,
782 841 866 926 arrad
887 843 973 908 omni
995 847 1137 926 ternpore
1165 839 1377 908 indifferenter
1409 831 1481 906 est¹

498 945 672 1024 orandam,
695 947 869 1012 secundum
893 947 1109 1032 quoddicitur
1131 947 1215 1012 intra
1235 945 1457 1012 decimaocta-

498 1053 579 1116 rn1:
612 1049 773 1136 «Oportet
797 1069 888 1118 orare
914 1069 1038 1136 semper
1067 1059 1100 1118 et
1120 1071 1183 1118 non
1208 1051 1394 1146 deficerem
1424 1057 1457 1118 et

499 1155 702 1220 Ecclesiastici
735 1155 856 1224 decimo
884 1163 1013 1224 actara:
1043 1157 1122 1224 «Ne
1154 1155 1335 1240 impediaris
1363 1173 1457 1222 orare

498 1279 670 1346 semper».

589 1367 619 1434 3.
643 1367 953 1452 Secundoquantum
980 1367 1017 1434 ad
1040 1367 1335 1454 promptitudinem
1356 1367 1456 1434 disci-

347 1495 479 1540 soanmm.
494 1471 657 1556 pulcram
678 1471 716 1550 io
738 1471 900 1540 imitando
923 1473 1089 1540 subditur:
1118 1475 1160 1540 Ut
1180 1473 1339 1552 cessavit,
1369 1473 1457 1540 amia

499 1595 589 1642 anas
620 1597 660 1644 em
689 1575 862 1664 discipulis
893 1579 966 1646 cias
988 1581 1035 1646 ad
1063 1599 1163 1646 eitra:
1191 1579 1348 1658 Dareine,
1378 1579 1456 1646 doce

497 1703 559 1748 aas
581 1701 690 1748 orare.
716 1685 807 1752 Recte
830 1703 850 1750 a
872 1685 1004 1760 Domino
1028 1685 1174 1770 petebant
1193 1683 1353 1768 discipuli,
1377 1703 1459 1770 quaa

498 1787 569 1856 liter
594 1795 624 1856 et
647 1787 705 1874 ipsi
722 1807 812 1856 orare
836 1789 999 1868 deberent,
1025 1807 1062 1856 ne
1079 1791 1161 1856 torte
1175 1789 1293 1874 aliquid
1312 1795 1456 1874 peterent

500 1901 611 1960 contra
643 1895 711 1960 eius
745 1897 960 1974 volantatem3
995 1895 1080 1962 unde
1115 1895 1290 1980 Sapientiae
1323 1895 1455 1960 nonn²:

503 2025 520 2058 ιι
545 1999 621 2082 Quis
650 1999 813 2066 hominum
851 2001 965 2086 poterii
994 2001 1075 2068 scire
1100 2001 1263 2066 consilium
1292 2001 1368 2080 Dei;
1401 2005 1457 2066 aut

499 2103 571 2188 quis
607 2103 720 2188 poterit
749 2105 906 2190 cogitare,
935 2105 1012 2192 quid
1046 2105 1118 2172 velit
1150 2093 1270 2174 Deus?
1290 2105 1456 2192 Cogitatio-

498 2225 555 2276 nes
575 2209 661 2276 enim
688 2211 870 2278 mortalium
904 2213 1047 2292 timidae,
1070 2219 1104 2278 et
1124 2211 1261 2278 incertae
1290 2211 1457 2296 prouiden-

498 2315 560 2382 tiae
581 2321 707 2382 nostrae
725 2343 753 2382 a.
781 2317 850 2384 ldeo
872 2319 948 2384 aleae
972 2337 1032 2384 aas
1055 2339 1171 2396 orare,
1195 2319 1327 2384 annisis
1351 2319 1456 2384 Domi-

497 2439 560 2488 nus
578 2427 702 2500 nostem
721 2423 804 2492 trude
819 2423 915 2492 Isaiae
930 2423 1170 2510 quadragesimo
1192 2431 1302 2492 octavo
1314 2425 1344 2492 ³:
1365 2451 1380 2484 κ
1397 2427 1457 2512 Ego

498 2525 667 2606 Dumium,
690 2525 805 2594 doeens
831 2536 863 2596 te
885 2529 1026 2614 utilia».
1046 2529 1139 2594 -Et
1164 2529 1246 2614 quod
1266 2529 1377 2596 debeat
1405 2549 1458 2596 au-

498 2631 573 2710 diri,
599 2631 733 2698 ostendit
754 2651 811 2716 per
836 2633 949 2710 simile,
976 2651 1047 2698 aum
1070 2633 1173 2700 addit:
1197 2633 1293 2702 Sicut
1313 2643 1344 2698 et
1360 2633 1456 2700 loan-

497 2757 557 2804 nes
590 2737 768 2822 discipulas
803 2757 881 2804 accae
919 2737 1038 2804 docuit.
1073 2739 1161 2804 Scire
1193 2757 1331 2824 namque
1364 2757 1457 2804 orare

497 2843 599 2908 Deum
630 2843 765 2926 pertinet
797 2843 835 2908 ad
866 2843 1041 2912 doctrinam
1070 2843 1214 2928 pietatis,
1244 2837 1394 2928 quoniam
1424 2843 1455 2906 in

498 2947 638 3014 oratione
663 2949 829 3032 praecipue
861 2949 976 3016 colitur
997 2949 1090 3014 Deus
1122 2947 1210 3016 Unde
1233 2947 1356 3014 dicebat
1382 2947 1457 3012 Pro-

498 3053 594 3136 pheta
617 3053 647 3118 in
674 3053 830 3118 Psalmo4:
861 3053 1030 3118 «introibo
1053 3053 1085 3116 in
1109 3053 1237 3118 domum
1260 3057 1363 3128 tuam,
1383 3051 1457 3116 ado-

499 3159 576 3224 rabo
601 3185 617 3218 a
651 3164 708 3224 etc.
721 3181 729 3236 3
752 3164 785 3224 et
808 3157 1069 3242 Chrysastomus:
1109 3183 1124 3214 ι
1147 3157 1247 3224 Solam
1285 3157 1456 3230 orationem

499 3263 588 3350 quasi
620 3263 783 3346 spirituale
810 3263 967 3330 tributum
998 3263 1103 3326 anima
1129 3263 1222 3328 ollert
1250 3263 1291 3328 de
1317 3261 1383 3326 suis
1413 3261 1457 3326 ri-

498 3369 649 3436 sceribus.
678 3369 787 3452 blagna
816 3369 933 3452 arrippe
964 3367 1098 3452 dignitas
1127 3367 1287 3434 orationis.
1317 3369 1390 3434 blau
1422 3373 1457 3434 ut

497 3473 539 3542 ab
569 3491 624 3542 ore
655 3473 823 3558 processit,
864 3473 1040 3556 suscipiunt
1072 3491 1139 3538 eam
1172 3473 1277 3558 angeli
1311 3473 1457 3540 manibus

499 3581 564 3646 suis
596 3587 627 3648 et
656 3579 795 3646 ollerunt
821 3586 894 3645 ante
926 3579 1046 3658 Deum,
1069 3577 1152 3646 sicut
1174 3579 1219 3644 ait
1239 3579 1374 3664 Angelus
1398 3581 1456 3646 To-

497 3686 567 3753 biae
598 3683 798 3752 dnodecimo:
823 3687 890 3780 Epo
923 3683 1024 3752 obtuli
1054 3685 1236 3780 arationem
1259 3693 1354 3752 taam
1380 3695 1455 3752 autc

498 3791 605 3858 Deam
620 3819 634 3850 a
659 3799 716 3858 exte.
742 3791 811 3860 ideo
834 3809 912 3878 ergo
930 3791 975 3858 sio
997 3791 1126 3858 sollicite
1148 3793 1280 3860 docetur
1302 3799 1333 3860 et
1350 3793 1455 3878 requi-

499 3897 581 3964 ritur
606 3903 735 3984 propter
764 3899 813 3964 sui
847 3897 1089 3974 accedentiam·
1112 3915 1170 3966 nec
1199 3899 1302 3964 solnm
1325 3905 1455 3984 propter

411 4067 412 4072 ,
498 4003 572 4082 hoc,
598 4001 766 4070 sedetiam
793 4007 921 4088 propter
948 4001 1146 4090 efficaciam,
1172 4005 1347 4070 secundnm
1376 4003 1455 4070 illud

448 4097 455 4104 ’
497 4109 591 4176 blarci
608 4099 772 4176 undecimo
785 4111 813 4176 ⁵:
836 4135 853 4168 ι(
868 4109 1092 4196 Quaecumque
1107 4115 1232 4178 orantes
1253 4109 1372 4194 petitis,
1390 4127 1455 4178 cre-

497 4215 573 4296 dite,
600 4217 684 4302 quod
705 4217 879 4302 accipietis,
896 4223 935 4284 et
966 4217 1110 4284 evenient
1130 4217 1221 4298 vobis
1236 4243 1250 4276 a
1262 4241 1271 4298 ;
1296 4223 1326 4286 et
1355 4217 1453 4286 iacobi

497 4311 641 4390 ultimos
662 4321 787 4390 «Orate
819 4341 878 4406 pm
907 4323 1057 4404 inuicem,
1089 4329 1125 4390 ut
1157 4325 1316 4390 salvemini
1332 4347 1341 4404 ;
1371 4325 1453 4390 mul-

497 4433 565 4494 tum
590 4429 674 4496 enim
695 4429 777 4496 ualet
801 4427 1074 4514 deprecatioiusti
1100 4429 1233 4498 assidua.
1256 4429 1338 4496 Elias
1360 4431 1453 4496 borno

274 4615 275 4618 Ἴ
341 4559 478 4604 utranam.
496 4541 564 4602 erat
577 4561 594 4594 ι)
617 4541 675 4602 etc.
687 4531 829 4604 -Unde
847 4553 903 4622 per
916 4537 980 4604 ‘boc
995 4535 1137 4604 innuitur
1155 4535 1244 4604 nobis
1259 4537 1455 4604 oratiamnt-

497 4649 565 4708 tum
596 4641 745 4720 amanda,
777 4643 853 4726 quia
881 4661 939 4724 per
967 4643 1065 4728 ipsam
1097 4643 1286 4728 impetratur
1313 4643 1453 4710 obtentio

497 4747 600 4814 omnis
622 4747 693 4814 bani
713 4753 750 4814 et
771 4749 886 4814 amotio
911 4749 1011 4814 amnis
1035 4747 1125 4828 mali;
1147 4747 1230 4814 unde
1245 4747 1360 4814 Tobiae
1373 4747 1452 4814 duo-

361 4935 363 4938 ,
498 4853 658 4942 decimo-⁶:
688 4853 804 4922 «Bona
824 4861 873 4922 est
894 4853 996 4920 oratio
1018 4871 1092 4920 cum
1115 4853 1245 4934 ieiunio,
1269 4863 1300 4920 et
1323 4855 1455 4922 eleemo-

459 4961 462 4964 ’
497 4977 573 5042 syna
588 4961 687 5044 magis
710 4979 806 5044 arram
822 4961 991 5028 thesauros
1008 4959 1188 5026 recondere.
1207 4961 1360 5042 Quoniam
1376 4959 1453 5026 elee-

496 5081 667 5148 mosynaa
695 5071 798 5132 morte
827 5067 957 5144 liberat,
990 5071 1020 5132 et
1045 5065 1112 5148 ipsa
1133 5071 1197 5142 est,
1227 5081 1307 5148 quae
1338 5069 1470 5148 purgat

495 5177 621 5252 peccata
643 5177 675 5236 et
696 5169 768 5236 iacit
794 5169 935 5238 invenire
958 5169 1204 5236 misericordiam
1229 5175 1258 5234 et
1282 5167 1376 5234 vitam
1401 5187 1452 5234 ae-

496 5281 618 5342 ternam
632 5303 664 5340 n,
1250 5295 1251 5298 ’

329 5367 481 5466 {ggssssssgljs
581 5381 615 5446 [ι.
638 5381 740 5464 (Vers.
760 5381 815 5462 h).
844 5383 880 5446 at
896 5381 946 5446 ait
969 5379 1050 5446 iilis:
1076 5379 1161 5446 Cam
1177 5381 1284 5446 aratis
1305 5386 1365 5446 etc.
1381 5381 1454 5446 Post

345 5479 462 5572 sufflo
495 5485 642 5552 orationis
675 5487 857 5572 exemplum
886 5485 1050 5570 subiungit
1079 5487 1242 5552 arationis
1279 5487 1452 5552 dacamea·

564 5777 573 5808 ¹
593 5779 670 5832 Vers.
692 5779 722 5844 t,
742 5787 801 5846 post
818 5793 898 5846 quern
918 5781 993 5832 Eccli.
1013 5779 1061 5846 18,
1079 5781 1122 5832 22.
1136 5807 1173 5822 -·
1185 5779 1310 5846 Superius
1328 5793 1377 5846 pra
1397 5783 1452 5836 iao-

487 5865 568 5936 'pam
586 5867 636 5922 bia
648 5867 723 5922 locria
743 5867 854 5936 puidam
871 5869 930 5922 Vat.
950 5867 1050 5924 dicitur
1062 5867 1126 5936 ¹liic:
1146 5867 1175 5924 ia
1193 5867 1311 5936 quadam
1331 5867 1398 5924 loco.

564 5951 574 5982 ²
593 5955 669 6008 Vers.
690 5955 732 6008 ta.
751 5965 776 6008 et
797 5955 837 6008 il.
852 5985 885 5994 -
899 5957 1026 6020 Superius
1046 5969 1095 6020 pro
1110 5955 1352 6024 promptitudinem
1368 5955 1451 6008 hUD

493 6043 546 6094 GH
563 6041 784 6112 sollicitudinem·
804 6047 848 6098 clr.
868 6059 948 6110 supra
967 6057 1029 6110 pag.
1049 6041 1192 6110 277,n0ta
1212 6045 1238 6096 9.

563 6127 573 6158 ³
593 6131 670 6184 Vers.
692 6131 731 6184 17.

562 6215 735 6284 ⁴asara-a,
755 6221 779 6272 a.
802 6249 836 6262 -
860 6221 990 6274 sensenna
1008 6203 1273 6284 chrysostomum
1293 6221 1386 6272 uomit.
1409 6221 1449 6272 ra.

493 6307 517 6358 in
536 6309 624 6358 Matth.
642 6307 673 6372 6,
692 6307 717 6356 5.
739 6307 800 6374 (Op.
815 6309 986 6374 imperfecti,
1004 6305 1050 6358 ubi
1068 6311 1128 6372 post
1139 6305 1287 6360 visceribus
1305 6311 1388 6360 textas
1402 6307 1449 6358 ori-

493 6395 585 6460 ginalis
605 6395 679 6458 plura
696 6395 783 6458 addim
804 6397 828 6448 in
849 6397 899 6448 tine
918 6395 1044 6460 allegatur
1062 6395 1128 6446 Tob.
1150 6395 1196 6460 ia,
1217 6395 1263 6458 li,
1286 6395 1310 6448 in
1328 6409 1382 6462 quo
1401 6407 1449 6460 pro

491 6485 555 6536 anic
571 6483 658 6536 Deum
677 6483 789 6548 Vulgata
808 6489 833 6536 et
853 6485 911 6536 Vnt.
930 6479 1055 6536 Domino.

563 6567 573 6598 ⁵
592 6571 668 6622 Vera
688 6569 736 6634 il,
752 6577 815 6636 post
833 6585 915 6638 quem
935 6569 984 6622 lac.
1003 6569 1034 6634 5,
1055 6569 1097 6622 ιθ.
1110 6583 1167 6638 seq.

563 6655 574 6688 ⁶
594 6661 668 6712 Vera.
688 6661 711 6710 S.
733 6665 756 6714 et
776 6661 803 6714 9.

563 6743 572 6776 ²
592 6749 691 6800 Eodem
707 6749 738 6800 ιι.
756 6751 781 6800 2.

563 6833 670 6888 ⁸Vers.
689 6837 738 6888 t3:
755 6837 871 6902 Populus
893 6835 942 6890 iste
961 6849 1008 6890 ore
1032 6851 1080 6890 suo
1100 6839 1125 6888 et
1148 6833 1225 6888 tabiis
1242 6835 1298 6888 suis
1320 6833 1449 6900 glorificat

1100 559 1293 626 COMMENT.
1318 559 1356 658 ΙΝ
1379 555 1617 624 avanaeuaa
1642 553 1758 622 abate
1782 553 1813 618 C.
1840 553 1887 622 h.

1521 737 1609 808 iana·
1634 731 1665 796 in
1689 749 1753 816 quo
1778 729 1880 814 primo
1904 729 2038 796 traditur
2061 727 2175 816 forma
2208 729 2387 796 invocandi
2392 755 2403 810 ;
2426 749 2474 800 se·

1520 837 1620 902 cundo
1646 853 1737 916 vero,
1761 833 1875 924 farma
1897 835 2107 928 postulabat,
2135 835 2174 900 ihi
2190 835 2219 900 ⁷:
2245 835 2474 922 Sanctificetur

1519 961 1635 1010 monaca
1660 949 1765 1010 iatam.
2019 931 2021 936 ’

1607 1047 1768 1130 erantum
1796 1053 1905 1114 autem
1934 1047 1973 1114 ad
2000 1043 2148 1132 formam
2170 1045 2349 1114 invocandi
2379 1049 2472 1116 dicit:
2493 1063 2643 1126 rormaavo·

1521 1153 1560 1218 Et
1583 1151 1631 1218 ait
1661 1151 1749 1218 titia.-
1777 1151 1857 1218 Cam
1891 1153 2015 1232 aratia,
2045 1151 2163 1218 cliciie:
2199 1153 2310 1232 Pater,
2342 1153 2373 1220 id
2408 1163 2472 1234 est,
2528 1117 2598 1160 mm

1520 1257 1621 1342 primo
1646 1257 1786 1324 invocate
1818 1259 1958 1338 Patrem;
1987 1257 2101 1334 dicite,
2136 1257 2280 1340 iporiam,
2313 1277 2373 1324 non
2399 1277 2474 1326 roae

1520 1369 1660 1442 tantum,
1683 1363 1737 1430 sed
1761 1363 1853 1430 etiam
1877 1365 1987 1444 carde,
2013 1381 2051 1430 ne
2076 1363 2156 1430 lorte
2178 1361 2301 1430 dicatur
2327 1365 2413 1430 voltis
2439 1365 2475 1430 il-

1519 1467 1572 1534 lud
1597 1469 1690 1532 isaiae
1715 1467 1862 1552 vigesimo
1887 1469 2012 1536 nono⁸z
2039 1469 2210 1554 «Populus
2231 1469 2283 1536 hic
2312 1469 2401 1538 labiis
2423 1487 2473 1538 me

1519 1575 1666 1652 honorat,
1690 1591 1743 1640 aar
1760 1581 1863 1640 autem
1889 1593 1998 1640 earum
2023 1575 2174 1660 longeest
2198 1593 2281 1644 ame
2295 1603 2329 1642 ι).
2354 1577 2472 1656 Dicite,

1519 1697 1581 1746 non
1605 1685 1727 1746 tantum
1749 1679 1860 1758 corde,
1893 1697 2004 1748 rerum
2036 1681 2130 1748 etiam
2159 1699 2228 1760 ore,
2262 1683 2336 1768 quia
2357 1683 2474 1750 vocalis

1520 1787 1617 1852 oratio
1650 1793 1777 1868 accepta
1805 1791 1853 1852 est
1883 1787 1966 1864 beo,
1997 1787 2169 1850 secundnm
2203 1787 2280 1856 illud
2311 1789 2420 1856 Psalmi
2440 1789 2472 1856 ⁹:

1526 1891 1889 1958 «Confiteboabominn
1918 1889 2013 1956 nimis
2035 1889 2067 1954 in
2098 1907 2154 1958 ore
2184 1911 2255 1958 meo
2275 1919 2311 1972 >›;
2335 1901 2365 1960 et
2396 1895 2473 1974 hoc,

1520 2003 1587 2064 tam
1622 1997 1697 2082 quia
1730 1997 1812 2064 valet
1847 1997 1885 2062 ad
1916 1995 2113 2062 wcatemariam
2149 1997 2400 2078 aaaciiaadam,
2436 2001 2474 2066 ad

1519 2103 1768 2170 somnolentiam
1794 2103 2026 2182 concitandam,
2060 2103 2100 2168 ad
2132 2103 2333 2170 desideriam
2360 2123 2474 2172 acccc·
2503 2113 2504 2116 ’

1520 2209 1677 2288 manaim,
1715 2211 1752 2276 ad
1787 2209 1977 2298 obsequium
2010 2209 2280 2294 impendendam,
2317 2209 2353 2276 ad
2389 2231 2474 2298 paa-

1520 2315 1617 2394 aiom,
1637 2319 1887 2402 conprimendam
1918 2323 1950 2384 et
1972 2315 2011 2384 ad
2033 2315 2216 2402 coemptam
2246 2317 2475 2384 demonstran-

1520 2423 1609 2490 dum.
1627 2451 1671 2472 ⁴-
1686 2423 1869 2492 lnrocamus
1893 2433 1997 2492 antem
2022 2441 2135 2490 nonam
2156 2423 2277 2508 patria.
2301 2425 2368 2510 lpse
2393 2425 2474 2492 enim
2494 2433 2607 2534 aaagxoa

1520 2537 1566 2596 est
1587 2539 1684 2618 patet·
1709 2531 1830 2596 ratione
1853 2527 2048 2596 conditionis
2063 2537 2224 2608 maturae,
2249 2529 2421 2596 secondom
2439 2531 2474 2594 il·
2520 2501 2533 2544 p
2572 2519 2577 2532 '

1520 2637 1575 2704 lud
1598 2637 1635 2702 ad
1660 2637 1807 2720 Ephesios
1832 2637 1923 2702 tertio
1937 2637 1977 2698 ¹⁰:
2008 2659 2024 2690 «
2040 2633 2088 2700 Ex
2110 2651 2172 2718 qua
2189 2637 2289 2702 omnis
2306 2635 2475 2720 paternitas

1520 2741 1661 2806 incaelo
1691 2745 1723 2804 et
1753 2741 1784 2804 in
1816 2747 1903 2804 terra
1924 2737 2104 2804 nominatur
2129 2765 2160 2800 a.
2193 2737 2278 2804 Unde
2307 2739 2477 2806 blalacbiae'

1521 2843 1675 2912 secundo:
1713 2843 1897 2926 «Nrrnquid
1926 2861 1988 2906 nno
2021 2847 2108 2924 pater
2140 2839 2223 2906 uuus
2254 2843 2394 2910 omnium
2420 2863 2475 2910 na-

1521 2957 1620 3016 strum
1635 2955 1670 3012 »t
1695 2949 1745 3014 Est
1765 2947 1857 3014 etiam
1869 2953 1969 3032 pater
1985 2945 2106 3012 ratione
2130 2945 2312 3014 collationis
2327 2949 2475 3036 proiice,-

1520 3053 1558 3120 ad
1583 3055 1735 3120 bonianos
1759 3059 1866 3120 octavo
1880 3053 1923 3116 11:
1956 3051 2152 3136 «accepistis
2170 3051 2318 3138 spiritum
2337 3053 2475 3140 adoptio·
2532 3041 2539 3046 ⁶

1520 3157 1568 3224 nis
1592 3155 1746 3236 filiarum,
1772 3157 1802 3222 in
1820 3173 1883 3242 qao
1900 3157 2088 3224 clamamus:
2110 3157 2213 3236 laba,
2234 3159 2325 3226 Pater
2339 3185 2373 3240 »;
2391 3167 2421 3228 et
2437 3161 2475 3226 ad

1521 3263 1644 3330 Galatas
1667 3269 1794 3348 quarto:
1816 3263 2000 3348 «Quoniam
2018 3263 2092 3332 estis
2113 3263 2168 3330 alti
2195 3265 2269 3344 Dei,
2291 3269 2376 3334 misit
2391 3263 2475 3334 Deus

1521 3371 1667 3456 spiritam
1697 3371 1765 3434 Filii.
1794 3371 1844 3436 sui
1874 3371 2077 3436 clamantem:
2107 3371 2210 3452 abba,
2241 3371 2388 3440 Pater».
2424 3375 2475 3440 Est

1520 3477 1611 3546 etiam
1626 3485 1725 3562 pater
1740 3477 1860 3544 ratione
1877 3479 2169 3554 cansotrcmaiianir
2192 3477 2340 3566 pieriae,
2363 3497 2475 3548 secun-
2583 3519 2584 3524 κ

1520 3581 1596 3650 dum
1618 3581 1695 3648 illud
1714 3581 1858 3650 Ieremiae
1879 3583 1972 3650 tertio
1985 3583 2026 3650 1²:
2050 3609 2067 3640 «
2085 3585 2206 3650 Patrem
2225 3585 2349 3652 vocabis
2374 3603 2423 3650 me
2446 3591 2476 3652 et

1519 3695 1590 3772 post
1613 3707 1664 3754 me
1686 3689 1805 3774 ingredi
1839 3707 1901 3754 nan
1923 3689 2105 3756 cessabis».
2139 3689 2290 3772 Quoniam
2317 3689 2413 3776 igitur
2444 3689 2475 3758 in

1519 3795 1644 3860 nomine
1664 3793 1776 3878 patria
1791 3793 1976 3880 intelligitur
1998 3797 2084 3862 Deus
2102 3801 2139 3872 ut
2162 3795 2302 3864 conditor
2328 3803 2475 3876 naturae,

1517 3901 1647 3986 largitor
1670 3899 1802 3986 gratiae,
1823 3905 2055 3968 consummator
2078 3901 2208 3986 gloriam
2227 3901 2284 3968 hoo
2299 3899 2366 3986 ipso
2383 3901 2476 3968 datur

1517 4001 1663 4088 intelligi,
1686 4003 1771 4088 quod
1793 4005 1859 4088 ipse
1883 4011 1947 4084 est,
1971 4023 1988 4070 a
2011 4023 2075 4090 quo
2098 4007 2163 4072 solo
2184 4005 2337 4074 debemus
2357 4011 2474 4090 petere.

1607 4113 1635 4176 b.
1663 4111 1722 4178 Sed
1736 4111 1883 4196 quoniam
1901 4113 2074 4178 blattbaeus
2088 4111 2112 4152 1³
2137 4111 2307 4180 orationem
2329 4111 2644 4180 describitmaereoau·

2503 4187 2535 4228 ter
2549 4183 2628 4226 Lucam

1517 4223 1554 4284 ut
1577 4223 1754 4284 enarratam
1780 4217 1959 4304 apostolis,
1982 4217 2100 4302 quibus
2114 4217 2268 4286 Dominus
2289 4225 2394 4286 cetera
2415 4237 2473 4286 ex·
2520 4235 2611 4334 3333-

1517 4325 1668 4410 plicabat,
1691 4325 1761 4392 ideo
1785 4325 1932 4412 explicite
1957 4325 2053 4410 tangit
2078 4325 2137 4390 ista
2157 4325 2233 4404 tria,
2258 4325 2382 4394 dicens:
2405 4327 2474 4392 Pa-

1518 4439 1576 4508 ter,
1602 4429 1723 4497 ratione
1744 4436 1895 4508 naturae;
1919 4437 2039 4510 ceaster,
2055 4429 2175 4496 ratione
2199 4431 2334 4516 gratiae3
2357 4431 2415 4518 pai
2442 4451 2475 4496 ec

1516 4535 1551 4602 in
1575 4535 1694 4614 caelia,
1728 4535 1849 4604 ratione
1878 4535 2004 4620 gloriae.
2030 4537 2127 4602 Lucas
2159 4553 2233 4602 rere
2257 4535 2407 4622 exprimit
2438 4541 2474 4602 ut

1515 4641 1702 4708 minoribus
1732 4641 1905 4726 discipulis
1934 4641 2098 4720 traditam,
2122 4639 2191 4708 ideo
2222 4641 2318 4708 tradit
2340 4641 2473 4708 formam

1516 4747 1614 4832 magis
1637 4747 1830 4832 implicitam.
1854 4747 1992 4832 Uterque
2017 4751 2118 4814 tameo
2144 4747 2310 4814 concordat
2336 4747 2364 4812 in
2390 4747 2473 4814 iura·

1517 4853 1636 4920 catione
1660 4853 1932 4938 nominispotria,
1958 4857 1993 4930 ut
2014 4853 2044 4918 in
2073 4851 2141 4916 hoc·
2156 4853 2364 4918 uno-nomine
2389 4853 2474 4918 euci-

1517 4963 1602 5024 ietur
1625 4957 1720 5024 homo
1745 4955 1785 5024 ad
1815 4955 2034 5020 reuerentiam
2063 4961 2095 5020 et
2125 4953 2373 5038 confidentiam,
2407 4957 2473 5022 sine
2494 4973 2626 5018 aaronem.

1517 5061 1632 5146 quibus
1657 5061 1780 5126 duabus
1802 5061 1859 5126 alis
1880 5059 1981 5124 oratio
2004 5077 2066 5126 nan
2090 5059 2183 5124 habet
2207 5057 2386 5126 efficaciam.
2414 5061 2472 5126 Ha·

1516 5167 1610 5234 betur
1628 5171 1735 5232 autem
1752 5165 1935 5232 reverantia
1959 5163 2141 5230 eunomiae
2160 5165 2288 5250 patria·
2307 5165 2392 5234 unde
2411 5169 2473 5234 bla-

1515 5271 1634 5336 lachiae
1652 5269 1752 5360 primo
1763 5273 1803 5334 ¹4:
1827 5269 1885 5336 «Si
1903 5287 1959 5354 ego
1975 5275 2073 5352 pater,
2087 5269 2142 5336 ubi
2158 5275 2205 5336 est
2221 5271 2321 5336 honor
2338 5291 2424 5340 meus
2438 5281 2473 5340 »l
2559 5303 2560 5306 ¹

1517 5383 1549 5444 et
1565 5375 1769 5444 Ecclesiastici
1793 5375 1901 5444 tertio:
1921 5375 2052 5442 «Gloria
2076 5375 2211 5444 honrinis
2229 5393 2272 5444 eu
2289 5381 2406 5456 bonore
2421 5399 2473 5466 pa·

1517 5483 1575 5552 tris
1599 5483 1648 5552 sui
1664 5511 1694 5544 a.
1721 5483 1857 5552 Habetur
1879 5483 1974 5550 etiam
2006 5489 2038 5548 et
2059 5483 2276 5568 conficientia,
2298 5487 2472 5552 secuudum

1515 5795 1571 5846 rne,
1592 5793 1635 5832 cnr
1655 5783 1705 5834 etc.
1724 5777 1776 5834 Cir.
1794 5779 1878 5830 blattb.
1902 5775 1947 5842 ib,
1968 5777 1991 5828 8.
2011 5781 2037 5828 et
2054 5777 2131 5828 Marc.
2151 5777 2178 5842 7,
2201 5777 2224 5828 6.
2242 5801 2279 5816 ··-
2291 5777 2340 5830 Pro
2357 5777 2473 5846 nefarie

1515 5869 1574 5920 Vnt.
1595 5881 1626 5922 ac
1646 5867 1762 5936 quaudo.

1587 5951 1599 5984 ⁹
1616 5957 1711 6008 Psalm.
1730 5957 1800 6020 tQS,
1813 5955 1857 6006 30.
1875 5981 1911 5994 -
1928 5951 1967 6004 De
1984 5951 2102 6002 oratione
2125 5951 2210 6004 vocali
2228 5953 2275 6004 clr.
2293 5953 2337 6004 tv.
2355 5953 2424 6004 Seni.
2445 5951 2472 6004 d.
2583 5967 2586 5972 ·

1516 6043 1558 6096 lb.
1577 6059 1604 6108 p.
1622 6045 1652 6098 lt.
1670 6059 1693 6096 a.
1714 6047 1737 6096 ι.
1756 6057 1784 6110 q.
1802 6043 1827 6094 3.
1848 6047 1872 6094 et
1889 6041 2022 6106 Breriloa.
2042 6053 2067 6104 p.
2089 6039 2120 6092 V.
2140 6055 2162 6094 c.
2183 6041 2226 6092 l0.
2243 6041 2311 6094 Vide
2333 6041 2409 6092 etiam
2432 6041 2472 6092 111.

1516 6131 1585 6182 Sent.
1610 6131 1635 6184 d.
1662 6133 1687 6184 9.
1713 6147 1737 6184 a.
1763 6131 1788 6182 l.
1809 6147 1839 6198 q.
1864 6131 1890 6182 ι.
1915 6129 1941 6180 iu
1967 6143 2053 6194 carp,
2080 6127 2124 6182 ubi
2150 6129 2231 6182 simile
2256 6131 2289 6182 de
2314 6127 2472 6182 institutione

1516 6221 1672 6284 imaginum.

1586 6305 1608 6336 ²⁰
1626 6307 1701 6360 Vera.
1718 6305 1764 6370 ib,
1778 6305 1819 6358 cui
1835 6303 2001 6368 subiungitur
2015 6305 2121 6358 Malacb.
2142 6307 2174 6372 2,
2190 6305 2231 6356 ιιι.
2245 6303 2297 6358 Cir.
2316 6305 2404 6356 blatth.
2421 6307 2472 6370 23,

1514 6395 1542 6446 9.
1562 6399 1589 6446 et
1613 6395 1731 6458 Ephd,
1752 6395 1779 6448 6.

1586 6479 1608 6512 ²²
1626 6483 1703 6536 Vere.
1723 6481 1770 6546 ib,
1790 6487 1851 6546 post
1867 6493 1948 6548 auem
1968 6479 2022 6532 Gal.
2042 6479 2073 6542 i,
2093 6481 2116 6532 6.
2290 6475 2312 6510 ¹²
2334 6481 2407 6536 Vers.
2427 6485 2471 6536 ta.

1584 6567 1608 6600 ¹³
1624 6569 1689 6636 Cap.
1709 6571 1737 6638 6,
1755 6571 1782 6620 9.
1799 6583 1874 6638 seqq.
1896 6569 1947 6624 Ch.
1961 6567 2031 6620 Alex.
2048 6569 2117 6630 Hel„
2137 6569 2163 6620 S.
2181 6581 2209 6632 p.
2228 6567 2271 6620 lV.
2288 6585 2315 6636 a.
2337 6571 2376 6624 ib.
2393 6579 2422 6626 tr.
2437 6575 2472 6626 de

1514 6657 1605 6710 Obicio
1623 6659 1733 6722 missae,
1751 6673 1779 6722 p.
1799 6659 1827 6708 ll.
1847 6659 1861 6724 S
1881 6657 1906 6710 i.
1925 6683 1960 6694 -
1973 6659 2022 6710 Pro
2042 6659 2128 6710 cetera
2147 6653 2300 6724 capliaabat
2318 6659 2473 6716 substituen-

1514 6749 1578 6800 dum
1598 6747 1703 6800 videtur
1722 6747 1819 6800 concio
1838 6743 1998 6812 applicabat.

1585 6831 1608 6864 ¹⁴
1625 6833 1701 6886 Vens.
1723 6835 1752 6900 b,
1772 6845 1853 6900 quem
1870 6831 1989 6900 seqnitur
2006 6833 2084 6884 Eccli.
2104 6831 2133 6894 3,
2156 6833 2196 6884 ι3,
