5900 8266
370 631 549 698 -444

481 813 589 874 numm
609 807 753 874 intuetur
776 805 831 874 cor
846 833 878 890 »3
902 813 934 874 et
961 809 1167 876 Ecclesiastici
1196 809 1346 894 vigesimo
1377 817 1441 878 ter-

481 913 543 980 tio:
574 913 696 980 «Oculi
719 913 842 981 Domini
866 913 967 982 multo
989 917 1063 1000 plus
1086 913 1256 982 lucidiores
1278 931 1375 1000 super
1391 933 1443 982 so·

481 1021 562 1102 lem,
587 1021 876 1106 circumspicientes
899 1039 1008 1088 omues
1034 1021 1101 1088 vias
1127 1021 1288 1088 hominum
1314 1027 1344 1088 et
1367 1039 1442 1108 pro·

332 1131 457 1232 ssffffl
480 1125 613 1194 fundum
638 1127 740 1210 abyssi
765 1133 795 1192 et
818 1127 981 1194 hominum
1007 1129 1101 1194 corda
1124 1127 1281 1194 intuentes
1297 1131 1389 1193 ».‘-·-
1404 1127 1443 1194 Et

454 1217 631 1318 'quoniam
662 1225 882 1318 cogitationem
914 1233 1040 1300 videbat
1072 1249 1140 1300 esse
1173 1231 1257 1298 44949
1286 1231 1326 1298 ad
1355 1251 1442 1298 mar-

480 1339 575 1420 bum,
596 1339 666 1408 ideo
698 1345 846 1424 tanquam
872 1339 996 1424 sapiens
1025 1339 1165 1406 medicus
1189 1339 1318 1424 apponit
1339 1355 1441 1406 reme-

480 1445 585 1524 dium,
606 1461 680 1512 cum
703 1443 762 1512 ait:
788 1443 1041 1530 Apprebendens
1061 1461 1207 1528 paenam
1226 1443 1346 1510 statuit
1366 1463 1442 1510 eant

479 1569 576 1618 seras
596 1571 631 1618 se
644 1553 665 1630 ¹,
691 1555 840 1636 tanquam
863 1551 921 1619 sihi
939 1549 1130 1618 conformem
1152 1555 1185 1618 et
1206 1549 1440 1636 propinquum;

480 1657 566 1724 unde
587 1657 732 1724 Matthaei
758 1655 984 1724 decimonono
1007 1657 1144 1724 dicebat:
1172 1681 1189 1714 <t
1204 1657 1302 1722 Sinite
1324 1675 1441 1742 parru-

480 1765 528 1830 los
551 1763 658 1830 venire
683 1763 719 1830 ad
745 1781 810 1842 me,
828 1769 860 1828 et
884 1763 979 1830 nolite
996 1761 1164 1846 prohibere
1188 1763 1226 1830 ad
1250 1777 1301 1828 me
1316 1761 1440 1844 venire,

482 1871 591 1936 talium
617 1869 700 1936 enirn
723 1877 770 1936 est
794 1887 928 1954 regnum
952 1869 1112 1936 caelorum
1130 1893 1165 1948 »3
1190 1873 1220 1936 et
1244 1867 1323 1936 Osee
1345 1869 1442 1936 unde·

481 1975 579 2042 aimo:
608 2003 625 2032 «ι
641 1975 720 2060 Quia
744 1993 824 2060 puer
848 1975 957 2054 lsrael,
980 1981 1012 2042 et
1034 1975 1131 2042 dilexi
1158 1993 1233 2042 eum
1248 1999 1278 2038 4.
1308 1973 1344 2040 itt
1367 1993 1441 2060 pro-

480 2085 552 2164 pter
575 2079 635 2147 hoc
656 2079 779 2146 dicebat
800 2079 928 2164 Sapiens
950 2079 1125 2166 Sapientiae
1147 2099 1247 2146 nouo:
1268 2105 1283 2138 α
1301 2077 1368 2146 Noli
1389 2097 1441 2148 me

480 2187 652 2272 reprobare
676 2205 694 2254 a
716 2187 825 2272 pueris
848 2187 933 2268 4944,
956 2187 1031 2272 9949
1055 2203 1167 2254 seruus
1190 2191 1266 2254 tuus
1289 2203 1360 2254 sum
1383 2205 1441 2272 ego

481 2299 513 2360 et
536 2293 620 2360 lilius
641 2293 771 2360 ancillae
797 2299 870 2360 tuae
892 2321 924 2360 4.
956 2293 1057 2362 Seens
1085 2293 1244 2380 anigitur
1271 2293 1441 2378 parvulum

482 2401 605 2480 statuit,
623 2407 657 2466 ul
681 2399 837 2476 ostendat,
854 2401 1023 2484 parvulum
1047 2408 1193 2486 oportere
1217 2401 1286 2468 44944
1302 2401 1356 2484 994
1373 2401 1441 2468 rull

481 2525 549 2574 esse
564 2505 692 2574 Ι94444994
714 2509 768 2576 1494
783 2507 807 2572 ².

571 2615 624 2680 88.
648 2613 750 2698 (Vera.
773 2611 914 2698 48944
937 2615 997 2682 1499
1019 2621 1125 2696 notat,
1148 2635 1222 2684 eum
1246 2613 1368 2682 subdit:
1401 2619 1441 2682 at

326 2725 462 2836 Agffiogfl
484 2721 531 2790 ait
557 2721 638 2788 illis:
654 2721 871 2808 *Qtticnntqne
900 2723 1079 2810 4999999414
1101 2743 1247 2808 puerunt
1271 2723 1373 2788 istum
1405 2725 1440 2790 in

330 2825 331 2828 ’
483 2827 614 2894 nomine
635 2845 726 2904 9499,
750 2845 801 2894 nae
822 2827 959 2914 recipit·
984 2827 1015 2894 iu
1038 2847 1103 2914 quo
1132 2829 1286 2908 ostendit,
1316 2833 1440 2912 4994994

482 2935 685 3000 9149949949
707 2935 880 3000 1491494996
904 2935 1055 3018 parvulos
1070 2939 1104 3000 et
1127 2935 1280 3012 14994194,
1304 2940 1341 2999 94
1357 2933 1440 3018 quod

482 3041 516 3108 tit
548 3041 593 3108 eis
623 3047 749 3124 reputet
779 3039 837 3106 sibi
870 3039 960 3118 lieri;
986 3039 1087 3118 unde,
1112 3039 1256 3106 Matthaei
1292 3037 1440 3124 vigesimo

483 3145 593 3232 quinto
609 3145 632 3224 ³,
656 3145 738 3212 dicet
760 3145 793 3210 in
819 3145 954 3210 iudicio:
985 3171 1000 3204 4
1024 3145 1114 3228 Quod
1145 3145 1199 3212 uui
1232 3163 1272 3212 94
1304 3145 1440 3214 9449144414

437 3293 439 3298 ·
483 3253 560 3318 meis
577 3251 693 3318 49944444
718 3249 796 3316 944144
810 3249 927 3316 19944444
941 3277 974 3316 ».
997 3251 1088 3316 Tales
1112 3251 1194 3316 enim
1211 3249 1370 3336 potissime
1388 3267 1440 3318 ac-

482 3363 600 3442 ceptat,
622 3357 796 3424 secundum
819 3355 899 3422 illud
922 3355 1051 3424 Psalmi:
1082 3383 1098 3416 4
1114 3357 1265 3424 44991494
1289 3355 1440 3424 Dominus

482 3469 513 3530 et
536 3463 668 3530 humilia
689 3463 816 3548 respicit
832 3487 867 3542 »3
883 3469 916 3530 et
938 3463 1112 3540 secundum
1136 3463 1215 3530 illud
1232 3463 1326 3528 lsaiae
1350 3479 1440 3530 sexa-

482 3571 600 3658 gesimo
622 3575 731 3638 sexto:
760 3595 777 3628 <e
792 3569 836 3634 Ad
860 3589 954 3654 quem
970 3569 1143 3654 respiciam
1160 3569 1220 3636 nisi
1241 3569 1283 3636 ad
1304 3587 1440 3654 pauper-

322 3679 468 3790 „iiim
482 3677 589 3744 culum
613 3683 644 3742 et
665 3671 839 3742 ¹contritum
861 3675 976 3760 spiritu
991 3703 1006 3736 a
1037 3681 1096 3742 etc.
1118 3713 1161 3726 —
1181 3675 1226 3740 lix
1250 3675 1310 3742 hoc
1334 3681 1437 3742 autem

482 3781 639 3868 colligitur
664 3799 776 3868 magua
792 3781 979 3850 excellentia
1001 3799 1069 3850 esse
1086 3781 1117 3848 in
1142 3781 1292 3868 parvulo,
1315 3781 1392 3850 dum
1408 3781 1439 3848 in

482 3907 519 3956 eo
543 3889 694 3972 recipitur
719 3889 863 3954 Christus
894 3907 957 3954 non
981 3889 1083 3954 solum
1107 3887 1281 3954 secundum
1311 3887 1440 3954 humili-

482 4003 578 4062 tatem
603 3995 791 4072 humanam,
814 4011 925 4060 rerum
951 3995 1045 4060 etiam
1068 3995 1242 4062 secundum
1272 3995 1440 4062 auctorita-

482 4105 545 4168 tem
567 4099 723 4180 dirinam3
745 4099 785 4166 ad
808 4099 905 4186 quam
927 4101 1147 4168 insinuandam
1170 4101 1273 4166 addit:
1298 4103 1338 4166 Et
1366 4099 1440 4190 qni—

482 4225 620 4294 ennrqae
643 4225 693 4272 949
716 4207 834 4294 recipit
844 4207 868 4286 4,
889 4207 1008 4292 recipit
1030 4225 1103 4274 enin
1127 4207 1187 4294 qui
1202 4227 1252 4272 499
1275 4207 1374 4274 maisit.
1393 4207 1439 4272 114

482 4313 543 4380 1499
557 4313 730 4400 colligitur,
754 4313 841 4398 quod
855 4313 912 4398 qui
933 4313 1069 4378 honorat
1092 4321 1122 4380 et
1140 4313 1251 4398 recipit
1270 4315 1438 4398 parvulum

482 4417 596 4486 Christi
620 4417 732 4504 recipit
754 4425 786 4486 el
809 4419 945 4484 honorat
967 4419 1087 4498 Deum3
1110 4435 1242 4504 magnus
1266 4419 1362 4504 igitur
1394 4425 1441 4486 est

358 4527 464 4572 444449·
482 4525 585 4592 honor
606 4531 638 4592 et
668 4525 768 4610 gloria
790 4525 1010 4612 9944919499.
1037 4563 1082 4576 --·
1108 4525 1242 4612 Exque
1272 4525 1441 4610 persuadet

473 4631 545 4708 eis,
569 4647 609 4698 ne
632 4631 772 4696 ambiant
793 4649 861 4698 esse
884 4631 1007 4716 magni,
1031 4631 1086 4698 sed
1109 4631 1256 4698 studeant
1277 4649 1344 4698 esse
1367 4651 1441 4718 par-

482 4735 558 4804 vuli.
586 4735 620 4800 44
644 4735 681 4802 ad
705 4735 765 4804 hoc
787 4735 900 4804 4944494
921 4733 1087 4822 apostolus
1100 4735 1141 4804 ad
1162 4735 1377 4822 Philippenses
1392 4753 1441 4804 se·-

482 4841 629 4908 cuudo⁵:
659 4867 675 4900 «
691 4843 723 4906 ln
746 4841 924 4908 humilitate
949 4841 1128 4926 superiores
1151 4841 1210 4908 sibi
1232 4841 1365 4908 invicem
1389 4861 1441 4906 ar-

553 5159 563 5190 ¹
584 5163 618 5212 lta
638 5161 715 5214 etiam
728 5161 814 5226 Beda,
833 5159 911 5214 Gard.
924 5163 1016 5226 Hugo,
1033 5161 1062 5212 B.
1081 5159 1216 5212 albescet
1234 5161 1441 5226 [9994443491-

483 5251 677 5314 galeatae:
698 5237 879 5318 apprehendit
902 5263 1021 5316 pnerarn
1038 5253 1063 5302 91
1086 5249 1182 5302 4494941
1205 5249 1284 5302 illinon
1309 5263 1386 5302 49994
1403 5263 1440 5304 se.

482 5363 519 5378 -
537 5339 602 5392 Tres
627 5353 702 5404 seqq.
719 5339 768 5390 loci
792 5345 852 5392 sunt
871 5339 959 5390 1194414.
983 5337 1098 5404 19,14’;
1125 5337 1192 5390 0499
1217 5337 1260 5400 11,
1288 5341 1312 5390 l.
1335 5345 1361 5390 94
1380 5339 1441 5404 Sap.

484 5429 510 5494 9,
528 5427 554 5480 4.
572 5441 628 5494 seq.
647 5427 736 5482 Glossa
755 5425 938 5482 interlinearis
958 5427 999 5494 (ex
1018 5425 1098 5494 Beda)
1119 5427 1144 5480 in
1157 5429 1221 5480 Luc.
1241 5427 1271 5490 9,
1291 5425 1340 5478 449
1360 5427 1393 5480 At
1404 5427 1443 5480 le·

482 5529 531 5572 sns
548 5515 654 5580 videns,
673 5501 820 5580 intelligens
836 5529 931 5568 causas
949 5517 1151 5582 errorum,vult
1163 5515 1324 5568 desiderium
1343 5515 1443 5578 gloriae

482 5605 636 5656 humilitatis
652 5605 817 5658 commistione
833 5617 936 5656 sanare.

554 5689 565 5722 ²
584 5695 669 5746 Matth.
692 5693 732 5758 18,
754 5695 783 5744 34
804 5695 1140 5758 4499941499491444,·44444
1159 5695 1279 5746 99949444
1300 5695 1398 5746 49944444
1417 5701 1443 5746 94

376 5771 378 5778 ’
483 5781 633 5836 efficiamini
651 5781 718 5836 sicut
730 5785 835 5846 parvuli
854 5789 903 5836 949.
915 5783 1008 5836 619449
1020 5781 1162 5836 9491499449
1184 5783 1224 5850 (ex
1237 5785 1308 5836 Beda
1325 5783 1350 5834 in
1365 5785 1443 5836 llarc.

485 5871 516 5938 9,
535 5869 578 5922 34.
596 5869 663 5938 seq.)
677 5873 705 5922 in
723 5871 877 5938 battuta,
895 5873 924 5924 44
944 5871 977 5926 Et
996 5871 1140 5926 advocans.
1154 5873 1308 5926 Secundum
1325 5873 1443 5926 hlarcum

484 5975 596 6026 puerum
611 5961 682 6012 lesus
701 5959 892 6026 complectitur,
904 5959 1069 6028 significans,
1080 5961 1194 6012 humiles
1204 5959 1301 6026 dignos
1313 5975 1361 6012 suo
1374 5973 1444 6012 eom·

484 6049 562 6116 plenu
587 6055 615 6100 et
641 6047 788 6102 dilectione.
813 6077 846 6088 -
871 6049 939 6100 Petr.
965 6047 1116 6112 Comestor,
1143 6049 1239 6100 Hister.
1267 6049 1389 6100 scholast.
1416 6049 1443 6100 in

485 6141 584 6202 Evang.
602 6151 627 6190 9.
646 6137 694 6190 964
713 6139 840 6190 Ρ9449194
861 6139 922 6200 4449,
942 6145 969 6190 94
988 6139 1097 6204 quidam
1117 6137 1235 6200 tradunt,
1249 6139 1296 6190 luit
1308 6137 1442 6202 1194449144,

485 6229 619 6294 999449194
640 6225 840 6280 Lemovicarum
862 6227 910 6292 (ita
930 6227 1008 6280 etiam
1032 6227 1123 6280 Glossa
1141 6227 1169 6278 in
1187 6223 1215 6280 C.
1241 6223 1308 6280 eun
1330 6225 1443 6280 99944494

485 6315 522 6384 [9.
541 6311 663 6382 unicum]
683 6315 716 6366 X.
736 6315 769 6368 de
788 6315 867 6368 Sacra
885 6315 1018 6378 urretioue,
1037 6315 1092 6368 scil.
1113 6317 1128 6366 1.
1147 6315 1249 6366 Deerat.
1267 6315 1386 6378 Gregorii
1406 6315 1442 6368 tit

487 6403 534 6468 l5;
555 6401 633 6454 Card.
650 6403 728 6466 tingo
742 6407 766 6454 et
785 6403 813 6454 B.
826 6401 963 6456 4111494449
977 6403 1041 6456 Lac.
1055 6403 1083 6464 9,
1102 6401 1164 6468 il).
1177 6403 1284 6466 Boron,
1301 6403 1389 6455 Arrual.
1404 6417 1444 6456 ec·

485 6489 596 6542 clesiast.
615 6487 648 6540 ad
666 6503 764 6542 annum
784 6487 879 6542 Christi
895 6489 940 6542 44.
963 6505 990 6544 9.
1021 6491 1063 6544 ld.
1088 6491 1179 6556 494941,
1203 6491 1345 6542 Martialem
1370 6489 1442 6542 illurn

487 6577 566 6630 luisse
583 6579 739 6644 puerulum,
758 6577 792 6628 de
810 6593 864 6644 quo
883 6579 1002 6632 Andreas
1019 6579 1081 6630 olim
1095 6579 1206 6630 14949499
1224 6577 1326 6642 roganti
1344 6577 1444 6630 dixerat

487 6665 619 6734 [19944.6,
632 6663 686 6734 9.]4
698 6667 748 6720 Est
758 6679 827 6734 pner
840 6667 996 6722 4191499994
1009 6667 1221 6736 quinquepunes
1234 6667 1337 6720 9191999
1346 6667 1442 6734 pisces.

488 6753 585 6806 Verum
605 6767 666 6806 9949
680 6755 780 6818 dicunt,
798 6753 885 6820 ipsum
906 6769 990 6808 unum
1009 6755 1088 6806 luisse
1107 6769 1137 6806 ex
1155 6751 1326 6820 septuaginta
1338 6751 1443 6806 dnobus

488 6839 638 6908 disct'pnlis,
657 6855 726 6906 opus
743 6847 797 6904 944,
815 6847 843 6894 94
861 6845 1005 6904 9414449991,
1023 6857 1076 6896 999
1093 6843 1130 6894 449
1142 6847 1227 6894 994949
1240 6843 1317 6892 luisse
1330 6855 1443 6904 puerum

388 6915 390 6920 ’
487 6927 666 6988 nominatum,
684 6931 732 6982 sed
750 6943 824 6980 49949
845 6929 1026 6982 Hebraeorum
1045 6935 1093 6982 etc.
1113 6925 1165 6980 Clr.
1181 6925 1285 6982 Cornel.
1304 6941 1319 6978 a
1345 6927 1443 6992 Lepide

1085 631 1279 700 COMMENT.
1302 633 1341 702 IN
1363 625 1602 702 animantiam
1627 625 1745 700 LUChE
1769 631 1800 698 C.
1826 633 1874 700 lX.

1505 811 1656 880 bitraotes
1671 837 1703 876 4.
1732 835 1749 868 «
1765 809 1827 876 Hoc
1849 811 1933 876 euim
1958 809 2070 876 sentite
2092 809 2126 874 in
2147 809 2253 888 cebir,
2275 809 2361 892 quod
2383 811 2462 876 9449

1505 915 1740 994 christetem,
1764 913 1834 998 994,
1859 931 1930 982 eum
1955 915 1987 982 in
2017 915 2120 982 lorma
2141 913 2197 982 1494
2220 921 2318 994 94494,
2349 921 2462 982 499494-

1505 1021 1609 1108 ipsum
1634 1019 1822 1102 exinanivit,
1837 1021 1970 1088 formam
1990 1021 2073 1089 49444
2087 1021 2244 1106 999494994
2255 1045 2285 1084 a.
2304 1021 2352 1088 Sic
2369 1021 2463 1090 etiam

1505 1129 1637 1194 iaciebat
1658 1125 1838 1212 Apostolus,
1859 1127 2031 1194 secuudum
2057 1127 2133 1192 illud
2156 1127 2276 1212 primae
2296 1127 2333 1192 ad
2355 1127 2462 1194 Corin-

1506 1231 1587 1300 thios
1602 1251 1686 1300 nono
1697 1233 1725 1296 ⁶:
1748 1231 1853 1300 «Cum
1871 1251 1968 1300 essem
1988 1235 2066 1300 liber
2081 1249 2124 1300 ex
2142 1231 2305 1312 94994994,
2320 1233 2461 1300 omnium

1505 1355 1556 1404 me
1577 1355 1707 1406 servum
1722 1335 1780 1404 leci
1799 1363 1833 1418 »3
1859 1345 1890 1404 et
1912 1339 2031 1424 primae
2048 1337 2085 1406 ad
2109 1335 2398 1404 Thessalonicenses
2415 1355 2463 1404 se-

1505 1441 1626 1510 cundo:
1654 1467 1671 1502 «
1687 1441 1768 1510 Facti
1793 1461 1902 1510 sumus
1927 1443 2106 1530 994491449
2129 1439 2232 1510 medio
2254 1441 2367 1522 494444,
2393 1449 2462 1510 494-

1505 1567 1599 1634 quam
1625 1549 1649 1616 44
1674 1549 1785 1616 nutrix
1809 1551 1910 1618 loveat
1933 1551 2013 1618 lilios
2036 1569 2112 1618 suos
2126 1577 2157 1616 4.
2517 1543 2518 1548 ’

1593 1657 1646 1720 89.
1684 1655 1788 1720 494449
1818 1673 1893 1722 vero
1926 1657 2129 1744 subiungitur
2154 1653 2319 1744 perfectae
2351 1655 2463 1724 landis
2482 1675 2584 1720 rentum.

1505 1761 1670 1828 conclusio
1693 1779 1750 1846 per
1772 1761 1968 1830 definitivum
1991 1763 2161 1844 iudicium,
2185 1783 2256 1832 cum
2280 1765 2341 1832 ait:
2372 1765 2463 1834 Nam

1504 1869 1564 1956 qni
1583 1869 1696 1936 9444494·
1728 1877 1774 1934 994
1799 1869 1882 1936 inter
1913 1887 2121 1948 aesomnes,
2144 1887 2201 1956 per
2231 1873 2461 1954 reputationem

1504 1981 1535 2042 et
1559 1975 1785 2054 bumilitatem,
1816 1973 1870 2040 bic
1890 1975 2003 2042 949494
2033 1983 2094 2054 944,
2119 1975 2293 2042 seeundum
2324 1976 2463 2044 divinam

1504 2083 1714 2164 acceptionem
1747 2087 1777 2146 et
1801 2079 1975 2148 veritatem.
2006 2081 2152 2150 llinimus
2176 2101 2250 2168 ergo
2282 2089 2328 2150 est
2360 2083 2463 2150 maxi·
2483 2099 2613 2146 9494449.

1504 2205 1590 2266 9494,
1608 2193 1638 2254 94
1658 2189 1734 2266 1499,
1749 2187 1824 2272 quia
1839 2187 1877 2254 ad
1894 2195 2007 2274 magna
2023 2189 2162 2274 praemia
2177 2187 2355 2270 9441499194,
2369 2189 2463 2258 iuxta

1503 2291 1581 2360 illud
1607 2293 1686 2358 iufra
1708 2293 1828 2360 decimo
1853 2301 1961 2362 994949
1976 2295 2001 2362 ⁷:
2033 2293 2122 2380 «Qui
2146 2311 2179 2362 se
2204 2293 2352 2362 humiliat
2373 2293 2462 2362 exal-

1503 2401 1671 2468 labitur».
1695 2401 1727 2466 Si
1746 2401 1823 2468 haec
1847 2407 1893 2468 est
1921 2419 1977 2488 per
1999 2419 2034 2470 se
2057 2419 2130 2470 vera
2147 2411 2297 2488 tanquam
2319 2401 2374 2470 1494
2392 2419 2463 2470 499-

1504 2509 1618 2590 499449,
1641 2509 1695 2594 994
1722 2509 1818 2596 magis
1844 2527 1875 2576 se
1900 2497 2058 2590 bumiliat‘,
2083 2509 2249 2578 4119949494
2274 2515 2337 2590 est,
2360 2511 2462 2596 94994

1503 2617 1660 2696 maxime,
1677 2617 1729 2682 ille
1744 2623 1792 2682 est
1806 2617 1976 2684 maximus.
1992 2653 2037 2664 -
2053 2617 2088 2682 Et
2105 2617 2184 2684 ratio
2196 2617 2294 2684 huius
2309 2625 2370 2698 est,
2387 2617 2463 2704 9949
2480 2631 2544 2676 batto
2557 2629 2580 2674 t·

1503 2731 1622 2810 quanto
1644 2741 1755 2790 sumus
1772 2723 1972 2802 humiliores
1988 2731 2073 2788 tanto
2099 2741 2209 2788 sumus
2225 2743 2241 2788 a
2266 2731 2392 2790 tumore
2409 2743 2463 2790 su-

1502 2831 1629 2914 perbiae
1653 2827 1824 2908 inaniorem
1850 2835 1878 2894 94
1904 2835 2021 2912 quanto
2043 2827 2199 2894 inaniores
2223 2847 2240 2894 a
2261 2835 2385 2894 4949949
2409 2847 2463 2896 su-

1502 2935 1644 3020 perbiae,
1677 2937 1762 2998 tanto
1795 2933 1950 3016 pleniores
1978 2931 2159 3010 dileotloue;
2190 2939 2223 2998 et
2252 2939 2370 3016 quanto
2403 2933 2462 3000 hac

1502 3039 1677 3124 pleniores,
1702 3043 1790 3104 49949
1807 3037 1951 3104 maiores.
1977 3039 2021 3104 149
2040 3037 2106 3124 4949
2121 3037 2208 3106 99449
2230 3037 2380 3106 scribitur
2397 3039 2462 3124 pri-

1502 3163 1572 3212 mae
1604 3145 1643 3210 ad
1672 3141 1851 3210 Corinthios
1879 3141 2001 3210 decimo
2025 3141 2117 3210 tertio
2133 3143 2165 3208 8:
2194 3169 2211 3202 «
2234 3143 2331 3208 419494
2354 3151 2461 3210 autem

1504 3253 1620 3318 horum
1656 3253 1703 3316 est
1736 3249 1851 3316 caritas
1870 3275 1907 3330 »3
1940 3257 1972 3316 et
2005 3247 2074 3316 ideo
2106 3249 2310 3316 Ecclesiastloi
2347 3239 2459 3316 tertio:

1507 3385 1525 3416 «
1541 3357 1665 3442 Quanto
1686 3373 1819 3440 magnus
1844 3373 1891 3436 94,
1916 3355 2046 3420 humilia
2069 3363 2100 3422 49
2121 3355 2154 3420 49
2170 3355 2332 3434 omnibus
2355 3359 2389 3420 et
2410 3373 2462 3422 co-

1502 3479 1572 3528 ram
1606 3461 1671 3526 4499
1705 3459 1845 3526 49499494
1877 3461 2011 3546 gratiam
2036 3485 2070 3538 »3
2105 3465 2137 3526 94
2170 3475 2285 3526 rursus
2318 3459 2460 3528 decimo:

1509 3595 1526 3628 «
1541 3569 1670 3652 llaguus
1692 3571 1739 3632 est
1763 3565 1860 3634 iudex
1883 3575 1914 3634 el
1936 3571 2046 3652 potens
2062 3565 2094 3632 in
2110 3565 2247 3646 honore,
2266 3565 2320 3632 sed
2336 3583 2398 3632 non
2413 3575 2461 3634 est

1502 3675 1603 3742 maior
1625 3691 1664 3742 eo
1686 3673 1740 3758 qui
1759 3673 1848 3742 timet
1869 3675 1968 3742 1499444
1985 3701 2017 3738 ».
2042 3711 2084 3724 —
2106 3673 2163 3738 Vel
2186 3673 2256 3740 ideo
2279 3673 2391 3740 944994·
2413 3679 2462 3742 944
2478 3687 2541 3732 Ratio
2555 3687 2578 3730 2·

1502 3779 1617 3858 maior,
1643 3777 1731 3866 quia,
1756 3787 1873 3863 quanto
1898 3779 1969 3864 quis
1984 3765 2146 3858 humilior,
2168 3785 2256 3844 tanto
2278 3777 2403 3846 Christo
2418 3779 2461 3846 44-

1502 3889 1616 3964 milior,
1641 3893 1670 3952 94
1686 3903 1743 3970 994
1760 3887 1820 3952 1499
1836 3895 1921 3954 49949
1938 3885 1965 3952 94
1981 3885 2175 3970 9494494494;
2194 3883 2337 3952 Christus
2352 3891 2460 3952 autem

1502 3999 1549 4060 est
1580 3991 1756 4070 maximum
1788 3991 1842 4058 sed
1869 3997 1986 4078 999949
2018 3991 2132 4078 91494444
2162 3991 2301 4058 maximo
2331 3991 2460 4076 propin-

1502 4099 1606 4182 quior,
1631 4102 1717 4163 tanto
1739 4095 1857 4162 maior:
1882 4105 2000 4182 quanto
2024 4115 2097 4182 ergo
2129 4095 2202 4182 quis
2224 4097 2341 4174 minor,
2375 4103 2460 4162 tanto

1502 4201 1620 4278 maior;
1649 4205 1680 4264 et
1704 4199 1764 4266 hoc
1793 4201 1950 4286 estquod
1976 4201 2041 4288 ipse
2075 4201 2176 4267 innuit
2199 4199 2280 4266 infra
2312 4201 2460 4284 vigesimo

1503 4305 1680 4376 secundo⁹z
1710 4309 1804 4394 «Ego
1828 4315 1933 4374 autem
1949 4309 1980 4374 in
2007 4309 2106 4374 medlo
2130 4315 2272 4376 restrum
2294 4325 2382 4388 sum,
2398 4309 2462 4376 sio·

1502 4421 1538 4480 ut
1562 4413 1616 4500 qui
1649 4411 1805 4481 ministrat
1829 4443 1857 4480 4.
1888 4415 1923 4481 El
1955 4413 2023 4482 ideo
2054 4413 2194 4480 dicebat:
2231 4413 2329 4498 «Qui
2361 4413 2460 4480 maior

1503 4529 1549 4590 944
1574 4521 1605 4588 49
1629 4519 1717 4588 robis
1739 4521 1794 4588 fiat
1819 4521 2034 4602 sicutminor,
2059 4521 2166 4608 etqui
2191 4537 2374 4608 praecessor
2395 4527 2460 4600 est,

1504 4629 1586 4696 sieut
1614 4627 1809 4696 ministrator
1833 4653 1868 4708 »3
1887 4635 1917 4696 et
1949 4631 2041 4696 419494
2071 4647 2169 4696 nouo:
2199 4627 2362 4716 «Siquis
2392 4629 2460 4696 4914

1503 4735 1626 4820 primus
1655 4751 1742 4816 esse,
1774 4737 1836 4804 erit
1865 4735 2007 4804 omnium
2036 4735 2226 4804 norissimus
2257 4741 2287 4802 94
2318 4735 2460 4804 omnium

1503 4843 1710 4924 minister»,
1741 4843 1817 4928 quia
1844 4843 1960 4912 dicitur
1991 4843 2134 4912 llatthaei
2167 4843 2342 4928 vigesimo:
2369 4869 2385 4904 4
2411 4843 2461 4910 Sic
2543 4841 2544 4844 ’

1505 5163 1529 5214 49
1549 5163 1638 5216 Μ94414.
1656 5163 1705 5226 48,
1723 5165 1749 5216 4.
1768 5163 1874 5216 Simeon
1892 5165 2088 5230 lletaphrastes‚
2110 5163 2185 5216 Vitae
2204 5163 2334 5226 Senator,
2358 5163 2384 5214 in
2407 5161 2459 5214 vita

1506 5251 1531 5304 S.
1551 5251 1639 5314 ignatii
1659 5251 1695 5318 (l.
1707 5251 1845 5320 Februar.)
1866 5253 1992 5318 insinuat,
2003 5253 2142 5318 puerulum
2157 5251 2236 5304 istum
2251 5251 2329 5304 luisse
2349 5253 2376 5306 S.
2390 5251 2461 5316 lgna·

1505 5339 1584 5402 tium,
1602 5339 1685 5404 episc.
1702 5339 1821 5392 49449944.
1838 5335 1890 5392 Ctr.
1916 5339 2015 5404 btigne,
2033 5341 2127 5392 Patrol.
2150 5341 2262 5402 Graeca,
2288 5345 2351 5392 lom.
2376 5341 2400 5392 5.
2414 5341 2461 5394 col.

1505 5429 1567 5480 645.
1584 5431 1611 5480 94
1631 5431 1655 5482 Ρ.
1675 5429 1786 5492 11911944,
1807 5429 1866 5482 Vita
1885 5429 1910 5482 S.
1931 5429 2029 5494 ignatii.

1575 5513 1586 5546 ³
1606 5521 1680 5572 Vero.
1696 5519 1737 5572 444.
1751 5547 1785 5558 -
1799 5521 1856 5572 1499
1875 5533 1947 5586 seqq.
1961 5519 2010 5572 loci
2023 5525 2082 5572 sunt
2095 5521 2136 5572 Ρ4.
2154 5521 2215 5584 137,
2231 5521 2256 5572 d.
2267 5525 2295 5572 et
2308 5521 2364 5574 1494.
2375 5521 2424 5584 66,
2436 5521 2462 5572 4.

1556 5603 1640 5662 ’4149
1658 5607 1781 5662 Ambros.
1801 5609 1865 5676 (llll.
1888 5609 1913 5662 iu
1938 5611 2001 5662 Luc.
2018 5623 2047 5660 n.
2071 5607 2137 5676 444,
2163 5609 2247 5674 Beda,
2273 5607 2351 5662 Card.
2370 5609 2460 5674 Hugo,

1505 5699 1533 5752 B.
1553 5695 1663 5764 tilbert,
1683 5701 1707 5752 S.
1722 5699 1818 5753 Thoar.
1830 5697 1895 5768 (Cat.
1916 5713 1995 5752 aurea
2008 5699 2034 5750 in
2052 5701 2116 5752 Luc.
2131 5699 2157 5752 9.
2182 5713 2205 5752 n.
2222 5687 2232 5750 1
2240 5697 2275 5762 d.)
2291 5705 2315 5752 et
2327 5701 2460 5764 Lyranus3

1506 5789 1618 5852 Vulgata
1631 5795 1656 5842 et
1676 5789 1743 5842 Vat.
1754 5787 1891 5858 receperit.
1903 5817 1939 5826 —
1951 5789 2041 5842 Glossa
2060 5785 2202 5842 ordinaria
2224 5785 2264 5854 (94
2277 5787 2398 5840 Ambros.
2413 5779 2462 5840 loc.

1506 5875 1560 5944 944.)
1579 5877 1606 5930 49
1625 5879 1687 5932 Luc.
1711 5877 1742 5942 9,
1760 5875 1809 5930 484
1838 5877 1888 5944 Qui
1909 5877 2069 5930 'imitatorem
2096 5877 2190 5930 Christi
2215 5875 2308 5940 recipit
2330 5875 2462 5928 Christum

1506 5965 1614 6034 recipit,
1631 5973 1656 6018 et
1682 5965 1726 6032 qui
1746 5965 1887 6030 imaginem
1911 5965 1956 6018 1494
1983 5965 2074 6032 recipit
2101 5967 2183 6018 Deum
2207 5965 2309 6030 recipit.
2327 5991 2363 6004 -
2381 5965 2462 6028 Supe-

1507 6055 1563 6106 rius
1580 6069 1630 6120 949
1648 6053 1837 6108 9994944194949
1856 6055 1878 6106 14
1895 6053 2068 6110 volantatem.
2111 6077 2113 6080 ·

1554 6139 1681 6196 441944.
1701 6145 1757 6196 3-6.

1577 6229 1589 6262 ⁶
1611 6233 1683 6284 Vers.
1704 6233 1751 6294 19,
1770 6241 1829 6296 9944
1849 6233 1966 6298 999491.
1988 6233 2079 6286 These.
2099 6235 2128 6296 4,
2147 6231 2174 6286 4.

1541 6365 1542 6368 ,
1577 6317 1587 6350 l
1607 6321 1684 6372 Vers.
1702 6319 1744 6372 14.
1763 6347 1799 6360 -·
1816 6321 1927 6384 htrgust.
1948 6319 1977 6374 in
1996 6324 2011 6373 l.
2037 6321 2115 6388 Epist.
2139 6325 2208 6374 toan.
2224 6325 2254 6372 tr.
2278 6321 2300 6370 l.
2318 6331 2346 6370 9.
2364 6319 2399 6370 tiz
2419 6319 2464 6370 Su·

1507 6403 1599 6470 9941449
1618 6407 1758 6472 exstinguit
1777 6407 1925 6472 caritatem
1943 6409 2075 6460 humilitas
2101 6421 2166 6472 ergo
2189 6407 2297 6460 roborat
2319 6405 2463 6458 caritatem.

1505 6519 1543 6532 -
1561 6495 1719 6558 sequentem
1739 6495 1866 6546 rationem
1879 6495 1949 6548 idem
1970 6493 2048 6548 hahet
2060 6497 2121 6550 Vlll.
2145 6497 2178 6550 de
2191 6493 2264 6546 Τ449.
2286 6507 2309 6544 c.
2331 6493 2356 6544 8.
2376 6493 2463 6546 4414.

1506 6583 1597 6646 quoad
1615 6583 1769 6634 sententiam
1790 6589 1814 6640 et
1832 6595 1863 6634 94
1880 6583 1969 6648 914999
1987 6589 2061 6648 parte
2080 6583 2157 6634 etiam
2177 6579 2346 6634 verbotenus·

1577 6667 1589 6700 ⁸
1610 6671 1683 6724 Vers.
1703 6671 1744 6724 13.
1758 6673 1863 6724 -1499
1881 6685 1956 6738 seqq.
1975 6669 2238 6738 19944994499148,
2257 6673 2301 6724 46.
2313 6675 2340 6724 94
2360 6673 2402 6738 40,
2420 6671 2465 6726 47.

1577 6757 1589 6788 ⁹
1610 6759 1684 6810 llere.
1705 6759 1748 6812 44.
1766 6765 1793 6812 94
1815 6761 1860 6812 46.
1875 6789 1912 6798 -
1931 6759 2048 6814 Subinde
2065 6761 2210 6824 allegantur
2231 6761 2308 6814 lllare.
2332 6763 2361 6828 9,
2373 6763 2418 6818 34.
2438 6769 2465 6816 94

1507 6845 1595 6898 Matth.
1615 6847 1664 6910 49,
1686 6847 1730 6898 16.
1747 6877 1784 6886 -
1801 6849 1919 6916 aristot,
1939 6851 1982 6902 lV.
2000 6849 2113 6914 hletaph.
2132 6853 2190 6902 4944.
2218 6851 2259 6904 18.
2280 6851 2331 6918 (111.
2351 6867 2374 6906 9.
2395 6853 2419 6904 4.
2436 6853 2465 6906 49

1507 6931 1584 7000 line):
1605 6933 1682 6996 Qtlod
1700 6937 1786 7000 magis
1803 6941 1844 6988 est
1866 6935 2043 7004 propinquius
2060 6943 2109 6990 est.
