5900 8266
804 601 858 658 loa
1178 517 1218 584 IN
1239 517 1533 586 COMMENTARIOS
1556 523 1587 586 S.
1610 519 1837 588 Scalabitana
2158 607 2211 660 1οΑ
2441 517 2503 582 769

510 689 737 754 praeparandum,
766 697 795 744 ut
822 691 927 746 nuntius
953 691 985 744 ad
1005 691 1151 756 hospitium
1241 693 1829 760 -utdarettestimoniumacceptnm‚non
1865 707 2029 760 synagogam
2048 691 2505 760 ludaeorum'dispergebatetgen·

510 775 695 844 accipiendam
720 781 753 832 Vl
779 779 832 834 511
850 795 875 832 v.
897 781 968 832 6-
984 781 1152 854 praeconiza-
1188 779 1416 848 quibuscumque,
1436 781 1482 834 sed
1502 781 1692 850 quaerentibus
1716 787 1741 834 ει
1762 781 1829 834 scire
1865 783 1930 836 tiurn
1950 783 2088 834 varietates
2106 783 2134 836 in
2153 785 2278 836 unitatem
2299 783 2428 836 Ecclesiae
2446 795 2505 834 con·

511 865 753 934 vitpraedicando,
773 871 820 922 ircr
835 869 1002 934 praeparavit
1021 867 1152 934 baptizan·
1189 869 1340 922 volentibas
1362 867 1520 934 perhibebat
1544 871 1578 922 Vl
1604 871 1712 922 96383
1735 895 1772 910 -··
1793 883 1830 922 ne
1865 869 1995 934 gregabat
2012 871 2046 924 70
2069 871 2078 922 1
2100 899 2137 910 -
2155 871 2333 924 convertendo
2346 871 2457 924 ludaeos
2469 871 2505 924 ad

511 957 559 1024 do,
581 959 723 1024 hospitium
742 959 846 1024 accepit
861 957 942 1012 corda
963 957 1098 1010 hominum
1115 957 1152 1012 ad
1189 959 1366 1012 testimonium
1393 963 1461 1012 esset
1483 963 1650 1024 suspectum,
1673 973 1724 1012 non
1748 971 1776 1012 se
1794 957 1829 1010 ad
1853 959 1947 1012 'iidem
1960 957 2137 1024 praeparabat
2147 971 2195 1012 eos
2206 961 2241 1012 ad
2257 959 2348 1012 Christi
2363 961 2506 1012 adventum

512 1047 592 1102 tidem
609 1047 704 1102 Christi
724 1047 902 1100 convertendo
918 1045 982 1100 ibid.
1000 1075 1036 1088 -·
1048 1047 1152 1100 loannis
1189 1047 1397 1100 annuntiandum
1423 1045 1563 1112 ingerebat
1589 1043 1652 1100 ibid.
1670 1045 1779 1098 -Non
1804 1045 1830 1098 in
1868 1047 1901 1098 17
1919 1047 1956 1100 97
1973 1053 2112 1100 -rectas
2132 1049 2252 1102 iaciendo
2272 1047 2379 1100 semitas
2396 1047 2506 1114 parabat

512 1141 540 1190 ut
557 1137 736 1202 praecursoris
755 1141 810 1188 erat
824 1137 981 1202 pertransire
992 1137 1038 1190 Vll
1050 1137 1086 1188 38
1100 1137 1151 1188 118
1189 1139 1311 1192 loannem
1332 1141 1388 1188 erat
1399 1135 1577 1200 credendum,
1594 1135 1641 1188 sed
1659 1147 1710 1198 per
1727 1135 1830 1186 eumin
1868 1135 1978 1186 Domino
2000 1135 2101 1200 plebem
2123 1137 2264 1202 perlectam
2282 1133 2345 1190 t'br'd.

511 1227 613 1278 -eias
623 1225 737 1288 dignitas
746 1223 873 1276 extribus
884 1225 1078 1278 demonstratur
1090 1225 1152 1278 717
1188 1239 1250 1278 eum
1275 1225 1322 1292 qni
1349 1231 1476 1276 venturus
1507 1223 1628 1276 ε1ε1951
1647 1223 1677 1274 19
1704 1249 1737 1258 -
1764 1223 1831 1274 testi·
1919 1249 1955 1264 ·-
1973 1225 2046 1288 prius
2063 1223 2126 1276 vixit
2145 1223 2196 1276 sibi
2216 1225 2319 1276 occulte
2336 1223 2505 1288 perlongum

512 1313 837 1366 -habuitaactoritatem
848 1327 897 1378 per
906 1313 1056 1368 missionem
1072 1313 1152 1368 abeo
1190 1315 1307 1368 manium
1336 1313 1468 1380 perhibuit
1491 1311 1594 1366 veritati
1618 1311 1652 1366 ab.
1678 1311 1712 1364 90
1740 1339 1776 1350 -
1796 1315 1832 1362 te
1869 1317 1985 1378 tempas,
2006 1317 2067 1378 post
2084 1317 2205 1366 ostensus
2223 1313 2279 1366 aliis
2298 1313 2332 1366 ad
2351 1315 2460 1366 salutern
2481 1313 2507 1364 il·

513 1405 545 1456 Vl
565 1401 615 1456 950
638 1403 669 1454 18
689 1429 725 1440 ·-
742 1403 890 1456 Auctoritas
908 1405 933 1454 et
953 1403 1067 1456 alliciam
1084 1405 1152 1456 loan·
1190 1403 1341 1458 stimonium
1366 1403 1500 1476 subiciens
1527 1399 1675 1468 perhibuit,
1701 1399 1761 1454 licet
1778 1413 1832 1452 aon
1868 1399 2505 1456 1111111113111-οε1εεεεεεειιεεεειῑε

513 1493 552 1546 nis
569 1495 624 1544 erat
644 1503 815 1558 praecurrere
837 1495 860 1544 ει
879 1493 1063 1558 praenuntiare
1083 1491 1152 1546 Chri·
1189 1507 1281 1546 omnes
1299 1493 1326 1544 ei
1343 1491 1504 1546 crediderint
1529 1489 1565 1546 16.
1584 1493 1617 1544 99
1646 1519 1680 1528 --
1700 1503 1831 1544 commen·
1868 1489 2064 1558 praedicatione
2080 1489 2197 1542 virtuosa
2215 1487 2276 1544 ibid.
2296 1519 2331 1530 -
2348 1491 2405 1542 eius
2430 1505 2505 1556 prae·

512 1585 581 1632 stum
601 1579 753 1632 1111797
777 1607 812 1620 --
835 1581 1013 1636 praecursoris
1035 1581 1152 1636 alliciam
1190 1583 1233 1636 dat
1246 1581 1379 1636 Christum
1393 1587 1521 1648 quantum
1534 1583 1569 1634 ad
1582 1579 1629 1634 tria
1642 1579 1685 1632 Vll
1699 1579 1732 1632 79
1748 1579 1779 1632 38
1796 1609 1832 1618 -
1868 1581 1963 1636 dicatio
1982 1579 2217 1634 commendatura
2243 1579 2288 1630 zali
2315 1579 2451 1632 severitate
2469 1579 2505 1632 73

479 1659 480 1662 ’
513 1675 551 1722 εει
576 1669 609 1720 ad
639 1667 771 1722 Christum
790 1669 893 1720 mittere
910 1669 992 1722 verbo
1014 1671 1108 1736 pariter
1127 1677 1153 1726 et
1190 1671 1357 1738 commendat
1370 1669 1644 1738 Christum‘quantum
1655 1669 1692 1720 ad
1707 1669 1831 1722 iustitiam
1871 1669 1902 1722 11
1916 1669 2199 1724 -Verbumloannis
2215 1667 2391 1732 eratigneum
2404 1669 2439 1720 Vl
2453 1667 2505 1720 391

512 1757 612 1822 allicio,
632 1759 684 1808 tam
705 1757 800 1810 scilicet
813 1759 991 1822 praedicando
1013 1773 1093 1828 quam
1109 1759 1153 1812 ba·
1190 1757 1368 1812 retributionis
1388 1757 1419 1812 a'b.
1442 1757 1473 1810 10
1869 1759 1902 1812 57
1924 1759 1951 1812 l*
1968 1787 2005 1800 -·
2022 1759 2187 1824 praedicavit
2203 1757 2336 1812 scientiam
2352 1757 2442 1810 salutis
2453 1759 2506 1822 spi·

512 1845 636 1914 ptizandu
651 1843 748 1900 17336
764 1849 1059 1904 -eiusauctoritasin
1079 1861 1154 1912 prae·
1243 1847 1442 1914 -aliquando
1460 1847 1545 1902 dictas
1569 1853 1607 1900 est
1627 1851 1769 1914 propheta,
1788 1849 1831 1900 ali·
1867 1849 1966 1902 ritualis
1997 1849 2039 1902 Vll
2069 1849 2096 1902 ιι
2132 1849 2184 1902 137
2204 1875 2242 1888 -
2262 1845 2432 1916 promittebat
2449 1861 2506 1912 gra·

417 1927 418 1930 ’
512 1935 624 1992 dicando
643 1939 842 1992 commendatur
858 1937 928 1990 716
1010 1993 1011 1996 ¹
1191 1937 1297 2002 quando
1318 1937 1422 1988 lucerua
1444 1937 1474 1988 Vl
1496 1935 1548 1988 511
1576 1951 1599 1990 v.
1621 1939 1653 1990 93
1673 1963 1709 1978 --
1727 1937 1776 1992 luit
1794 1939 1831 1990 la·
1868 1939 1930 1990 tiam
1949 1943 1974 1990 et
1993 1939 2100 1992 salutem
2116 1939 2166 1990 399
2183 1939 2332 1990 lii-eius
2345 1937 2506 2002 praedicatio

564 2035 605 2068 -'
619 2025 712 2078 habuit
728 2027 845 2078 alliciam
863 2023 1008 2086 excitandi,
1034 2035 1153 2074 commo·
1190 2037 1280 2086 cerna,
1298 2023 1360 2090 quia
1385 2025 1521 2076 raritatem
1540 2025 1653 2078 ostendit
1678 2025 1703 2076 in
1721 2039 1831 2078 conver·
1867 2027 2043 2092 principaliter
2063 2027 2095 2080 ad
2117 2027 2248 2080 Christum
2266 2027 2385 2080 ordinata
2404 2027 2451 2080 luit
2471 2027 2500 2076 8-1

513 2115 593 2168 nendi
611 2119 639 2166 ει
662 2113 813 2164 consolandi
840 2111 933 2164 111179
956 2111 987 2164 10
1008 2107 1153 2162 -habuit
1190 2111 1289 2162 satione
1307 2109 1371 2164 ibid.
1391 2139 1424 2148 —
1444 2111 1491 2164 luit
1510 2113 1613 2164 lucerna
1634 2113 1728 2164 ardens
1751 2113 1776 2164 in
1797 2115 1830 2164 at·
1868 2113 1901 2166 17
1919 2117 2049 2166 —Anno
2069 2115 2143 2168 tertio
2172 2115 2307 2180 pusicius
2333 2115 2504 2180 praedicatio·

513 2203 629 2254 cilicium
649 2199 834 2252 commanendi
849 2197 938 2264 quoad
958 2195 1152 2250 observantiam
1191 2201 1260 2250 lecta
1278 2211 1327 2262 per
1344 2199 1495 2262 caritatem,
1514 2199 1602 2252 ltrceus
1626 2201 1652 2252 in
1671 2203 1764 2252 ellectu
1782 2213 1830 2266 per
1868 2215 1929 2254 nem
1947 2199 2064 2254 Christus
2079 2207 2171 2266 aperte
2186 2203 2346 2266 praedicavit
2367 2203 2397 2254 17
2418 2203 2451 2256 98
2470 2233 2506 2242 -

514 2289 709 2350 mandatorum,
722 2287 891 2338 consiliorum
905 2293 929 2340 ει
939 2289 1024 2338 rectas
1035 2287 1153 2338 latentia
1191 2293 1308 2338 sanchm
1336 2287 1516 2350 operationem
1541 2287 1593 2340 515
1624 2303 1649 2340 v.
1668 2289 1703 2340 93
1720 2315 1758 2326 -
1775 2293 1830 2340 erat
1868 2291 1923 2342 eius
1943 2289 2101 2354 praedicatio
2119 2287 2166 2342 luit
2178 2291 2352 2354 praetigurata
2367 2293 2390 2342 in
2404 2293 2506 2356 praedi·

513 2391 573 2442 εεε,
598 2375 781 2440 cogitationes,
804 2375 967 2442 affectiones,
995 2375 1152 2438 locutiones,
1190 2377 1233 2428 lna
1259 2375 1407 2428 illuminans
1436 2375 1602 2440 dispositive,
1632 2389 1684 2428 non
1711 2377 1830 2428 effective
1868 2377 1970 2430 catione
1989 2377 2071 2440 bloysi
2090 2375 2151 2430 ibid.
2171 2377 2400 2444 -praedicando
2424 2379 2505 2432 inlun-

514 2467 639 2532 actiones,
653 2463 787 2530 passiones
796 2469 824 2518 et
839 2463 1025 2518 retributiones
1033 2461 1103 2528 ibid,
1119 2465 1147 2516 11
1191 2463 1236 2518 951
1263 2465 1293 2516 93
1309 2491 1344 2504 ·-
1356 2471 1412 2518 erat
1424 2467 1530 2518 lucerna
1543 2467 1639 2518 ardens
1655 2465 1830 2530 pergratiam
1868 2465 1948 2518 debat
1963 2465 1989 2518 in
2004 2467 2117 2530 populos
2129 2467 2289 2530 spiritualem
2303 2467 2457 2520 Sanctorum
2471 2467 2507 2520 in·

514 2581 548 2594 -
568 2555 615 2608 luit
639 2557 718 2608 homo
743 2559 770 2606 et
791 2555 888 2608 dicitur
914 2553 1025 2620 angelus
1049 2553 1151 2608 ratione
1190 2555 1231 2608 vel
1251 2553 1385 2608 caritatem
1403 2563 1430 2608 et
1448 2555 1536 2606 lucens
1556 2567 1603 2618 per
1624 2553 1769 2608 doctrinam
1787 2553 1830 2606 vei
1868 2555 2034 2620 telligentiam
2052 2553 2115 2608 1511.
2134 2569 2238 2620 -per
2255 2557 2456 2608 conversionem
2469 2557 2505 2610 ad

515 2645 592 2698 cilicii
619 2643 654 2698 Vl
679 2643 729 2698 950
752 2645 783 2696 18
803 2671 839 2680 -
855 2647 966 2698 vocatus
977 2649 1024 2698 est
1040 2645 1152 2708 angelus
1190 2643 1261 2698 vitae
1278 2647 1442 2698 honestatem
1460 2643 1512 2696 311
1531 2643 1566 2696 63
1586 2671 1621 2680 -
1640 2641 1743 2696 lucebat
1756 2641 1830 2710 quasi
1868 2643 1949 2698 iidem
1967 2645 2095 2710 populum
2110 2643 2284 2710 praeparabat
2300 2645 2341 2698 εει
2352 2645 2445 2700 Christi
2458 2647 2505 2698 ad·

515 2733 565 2788 518
587 2737 601 2788 9
621 2761 657 2774 -
674 2733 772 2786 dicitur
788 2735 898 2800 augelus
914 2747 969 2786 non
988 2731 1152 2800 simplicitate
1190 2735 1293 2788 lucerna
1314 2733 1495 2788 manuducens
1522 2733 1556 2786 ad
1576 2733 1659 2786 lucem
1690 2747 1779 2786 veram
1805 2737 1830 2786 ει
1869 2739 1974 2788 ventam
1992 2731 2264 2798 suscipiendumt'bid.

514 2829 638 2888 naturae,
656 2823 1020 2878 sedauctoritatedoctriuae
1038 2821 1151 2876 1111178
1190 2825 1331 2890 perlectam
1350 2823 1395 2878 Vll
1415 2821 1449 2876 17
1462 2825 1495 2874 98
1515 2851 1550 2860 -
1569 2827 1595 2875 ει
1618 2825 1721 2876 lucerna
1742 2837 1831 2876 manu·
1921 2825 2115 2878 -exhortetur
2127 2823 2255 2888 populum
2267 2823 2303 2876 ad
2315 2821 2506 2892 obedientiam,

515 2913 542 2968 51
561 2917 650 2966 -est
664 2911 773 2966 nuntius
789 2913 825 2964 ad
843 2913 954 2966 modam
966 2911 1073 2980 nageb,
1090 2913 1153 2980 quia
1191 2911 1304 2966 ducebat
1322 2915 1452 2980 papulam
1469 2911 1505 2964 ad
1522 2911 1664 2966 videndam
1685 2925 1774 2966 veram
1794 2913 1830 2964 la·
1868 2911 1975 2978 corripit
1994 2911 2140 2978 principem
2165 2911 2403 2978 praevaricantem,
2431 2915 2506 2967 susti·

515 3001 582 3054 vidit
599 3001 692 3054 taciem
712 2999 805 3054 Christi
825 3007 849 3052 et
866 3001 1022 3054 monstravit
1034 3001 1063 3054 in
1076 2999 1153 3054 carne
1190 3017 1249 3056 cem
1268 3001 1299 3056 ab.
1322 3001 1353 3054 97
1869 3007 1912 3056 εει
1931 3001 2112 3054 adversarium
2135 3007 2336 3070 persequentem
2356 3001 2399 3054 Vll
2420 3001 2447 3054 81
2473 3001 2505 3054 11

515 3087 576 3142 t'br'd.
1244 3097 1278 3130 '-·-
1297 3091 1345 3142 luit
1363 3103 1428 3154 vox,
1448 3091 1510 3158 quia
1528 3091 1665 3144 veritatem
1685 3091 1792 3156 protulit
1804 3091 1830 3142 in
1867 3121 1902 3130 —
1922 3079 2060 3144 eahortans
2078 3091 2274 3156 evangelizabat
2293 3093 2421 3156 poputum
2437 3091 2506 3144 bona

568 3181 696 3228 -ortus
723 3183 774 3240 est,
802 3191 862 3230 curn
884 3175 990 3230 venerat
1017 3177 1152 3244 plenitudo
1191 3181 1386 3244 praedicatione
1412 3181 1448 3232 Vl
1475 3179 1527 3232 515
1550 3197 1575 3232 v.
1599 3181 1633 3232 93
1651 3209 1689 3218 κ-
1706 3185 1776 3232 recte
1794 3181 1830 3232 di·
1869 3181 1892 3234 ei
1904 3181 2062 3232 annuntians
2079 3177 2255 3234 ibid-non
2267 3181 2400 3244 pertimuit
2413 3181 2507 3244 princi·
2583 3175 2584 3178 ’

516 3265 654 3332 temporis,
672 3265 700 3316 in
717 3279 772 3330 quo
790 3265 905 3318 debehat
923 3265 1014 3320 venire
1035 3265 1153 3320 Christus
1191 3267 1258 3320 citur
1276 3281 1327 3322 vox
1346 3267 1427 3322 Verbi
1447 3275 1473 3322 ut
1498 3269 1658 3334 praecedens
1684 3267 1828 3334 Christum,
1869 3283 1939 3334 pem,
1957 3283 2037 3336 quern
2058 3267 2163 3334 publice
2188 3269 2283 3334 arguit,
2309 3271 2370 3334 qaia
2400 3267 2506 3334 publice

408 3369 412 3380 ·
474 3395 475 3398 ,
515 3355 556 3406 Vll
578 3355 611 3406 35
633 3353 683 3406 105
704 3381 735 3390 »-
757 3357 831 3406 ortus
848 3359 889 3406 est
906 3355 1036 3418 perlectus
1061 3367 1154 3406 secun-²
1192 3357 1218 3406 ut
1237 3353 1417 3418 manifestans,
1440 3359 1467 3406 ut
1486 3355 1629 3420 transiens,
1646 3353 1750 3408 Christo
1775 3369 1830 3406 ma·
1870 3355 1995 3422 peccabat
2007 3355 2042 3410 t'b.
2057 3355 2271 3410 xib—sustinuit
2290 3357 2434 3410 adversarii
2447 3371 2504 3422 per·
2581 3387 2583 3392 .

515 3443 580 3496 dum
599 3455 690 3496 sexam
710 3447 734 3494 et
754 3441 899 3496 sacrandum
916 3443 1028 3506 gratiam
1047 3441 1082 3496 t'b.
1101 3443 1152 3494 106
1192 3447 1281 3504 neate,
1302 3447 1330 3494 ut
1348 3441 1448 3496 inutilis
1465 3443 1521 3494 sine
1539 3441 1641 3496 Christo
1668 3441 1719 3496 957
1740 3443 1772 3494 59
1795 3471 1828 3502 -κ
1870 3445 2029 3498 secutionem
2051 3443 2083 3498 ib.
2106 3445 2147 3496 16

516 3533 615 3584 —Per
636 3531 843 3596 magnitudinem
868 3529 986 3584 miraculi
1012 3543 1154 3596 cognosce·
1192 3529 1284 3582 dicitur
1306 3543 1371 3592 rrox,
1390 3529 1531 3596 quiasicat
1552 3545 1601 3584 vox
1616 3529 1728 3584 verbum
1749 3531 1831 3596 praeit
1922 3531 2144 3598 -praedicabat
2170 3535 2318 3586 indescrto
2342 3535 2453 3586 iudaeae
2474 3535 2505 3586 Vl

515 3619 592 3674 batur
609 3621 765 3686 magnitudo
783 3619 858 3686 pueri
879 3619 911 3674 37
934 3621 982 3672 118
998 3621 1154 3686 -Propter
1192 3619 1243 3672 987
1263 3619 1305 3670 51.
1326 3619 1370 3672 Vll
1385 3619 1419 3670 79
1435 3621 1466 3672 10
1480 3649 1515 3658 -
1532 3621 1580 3672 suit
1592 3633 1642 3672 vox
1656 3631 1830 3684 praecurrens
1870 3621 1921 3676 957
1941 3621 1972 3674 19
1994 3621 2215 3688 -praedicabat
2240 3621 2426 3688 poeaitentiam
2444 3621 2506 3676 ibid.

514 3711 636 3764 loannem
649 3717 731 3762 nrater
743 3715 770 3762 et
784 3715 858 3774 pater
872 3709 1021 3762 habuerunt
1032 3709 1153 3774 spbitum
1193 3707 1310 3764 Verbum
1326 3709 1357 3760 Vl
1373 3709 1423 3760 956
1439 3709 1470 3760 11
1481 3709 1663 3774 —Prophetia
1678 3709 1734 3760 eius
1747 3721 1830 3774 respe
1869 3711 1912 3764 Vll
1933 3711 1985 3762 339
2005 3709 2047 3764 16.
2063 3709 2152 3764 11131
2174 3739 2207 3750 -
2227 3715 2256 3764 ut
2267 3715 2397 3782 terrenam
2413 3711 2445 3764 de
2458 3717 2506 3764 ter-

515 3799 666 3864 prophetiae
683 3799 783 3850 38119
803 3829 837 3840 ·-
856 3801 885 3852 ln
898 3799 1077 3864 praecursoris
1094 3805 1153 3852 ortu
1192 3801 1234 3850 ctu
1250 3797 1332 3850 Verbi
1348 3799 1396 3850 luit
1414 3797 1491 3866 quasi
1510 3807 1562 3850 vox
1580 3799 1624 3852 Vll
1642 3797 1677 3850 79
1694 3797 1723 3849 10
1737 3827 1771 3836 --
1784 3799 1831 3850 luit
1869 3801 1939 3852 renis
1956 3813 1986 3850 se
1998 3799 2069 3866 loqui
2081 3799 2156 3864 dicit,
2170 3799 2232 3868 quia
2245 3799 2270 3850 ia
2284 3799 2396 3866 peccatis
2417 3815 2505 3854 conce·

515 3887 664 3940 inchoatum
679 3885 1153 3952 estbeneiiciamredemptionisa'br'd.
1192 3887 1258 3940 sicut
1280 3901 1332 3940 vox
1351 3887 1386 3940 ad
1410 3885 1524 3940 verbum
1553 3885 1602 3938 179
1628 3885 1655 3938 51
1681 3915 1715 3924 --
1734 3891 1830 3940 atrox
1868 3893 1929 3956 ptus
1943 3889 1976 3940 Vl
1991 3887 2042 3940 987
2056 3887 2097 3942 51.
2113 3889 2163 3942 988
2178 3889 2204 3940 61
2220 3867 2258 3928 ⁸-
2270 3889 2385 3956 loqaitur
2404 3895 2506 3942 terrena

409 3989 410 3992 ’
515 4003 549 4014 -
569 3977 699 4042 significat
715 3977 891 4030 sacerdotium
909 3991 1011 4030 novum
1029 3979 1065 4030 36
1085 3977 1135 4030 113
1192 3975 1314 4042 patefacit
1332 3975 1479 4040 praeseutia
1501 3973 1551 4028 178
1571 3973 1831 4042 ac-praeparavit
1868 3977 2058 4044 comparative,
2081 3979 2122 4030 vel
2141 3977 2340 4042 reduplicatum,
2361 3977 2505 4030 secundum

568 4095 602 4104 —-
620 4065 926 4132 quiamagnamhabuit
947 4067 1072 4132 gratiam,
1091 4065 1151 4118 ideo
1192 4063 1264 4118 viam
1292 4063 1353 4118 adet
1383 4069 1410 4116 at
1439 4077 1503 4132 vox,
1527 4065 1597 4118 viam
1619 4063 1733 4118 caritatis
1751 4069 1778 4116 ut
1796 4067 1830 4118 lu·
1868 4067 1941 4132 quod
1959 4071 2078 4120 terrenas
2096 4067 2146 4120 988
2169 4067 2196 4118 61
2214 4067 2409 4120 -secundum
2426 4065 2507 4130 tripli·

515 4153 624 4206 loannes
638 4159 746 4208 vocatus
764 4161 804 4208 est
823 4155 864 4208 Vll
887 4151 937 4206 179
957 4155 990 4208 59
1004 4181 1038 4194 -
1052 4155 1152 4208 Nomen
1192 4165 1269 4206 cerna
1287 4153 1318 4206 11
1344 4153 1393 4206 136
1868 4169 1927 4208 cem
1949 4153 2124 4208 differentiam
2147 4169 2321 4220 personarum
2344 4153 2506 4208 audientium

515 4243 615 4294 loannis
635 4231 726 4298 datam
746 4249 812 4296 ante¹
831 4249 987 4308 conceptum
1013 4243 1044 4296 16
1067 4243 1098 4294 96
1119 4271 1153 4284 --
1246 4273 1279 4282 -
1299 4255 1349 4294 non
1371 4243 1418 4294 suit
1437 4243 1505 4296 Elias
1522 4243 1641 4310 proprie,
1667 4241 1713 4296 sed
1733 4243 1829 4306 ngura-
1868 4243 2181 4298 diversasinstractioaes
2193 4243 2414 4298 administratVll
2427 4243 2460 4296 75
2474 4245 2505 4296 99

516 4333 617 4398 accepit
635 4345 733 4386 nomen
753 4347 768 4384 a
789 4333 844 4384 Deo
869 4333 902 4384 36
931 4333 981 4384 110
1001 4361 1035 4372 -
1055 4333 1152 4384 Nomen
1193 4331 1258 4398 tire,
1276 4331 1338 4398 quia
1358 4333 1520 4396 praecedens
1537 4331 1653 4396 primum
1675 4331 1767 4386 Christi
1787 4333 1830 4386 ad·
1920 4361 1955 4370 -
1982 4333 2037 4386 eius
2065 4333 2224 4398 praedicatio
2252 4333 2307 4384 init
2323 4335 2454 4386 fructuosa
2481 4337 2505 4384 et

516 4419 573 4474 eius
589 4425 645 4474 erat
662 4421 815 4486 impositum
834 4435 848 4474 ε
868 4423 922 4474 ιιεο
937 4425 961 4474 ει
979 4421 1107 4486 scriptum
1128 4423 1152 4474 in
1193 4425 1300 4474 ventum
1316 4419 1455 4474 1195751
1472 4447 1509 4460 -
1520 4423 1577 4472 erat
1589 4419 1686 4474 ardeus
1697 4425 1723 4472 et
1742 4421 1830 4474 lucens
1868 4421 1998 4474 salutifera
2017 4421 2196 4484 credentibus,
2210 4427 2342 4474 etampes
2364 4421 2430 4475 sicut
2448 4435 2506 4486 pro·

515 4509 582 4564 libro
600 4509 669 4564 vitae
688 4509 720 4574 ib.
737 4513 786 4562 119
805 4521 848 4550 -’
860 4511 916 4564 eius
935 4525 1031 4564 nomen
1046 4511 1093 4564 luit
1112 4525 1154 4562 εε·
1192 4509 1260 4564 sicut
1275 4509 1341 4562 Elias
1362 4509 1402 4562 Vll
1425 4507 1457 4586 17
1478 4509 1511 4560 98
1524 4507 1668 4562 -dicitur
1687 4507 1753 4562 Elias
1770 4523 1828 4574 pro·
1868 4513 1974 4576 phetam
1994 4523 2056 4562 earm
2074 4507 2206 4564 habebant
2226 4511 2268 4562 Vll
2286 4509 2335 4562 130
2357 4509 2388 4562 51
2402 4509 2506 4562 -eius

515 4599 671 4666 thenticum,
691 4611 743 4654 non
757 4599 789 4652 ab
803 4599 908 4654 homine
928 4599 1093 4666 impositum,
1107 4599 1153 4652 sed
1170 4615 1171 4618 ¹
1193 4603 1252 4664 pter
1268 4597 1379 4652 nimiam
1403 4597 1614 4652 conformitatem
1637 4611 1699 4650 cum
1717 4611 1749 4652 eo
1766 4597 1828 4652 abrit.
1869 4597 2027 4664 praedicatio
2042 4599 2087 4652 tait
2100 4599 2232 4652 mortifera
2250 4597 2454 4664 despicientibus
2468 4597 2503 4654 15.

515 4691 704 4744 11]εο71951
724 4687 1099 4742 ἰ8-ὲεεειειεειιειεοεεεὶ
1119 4703 1155 4742 εε-
1192 4715 1227 4726 -
1247 4687 1344 4752 optime
1365 4687 1484 4750 signatas
1503 4691 1602 4758 estiper
1624 4687 1704 4738 Eliam
1725 4687 1758 4738 Vl
1778 4683 1829 4738 311
1869 4687 1902 4738 55
1923 4715 1956 4726 -
1976 4687 2164 4740 eirxsdoctrina
2184 4687 2373 4740 luitmaximae
2390 4687 2505 4740 utilitatis

515 4779 632 4834 cundum
651 4777 853 4844 appellationem
870 4781 1012 4830 humanam
1030 4791 1045 4828 a
1065 4783 1154 4844 patre,
1193 4771 1409 4828 63391571*
1599 4775 1601 4780 “
1869 4781 1893 4828 ει
1912 4775 2044 4828 eiiicaciae
2061 4777 2277 4830 inconversione
2297 4775 2410 4828 illiorum
2429 4777 2505 4830 lsrael

515 4867 562 4922 sad
575 4867 721 4920 secandum
734 4867 921 4920 revelationem
941 4881 955 4920 a
968 4867 1037 4920 dona
1057 4867 1154 4932 gratiae
1246 4893 1282 4906 -
1301 4869 1339 4918 est
1359 4879 1472 4930 magnus
1486 4867 1614 4930 propheta
1630 4863 1674 4918 Vll
1695 4863 1727 4916 16
1747 4865 1779 4918 93
1797 4891 1831 4904 -
1870 4863 1902 4918 17
1917 4863 1959 4918 97.
1972 4863 2006 4918 75
2021 4867 2055 4918 99
2069 4893 2103 4904 -
2114 4865 2331 4918 eiusdoctrinact
2345 4865 2503 4930 praedicatio

515 4957 560 5010 Vll
575 4957 606 5008 35
625 4957 672 5010 100
686 4983 720 4996 -
734 4957 791 5008 eius
805 4957 1070 5010 nomencoovenicns
1080 4969 1155 5020 praa·
1194 4957 1287 5008 Beatus
1308 4957 1414 5008 loannes
1433 4957 1561 5020 propheta
1574 4953 1635 5016 luit,
1654 4953 1716 5020 quia
1736 4965 1830 5016 cogno·
1868 4953 2067 5018 commandatur
2092 4969 2108 5006 a
2132 4951 2217 5006 tribus
2245 4953 2277 5004 69
2300 4955 2308 5004 1
2331 4953 2503 5020 —increpat

515 5047 651 5110 rogativae
676 5053 702 5098 et
727 5047 891 5098 excellentiae
920 5047 1089 5100 confirmatur
1108 5059 1155 5112 per
1193 5045 1231 5098 vit
1250 5043 1388 5098 veritatem
1407 5043 1498 5096 divina
1509 5042 1668 5098 revelatione
1687 5041 1719 5096 Vl
1740 5041 1791 5094 511
1805 5059 1830 5096 v.
1868 5043 1977 5096 ludaeos
2000 5043 2035 5096 de
2054 5049 2124 5096 certa
2141 5041 2238 5094 malitia
2256 5047 2283 5094 et
2306 5041 2340 5094 de
2359 5041 2505 5106 ignorantia

516 5135 671 5188 miraculum
692 5137 717 5186 in
737 5141 812 5200 patre
831 5133 864 5208 37
885 5135 937 5188 111
1194 5137 1227 5188 93
1247 5161 1281 5174 -
1302 5133 1347 5186 luit
1372 5135 1512 5198 propheta,
1537 5131 1599 5200 quia
1624 5131 1745 5196 cognitor
1763 5131 1830 5184 veri·
1868 5145 1968 5198 poenae
1982 5131 2013 5184 73
2033 5131 2062 5184 15
2076 5135 2273 5184 —axhortatur
2289 5131 2397 5184 ludaeos
2411 5131 2444 5182 ad
2457 5133 2505 5182 hu-

570 5251 603 5260 -
623 5223 755 5276 Gaudium
779 5223 805 5276 in
824 5221 962 5276 nativitate
979 5223 1035 5276 eius
1059 5223 1100 5276 Vll
1124 5225 1153 5274 ta
1193 5224 1344 5288 tatis;vox,
1364 5221 1618 5290 quiapraedic'ator;
1636 5221 1830 5288 lucerna,quia
1868 5221 1954 5274 mitem
1985 5221 2191 5274 satisfactionem
2214 5225 2241 5272 et
2257 5221 2292 5272 ad
2310 5221 2452 5282 cautelam,
2472 5231 2505 5270 ne

517 5311 543 5362 91
563 5303 603 5348 '-
623 5317 711 5362 contra
737 5311 824 5376 legem
848 5311 1011 5364 nascentium
1035 5311 1156 5364 nativita-
1194 5315 1317 5378 operator
1334 5311 1451 5364 veritatis
1469 5307 1578 5364 1511.-
1598 5313 1653 5362 erat
1672 5311 1731 5376 plus
1750 5321 1828 5374 quarn
1868 5315 2038 5374 praesumant
2055 5307 2088 5362 71
2111 5307 2142 5362 17

455 5427 456 5432 1
516 5405 570 5452 tem
589 5413 663 5452 suam
681 5401 775 5452 laetitia
794 5401 1155 5466 etexsaitatione'pmavenit
1194 5405 1335 5468 propheta,
1364 5401 1427 5468 quia
1454 5399 1644 5452 demonstravit
1666 5401 1830 5464 praesentem
1922 5427 1956 5436 κ
1976 5399 2046 5452 misit
2064 5399 2208 5464 discipulos
2228 5411 2289 5452 suos
2307 5397 2341 5450 ad
2360 5395 2504 5460 Christum,
2607 5401 2610 5404 '

516 5487 549 5540 Vl
572 5485 621 5538 159
641 5503 666 5540 1.
688 5491 702 5540 3
720 5517 758 5528 -
772 5489 854 5542 crevit
868 5503 978 5552 corpore
991 5495 1098 5554 propter
1112 5489 1153 5542 bc·
1194 5491 1248 5542 957
1265 5491 1309 5542 51.
1322 5491 1374 5542 960
1387 5491 1422 5542 69
1436 5517 1470 5530 -
1484 5489 1609 5554 imposuit
1627 5487 1758 5542 silentium
1770 5489 1828 5542 Pro·
1868 5493 1896 5542 at
1916 5493 2070 5556 quaererent
2094 5489 2121 5542 in
2145 5501 2260 5554 persona
2276 5501 2322 5542 sua
2348 5487 2380 5542 Vl
2401 5485 2451 5540 956
2474 5485 2505 5538 15

517 5575 694 5630 sedictionem
713 5577 756 5628 Vll
776 5575 810 5628 13
830 5575 882 5630 119
1193 5581 1278 5644 phetis
1299 5579 1341 5632 Vll
1363 5579 1394 5630 19
1415 5579 1449 5632 95
1467 5607 1503 5618 -
1520 5577 1618 5642 incepit
1629 5577 1766 5632 ostendere
1786 5591 1829 5630 va·
1868 5591 1976 5632 -non
2001 5577 2132 5632 dubitavit
2160 5577 2193 5632 de
2217 5577 2317 5632 Christo
2348 5575 2398 5630 959
2419 5575 2451 5628 60
2471 5605 2505 5616 ·-

569 5691 603 5704 -··
623 5677 675 5716 non
694 5663 744 5716 sibi
768 5663 887 5718 attribuit
904 5665 1021 5716 obiciam
1046 5665 1154 5728 Christi,
1193 5667 1296 5720 ritatem
1316 5672 1433 5730 apertam
1452 5681 1485 5720 ac
1497 5681 1545 5734 per
1558 5669 1608 5718 hoc
1622 5681 1751 5720 evacuare
1763 5665 1830 5730 ligu-
1868 5681 1921 5720 non
1938 5665 2190 5732 interrogavttper
2213 5665 2362 5730 discipulos·
2378 5671 2505 5732 tanquam

515 5755 564 5806 sed
582 5751 719 5818 praeconis
742 5753 774 5804 Vl
795 5749 846 5804 987
867 5751 1017 5806 50--ειεε
1036 5755 1152 5806 alliciam
1192 5767 1249 5806 ram
1269 5755 1320 5807 113
1340 5755 1374 5806 30
1517 5765 1518 5768 ’
1868 5755 2009 5822 dubitans,
2041 5755 2087 5808 sed
2118 5761 2146 5808 at
2176 5755 2331 5808 dubitationi
2366 5755 2505 5820 discipulo-

516 5843 565 5896 iuit
581 5839 713 5894 testificari
731 5841 765 5894 de
790 5839 887 5892 lumine
905 5853 957 5892 non
977 5847 1085 5906 propter
1112 5841 1154 5894 de·
1246 5869 1279 5878 -
1298 5841 1427 5906 praedicit
1443 5843 1564 5896 ellectum
1583 5843 1720 5896 adventus¹
1737 5841 1831 5894 Christi
1868 5859 1926 5896 rum
1946 5845 2094 5898 consuleret
2111 5841 2172 5896 tata
2193 5873 2230 5884 ·-
2256 5843 2354 5898 certius
2382 5845 2507 5910 cognovit

515 5934 611 5986 lectum
636 5929 756 5994 laminis,
778 5929 826 5982 sed
845 5929 1008 5980 credentium
1034 5929 1080 5980 961
1108 5931 1152 5996 19,
1193 5929 1237 5982 1111
1255 5929 1288 5980 73
1311 5931 1342 5980 19
1364 5941 1396 5968 -’
1416 5945 1468 5982 noa
1483 5931 1566 5982 salum
1586 5935 1672 5984 lutura
1691 5929 1829 5996 praedixit,
1868 5929 1999 6002 Christum
2028 5945 2076 5996 per
2106 5931 2260 5986 descensum
2288 5933 2399 5998 Spiritus
2426 5933 2507 5986 sancti

515 6022 543 6074 91
569 6047 603 6060 -
623 6019 756 6088 perhibuit
782 6017 886 6070 Christo
913 6017 1091 6070 testimoniam
1112 6033 1154 6070 au·
1193 6017 1335 6070 sedetiam
1363 6019 1509 6082 praesentia
1534 6019 1647 6072 ostendit
1675 6017 1723 6070 178
1744 6019 1776 6070 50
1796 6047 1830 6056 -
1871 6021 1922 6070 960
1940 6017 1986 6072 67.
2003 6021 2052 6070 961
2073 6019 2104 6070 aa
2126 6045 2164 6058 -
2181 6019 2292 6086 sciebat,
2317 6019 2447 6074 Christum
2469 6033 2507 6072 so·

515 6103 657 6164 thenticam
687 6115 711 6162 et
740 6113 861 6176 apertum
888 6109 941 6160 951
969 6109 1004 6160 36
1027 6107 1155 6160 -dedlt
1193 6103 1356 6160 ostendendo
1384 6097 1515 6160 Christum
1549 6105 1630 6170 digitu
1658 6115 1684 6160 ει
1713 6107 1830 6160 videndo
1868 6109 1923 6160 lum
1942 6103 2266 6172 baptizare‘interiusaaa
2286 6107 2328 6158 67.
2348 6107 2393 6160 961
2419 6107 2446 6158 71
2471 6133 2508 6166 ψ-

516 6183 694 6252 testimoninm
712 6197 905 6262 authenticum,
927 6201 951 6252 ει
963 6197 1023 6250 ideo
1044 6211 1095 6250 non
1110 6197 1155 6250 cir·-
1193 6197 1282 6262 octalo,
1308 6195 1366 6250 allis
1387 6195 1522 6262 Prophetis
1547 6195 1593 6250 luit
1618 6195 1782 6248 excellentior
1806 6199 1831 6246 ει
1868 6193 1951 6258 potuit
1965 6193 2101 6258 dubitare,
2114 6207 2144 6246 an
2159 6193 2344 6248 Christnssibi
2361 6201 2507 6248 reservaret

515 6287 604 6338 coibat
623 6289 674 6340 963
689 6289 720 6338 83
741 6313 775 6326 -
794 6301 888 6340 verum
907 6287 1085 6340 testimonium
1099 6301 1156 6352 per·
1193 6283 1294 6338 beatior
1307 6283 1373 6340 11111.
1869 6287 2024 6348 patestatem
2038 6283 2195 6346 baptizandi,
2208 6295 2278 6350 qaae
2291 6287 2332 6336 est
2342 6283 2507 6336 excellentiae

515 6373 600 6426 hibuit
620 6375 652 6426 de
671 6373 773 6428 Christo
793 6373 891 6428 31160
910 6405 946 6412 -
965 6373 1154 6428 'lasti-moniam
1248 6403 1281 6412 -
1301 6373 1347 6428 luit
1376 6373 1482 6426 nuntius
1508 6379 1535 6426 ει
1554 6375 1724 6438 praeparator
1748 6371 1832 6424 tidelis
1870 6373 1896 6424 ει
1913 6369 2085 6424 invocationis
2105 6369 2151 6424 961
2174 6369 2203 6424 71

515 6461 620 6514 loannis
638 6463 740 6514 ludaeis
758 6467 841 6516 luerat
865 6463 1008 6518 exhibitam
1027 6465 1063 6518 ad
1080 6477 1155 6518 suam
1194 6463 1283 6528 magni
1304 6463 1382 6526 aegis
1401 6463 1444 6516 vn
1469 6463 1499 6514 71
1523 6463 1539 6514 8
1559 6487 1593 6500 -
1616 6461 1698 6526 praeit
1718 6467 1778 6514 aute
1797 6463 1832 6514 ia·
1923 6459 2079 6526 -quaerit
2099 6457 2131 6512 ab
2144 6469 2176 6514 eo
2195 6459 2238 6512 cui
2256 6459 2425 6526 perhibuerat
2437 6461 2507 6514 testi-

515 6549 666 6616 petitiouem
695 6547 729 6602 15.
758 6551 786 6602 61
812 6579 846 6590 -
872 6553 1047 6606 testimonium
1071 6553 1157 6616 perhi-
1193 6553 1260 6604 ciem
1279 6551 1374 6606 Christi
1401 6551 1503 6604 ratione
1527 6549 1701 6604 humanitatis
1724 6549 1752 6602 11
1782 6549 1830 6602 136
1870 6539 2007 6614 1501111111,-
2031 6563 2084 6602 εοε
2112 6555 2222 6616 propter
2248 6547 2364 6602 dubium
2384 6563 2507 6604 amoveri.-

489 6639 491 6642 '
516 6637 573 6690 buit
591 6637 626 6688 de
643 6635 747 6690 Christo
764 6637 791 6688 in
805 6653 852 6692 sao
867 6641 999 6706 baptismo
1011 6641 1056 6694 Vll
1069 6641 1156 6694 5095
1193 6657 1229 6680 --’
1247 6645 1321 6706 parat
1348 6641 1420 6692 viam
1447 6639 1604 6706 cognitionis
1629 6637 1657 6692 in
1676 6639 1729 6692 lide
1752 6643 1779 6690 ει
1797 6641 1833 6690 al·
1870 6637 1947 6702 dum,
1968 6639 2014 6694 sed
2033 6645 2140 6704 propter
2161 6637 2337 6690 testimoniam
2360 6637 2507 6704 approban-

515 6739 551 6766 -·-
570 6725 627 6778 eius
644 6725 795 6778 testimonio
821 6729 984 6782 credendum
1008 6733 1064 6782 crat
1089 6729 1157 6784 sicut
1194 6729 1311 6782 lectionis
1328 6729 1357 6782 in
1375 6729 1483 6782 caritate
1500 6727 1563 6782 ibid.
1580 6757 1617 6768 -
1634 6733 1775 6794 praeparat
1799 6727 1832 6780 ad
1869 6727 1998 6796 damper
2020 6727 2151 6780 infallibile
2173 6733 2364 6792 argumentum
2382 6727 2426 6782 Vll
2456 6727 2505 6780 173

515 6813 675 6866 caelestiae
695 6811 727 6864 19
1092 6823 1093 6826 ’
1193 6817 1324 6872 Christum
1338 6817 1374 6870 Vl
1386 6819 1437 6872 958
1448 6817 1706 6870 dci—annuntiabat
1716 6817 1831 6886 eumqui
1871 6817 1903 6868 33
1931 6845 1965 6856 -
1985 6817 2056 6872 misit
2072 6815 2215 6882 discipulos
2234 6817 2267 6868 ad
2286 6817 2385 6880 lesum,
2412 6821 2439 6870 ut
2458 6819 2506 6872 hac

623 6917 652 6972 S.
667 6919 817 6976 111151-
828 6919 904 6976 Tora.
918 6923 969 6976 Vll.
2365 6925 2400 6978 07
