5908 8266
573 557 639 622 tle

574 739 663 800 notat
683 749 776 810 euru,
791 747 872 816 qnae
889 737 964 798 sunt
978 729 1245 816 concupiscentia
1263 731 1456 812 aetolorum,
1472 751 1530 798 sn-

569 837 690 926 perbia
713 837 799 902 citae
821 841 853 904 et
875 837 1143 920 eoncupiscentia
1165 837 1316 902 carnis&

664 943 716 1010 36.
740 941 843 1026 (Vers.
869 941 944 1026 19).
969 941 1072 1010 Primo
1095 941 1191 1028 igitur
1215 949 1367 1028 qnantum
1393 941 1431 1008 ad
1455 961 1530 1010 coa-

425 1065 493 1110 tras
507 1065 551 1122 orl
573 1049 808 1136 eropi-scentiam
841 1049 1014 1116 coeloram
1040 1049 1135 1116 dicit:
1159 1049 1265 1116 Horae
1286 1049 1425 1136 qnidam
1457 1057 1530 1114 erat

463 1131 505 1164 Μ’
572 1157 671 1224 diaes.
696 1157 799 1224 Homo
822 1155 881 1222 iste
905 1157 995 1222 dines
1026 1155 1143 1222 dicitur
1172 1175 1235 1222 non
1268 1157 1367 1224 solum
1400 1159 1529 1240 propter

571 1263 749 1342 divitiarum
776 1263 1021 1346 possessionem,
1044 1263 1100 1328 sed
1118 1269 1248 1346 propter
1266 1279 1375 1328 earum
1391 1259 1529 1328 dilectis

571 1387 663 1448 nem,
686 1369 805 1436 ratione
830 1367 936 1446 cuins,
961 1367 1081 1452 primae
1097 1367 1135 1432 ad
1151 1367 1350 1434 Timotheum
1373 1365 1528 1446 ultimoi,

578 1503 596 1534 «
610 1474 665 1562 qui
688 1475 798 1542 volant
820 1473 931 1540 diuites
954 1473 1025 1538 heri
1047 1473 1190 1540 incidunt
1213 1463 1474 1538 intentationem
1497 1479 1530 1538 et

572 1581 605 1648 in
627 1583 777 1666 laqueum
807 1579 920 1647 diaboli
938 1607 954 1640 »
986 1587 1068 1658 etc.;
1101 1579 1175 1664 quia
1206 1579 1326 1646 ratione
1355 1577 1530 1646 dilectionis

572 1695 773 1754 terrenorum
795 1685 988 1752 incrassatur
1012 1691 1044 1752 et
1065 1691 1293 1770 praegravatur
1316 1685 1466 1770 spiritus,
1491 1693 1530 1752 ut

571 1811 634 1860 non
665 1793 762 1878 possit
792 1783 964 1876 pervenire
989 1791 1021 1856 in
1052 1791 1199 1858 sublimia
1229 1809 1326 1876 regna
1356 1791 1527 1860 caelorum.

572 1899 702 1982 Propter
726 1897 809 1982 quod
834 1897 979 1964 Matthaei
1001 1895 1122 1964 decimo
1147 1915 1248 1964 nono:
1280 1897 1442 1964 «Facilius
1464 1907 1527 1978 est,

571 2003 725 2070 camelam
756 2003 893 2070 transire
920 2003 1140 2092 perforamen
1164 2021 1257 2084 acus,
1282 2023 1376 2090 quam
1400 2003 1528 2072 divitem

570 2109 690 2174 intrare
722 2109 752 2174 in
786 2123 918 2192 regnum
951 2109 1110 2176 caelorum
1125 2135 1158 2176 »,
1183 2111 1244 2178 lloc
1268 2110 1429 2196 explicans
1454 2111 1530 2178 dicit

569 2215 665 2282 Marci
687 2215 807 2282 decimo
821 2215 856 2280 3ε
885 2243 902 2276 «
917 2215 1033 2296 Filioli‚
1056 2235 1152 2302 quarn
1169 2217 1311 2296 dillicile,
1337 2219 1529 2286 contrdentes

570 2321 603 2386 in
626 2321 767 2406 pecuniis
791 2321 821 2388 in
846 2339 979 2408 regnum
1002 2321 1056 2390 Dei
1081 2323 1229 2390 introiret
1253 2325 1385 2392 Facilius
1408 2331 1455 2392 θεῖ
1477 2343 1528 2392 ca-

569 2427 687 2494 melam
704 2455 720 2486 s
748 2435 806 2494 etc.
830 2429 875 2496 De
900 2429 1080 2496 huiusmodi
1104 2429 1200 2498 divite
1230 2431 1346 2498 dicitur
1379 2431 1529 2498 Ecclesia-

569 2533 637 2600 stioi
663 2535 911 2602 decimotertio:
932 2561 948 2594 «
965 2535 1051 2600 Sient
1066 2537 1309 2602 communicabit
1326 2537 1421 2620 lupus
1436 2555 1527 2620 agno,

569 2639 615 2708 sic
638 2645 782 2726 peccator
812 2639 906 2708 iusto.
938 2641 1025 2726 Quae
1048 2643 1289 2710 communicatio
1311 2641 1431 2708 homini
1457 2661 1528 2708 sanm

569 2751 619 2814 cto
642 2747 679 2812 ad
704 2755 840 2814 canem?
863 2747 923 2812 hut
944 2763 1027 2830 quae
1050 2765 1123 2830 pars
1157 2747 1237 2812 bona
1268 2747 1355 2812 diviti
1388 2753 1419 2810 et
1448 2765 1527 2828 pan-

556 2853 663 2938 'perir
683 2853 813 2920 Venatio
837 2853 948 2930 leonis,
974 2869 1091 2934 onager
1106 2851 1137 2916 iu
1155 2867 1279 2928 eremo,
1303 2851 1348 2916 sic
1364 2859 1395 2914 et
1411 2867 1528 2932 pascua

568 2965 642 3026 sunt
665 2957 796 3048 divitum
828 2973 993 3042 pauperes.
1024 2955 1065 3054 Et
1082 2953 1165 3020 sicut
1187 2953 1377 3048 abominatio
1403 2959 1449 3020 est
1473 2969 1527 3018 stt-

567 3063 667 3148 perbo
683 3061 858 3138 humilitas,
874 3059 919 3126 sic
935 3065 966 3126 et
982 3057 1159 3126 exsecratio
1174 3065 1223 3124 est
1238 3057 1343 3124 divitis
1358 3075 1525 3140 pauper».

659 3167 709 3236 37.
735 3165 876 3232 Secundo
900 3169 1055 3248 quantum
1078 3163 1117 3230 ad
1139 3163 1332 3248 snperbiam
1349 3163 1436 3230 uitae
1451 3165 1527 3230 sub-

383 3311 389 3324 ·
441 3287 549 3332 Secunda·
567 3275 629 3340 dit:
651 3275 713 3338 Et4
729 3269 1103 3354 iadaebotarparpara
1117 3281 1146 3336 et
1164 3269 1267 3356 ipsso.
1286 3269 1383 3336 Beda:
1408 3295 1423 3326 a
1435 3271 1527 3336 Pur-

563 3399 659 3466 pnro
691 3383 738 3446 est
773 3376 858 3444 color
893 3375 970 3460 regii
1002 3377 1147 3454 habitus
1182 3393 1199 3440 e
1235 3371 1362 3444 conchis
1397 3377 1527 3446 marinis

565 3485 651 3552 ferro
685 3481 878 3552 circumcisis
901 3483 1036 3562 emissa;
1068 3481 1206 3570 byssus,
1231 3501 1331 3566 genus
1363 3483 1417 3549 lini
1453 3501 1526 3550 can-

566 3589 628 3656 didi
653 3597 684 3658 et
707 3587 879 3656 mollissimi
898 3615 928 3654 s.
958 3587 1097 3656 Habebat
1118 3591 1225 3654 antem
1256 3587 1308 3654 hic
1340 3587 1527 3656 uestimenta

566 3697 678 3782 prrlcra
699 3701 732 3764 θῖ
753 3693 888 3778 pretiosa
912 3695 948 3760 ad
977 3713 1085 3760 ranam
1110 3693 1260 3778 gloriam;
1294 3695 1376 3760 unde
1410 3695 1525 3782 Grego-

566 3803 681 3868 rius⁵:
710 3827 726 3860 o
743 3799 837 3866 Nemo
862 3801 1049 3866 vestimenta
1079 3799 1217 3884 pretiosa
1247 3799 1306 3866 uisi
1330 3799 1369 3866 ad
1392 3801 1524 3886 gloriam

566 3907 708 3992 qaaerit,
734 3911 768 3972 ut
794 3905 1005 3972 honorabilior
1031 3905 1143 3972 ceteris
1167 3905 1321 3972 habeatur
1338 3933 1368 3970 a.
1400 3907 1434 3972 lit
1466 3907 1524 3974 hoc

565 4011 692 4094 [quidem
716 4015 762 4078 est
786 4009 1032 4094 reprehensibile
1049 4017 1078 4076 et
1095 4015 1276 4094 peccatum,
1294 4013 1524 4096 propterquod

566 4113 769 4182 Ecclesiastici
795 4115 984 4180 undecimo:
1012 4115 1077 4178 «ln
1103 4115 1218 4182 resuta
1241 4131 1282 4180 ne
1304 4113 1449 4200 glorieris
1466 4135 1524 4184 un-

567 4239 663 4306 quam
686 4227 717 4288 et
741 4221 771 4286 in
797 4219 846 4286 die
869 4221 999 4288 honoris
1022 4219 1068 4288 tui
1093 4239 1131 4286 ne
1156 4219 1319 4286 extollaris
1335 4247 1366 4286 a.

632 4363 633 4366 π
656 4327 706 4394 38.
733 4328 880 4394 Peccator
905 4333 1017 4412 autem,
1035 4327 1066 4394 io
1091 4327 1233 4394 restibus
1254 4325 1521 4412 quadrupliciter:

415 4449 438 4490 n
451 4447 549 4492 testans
566 4433 674 4518 primo,
690 4439 820 4520 propter
840 4433 1103 4518 pretiossimam,-
1118 4433 1202 4500 uode
1218 4433 1346 4498 Bedaiz
1375 4459 1392 4492 l
1409 4433 1438 4500 Si
1454 4433 1521 4500 cul-

410 4505 555 4628 1111111111-
566 4546 618 4608 tus
640 4541 850 4624 pretiosarum
873 4541 1007 4608 restium
1031 4541 1124 4624 eulpa
1146 4557 1209 4604 noo
1226 4547 1323 4618 esset,
1346 4559 1450 4606 sermo
1469 4539 1521 4606 liei

415 4613 458 4650 ω’
475 4619 552 4662 prm
566 4663 627 4710 non
651 4653 714 4712 tam
732 4643 895 4730 vigilanter
920 4643 1131 4730 exprimeret,
1157 4643 1242 4730 quod
1263 4645 1353 4712 diaes
1376 4661 1521 4730 purpura

456 4771 458 4776 ·
566 4755 597 4818 et
620 4751 712 4836 bysso
735 4751 864 4818 indutus
893 4752 978 4836 apud
1008 4751 1125 4818 interos
1152 4751 1425 4820 irremediabiliter
1455 4757 1521 4816 tor-

635 5081 644 5108 ¹
665 5081 714 5134 Ch,
734 5095 813 5144 supra
831 5097 894 5148 pag.
915 5081 975 5144 311,
995 5087 1055 5134 nota
1072 5081 1099 5132 7.
1117 5109 1153 5120 -
1173 5081 1300 5146 Superius
1317 5097 1366 5146 pro
1379 5081 1458 5136 Circa
1472 5081 1521 5134 im-
1544 5075 1545 5080 '

563 5167 763 5224 miserirordiae
791 5185 902 5224 carisern
923 5171 943 5222 1)
962 5167 1055 5222 Primo
1074 5171 1207 5238 garantiam
1227 5171 1263 5224 ad
1280 5169 1520 5224 inacertcorcae

565 5255 688 5312 cortanna
941 5317 943 5322 y

634 5339 644 5372 ²
667 5345 741 5396 Vers.
759 5343 783 5394 9.
803 5371 837 5382 -
857 5343 975 5396 Subinde
992 5345 1119 5408 allegatur
1136 5345 1224 5396 hlatth.
1247 5345 1293 5408 19,
1313 5343 1411 5394 91.-
1430 5345 1519 5396 Glossa

563 5429 745 5486 interlinearis
773 5429 829 5496 (etr¹
860 5429 945 5494 Cyrtll.
971 5431 1123 5496 Alexandr,
1146 5431 1335 5496 Theophylaet.
1354 5435 1378 5482 et
1397 5431 1519 5498 elegos,

563 5521 590 5572 ll.
610 5519 703 5570 llomil.
723 5517 747 5570 in
767 5517 867 5582 Evang.
890 5515 980 5592 homil.
1006 5515 1050 5568 to.
1068 5531 1092 5568 n.
1113 5515 1167 5582 3.):
1187 5517 1272 5570 Homo
1292 5515 1419 5586 qnidam,
1443 5519 1519 5584 quasi

563 5609 670 5672 ignotus
688 5605 759 5672 apud
777 5607 876 5672 Desino,
896 5605 1002 5658 nonrine
1020 5619 1071 5656 noo
1091 5605 1253 5670 designatur.

634 5693 644 5724 ³
664 5697 738 5750 Vers.
758 5695 800 5748 91.
819 5701 844 5748 ct
863 5695 906 5748 95.
925 5697 974 5746 Pro
993 5693 1020 5748 in
1039 5707 1155 5762 rignano
1175 5693 1224 5748 liei
1242 5693 1355 5750 introire
1378 5693 1519 5750 hCDFG

563 5799 681 5854 regnora
707 5783 757 5840 Dei
778 5783 936 5840 introibant.
953 5813 990 5824 -
1008 5785 1158 5850 Sequuntur
1186 5785 1260 5838 Ecclt.
1293 5787 1338 5848 l3,
1366 5785 1464 5838 91-91ι
1490 5785 1521 5840 Si

550 5871 770 5930 ¹cororaaaioahit
790 5873 870 5942 inpiis
888 5885 960 5942 aigne
980 5871 1140 5942 aliqnando,
1160 5873 1200 5926 sic
1217 5879 1266 5926 etc.
1370 5939 1372 5944 ,

635 5961 645 5992 ⁴
666 5965 699 6016 lta
719 5965 798 6018 etiam
816 5963 941 6028 August,
960 5961 987 6014 ll.
1007 5963 1057 6030 Qq.
1075 5961 1240 6026 Evangelior.
1267 5977 1294 6030 q.
1322 5963 1365 6016 38.
1393 5977 1419 6014 n.
1445 5965 1470 6030 1,
1494 5969 1519 6014 ct

563 6053 647 6118 Beda,
678 6053 706 6104 V.
737 6053 762 6106 in
780 6053 841 6104 Luc.
865 6053 908 6118 16,
933 6053 981 6116 19,
1007 6052 1117 6116 Vulgata
1139 6049 1200 6116 Qrci.
1221 6053 1404 6104 -Sententia
1433 6053 1518 6106 Bedac

563 6143 701 6196 exhibetur
715 6143 805 6196 verbis
822 6143 930 6194 Glossae
947 6139 1105 6194 ordinariae
1130 6141 1154 6192 in
1179 6143 1241 6194 Luc.
1262 6143 1310 6208 16,
1330 6143 1363 6194 19
1374 6161 1380 6206 3
1401 6139 1461 6196 Vat.
1483 6143 1518 6194 al·

564 6233 613 6284 tert
631 6233 711 6284 verba
732 6231 814 6296 ipsius
831 6229 927 6282 Bcdoe.

634 6317 735 6374 ⁵Libr.
755 6319 781 6370 ll.
802 6317 894 6370 llomll.
919 6317 945 6368 in
963 6319 1062 6382 Erong.
1083 6317 1170 6368 homil.
1193 6317 1235 6370 id.
1253 6333 1278 6368 n.
1299 6321 1323 6370 3.
1341 6347 1377 6358 -
1396 6319 1518 6386 Sequitur

565 6409 640 6462 Eceli.
662 6409 671 6458 l
685 6411 703 6470 t,
724 6407 748 6460 i.

635 6493 646 6524 ⁶
665 6497 735 6548 Libr.
755 6495 787 6548 V.
806 6497 831 6548 in
849 6497 912 6546 Luc.
936 6495 979 6560 ta,
1001 6493 1049 6556 19,
1068 6493 1115 6546 ubi
1128 6495 1246 6560 sequitur
1258 6497 1382 6568 Gregor.,
1395 6497 1444 6548 loc.
1457 6495 1517 6558 cit.;

564 6585 689 6638 sententia
707 6581 843 6638 exhibetur
862 6581 951 6636 serbis
969 6583 1076 6634 Glossae
1095 6581 1260 6638 ordinariae.

634 6669 644 6700 ⁷
663 6671 740 6726 Cord.
757 6673 850 6736 liuga:
864 6673 970 6736 Propter
984 6671 1125 6734 curtiolam,
1139 6675 1167 6724 ut
1180 6671 1286 6738 quondo
1300 6671 1392 6738 aliquis
1406 6683 1524 6736 magnos

563 6761 621 6812 suh
633 6773 682 6824 pro
695 6759 765 6812 bono
774 6761 871 6824 latere,
884 6765 912 6812 ut
926 6757 1104 6812 Sebastianus.
1114 6787 1147 6800 -··
1157 6761 1283 6824 Superius
1297 6773 1344 6824 pro
1358 6761 1516 6812 Fac-anatur

562 6851 653 6900 cartana
673 6845 721 6900 hoc
741 6845 850 6900 CDFG
872 6847 1029 6902 Eacasatar
1049 6851 1139 6902 antem
1157 6845 1200 6900 laio
1220 6847 1339 6914 (restitus
1358 6847 1507 6914 pretiosus).

1154 551 1348 620 colruranr.
1373 555 1415 622 ru.
1434 555 1673 626 saracenus
1698 557 1815 626 aucae
1838 557 1870 624 c
1895 541 1970 626 xvr.

1592 737 1746 818 queretur
1763 761 1792 800 ».
1819 735 1912 804 Valde
1937 737 2020 804 enim
2042 737 2214 804 absurdum
2231 743 2294 812 est,
2312 735 2472 818 putridum
2498 755 2548 802 ca·

1592 839 1688 906 darer
1712 839 1848 922 pretiosa
1871 851 1958 908 veste
1979 841 2105 920 ornari,
2123 841 2206 940 unde
2220 847 2347 926 possent
2363 841 2452 906 multi
2468 859 2547 926 pau-

1593 959 1683 1028 peres
1707 947 1887 1012 sustentari.
1910 947 2088 1014 Excusatur
2104 953 2210 1012 autem
2225 947 2286 1010 hoc
2303 945 2422 1010 ratione
2439 945 2547 1032 siagrii-

1593 1055 1669 1116 tatis
1690 1069 1871 1136 personae,
1889 1055 2010 1122 ratione
2023 1051 2268 1140 significantiae
2282 1057 2316 1118 et
2330 1051 2450 1120 ratione
2464 1069 2546 1118 caa-

1593 1155 1670 1222 teloo
1684 1157 1707 1222 ⁷.
1724 1193 1768 1208 ·-
1784 1159 1941 1240 Secundo,
1965 1165 2094 1244 propter
2117 1155 2485 1242 superabundantiam
2503 1157 2546 1224 la·
2565 1171 2671 1216 secunao.

1592 1261 1660 1328 cobi
1684 1263 1842 1348 quinto⁸z
1871 1265 2094 1332 «Vestimenta
2116 1269 2220 1330 restra
2243 1281 2262 1328 θ
2288 1261 2382 1328 tineis
2410 1269 2547 1330 comesta

1592 1375 1674 1436 sunt.
1708 1369 1955 1436 thesaurizastis
1983 1367 2073 1436 vobis
2102 1367 2183 1436 iram
2213 1367 2247 1436 in
2274 1365 2453 1434 novissimis
2480 1367 2547 1436 die-

1592 1475 1653 1542 hus
1667 1499 1700 1556 ³³3
1716 1481 1747 1544 et
1763 1477 1824 1544 hoc
1843 1481 1971 1560 propter
1994 1473 2143 1542 iniuriam
2165 1489 2363 1562 pauperum;
2388 1473 2470 1538 ande
2495 1475 2546 1544 lob
2651 1471 2652 1474 ’

1592 1581 1740 1666 vigesimo
1765 1588 1899 1666 quarto:
1928 1605 1945 1640 «
1960 1579 2065 1648 Nudos
2087 1581 2250 1648 dimittunt
2272 1577 2430 1658 homines,
2454 1579 2546 1648 indu-

1592 1693 1697 1754 menta
1721 1689 1881 1766 tollentes,
1905 1685 2022 1772 quibus
2044 1703 2105 1752 noo
2132 1694 2177 1754 est
2201 1689 2462 1772 operimentum»
2487 1693 2544 1756 etc.

1592 1793 1799 1880 Hieronymus
1812 1791 1846 1856 9:
1877 1817 1894 1850 «
1909 1791 2015 1856 Aliena
2036 1809 2149 1876 rapere
2168 1791 2366 1860 convincitur
2390 1793 2445 1878 qai
2468 1799 2546 1862 tero-

1592 1899 1711 1984 poralia
1726 1901 1809 1964 ultra
1826 1899 2040 1964 necessitatem
2058 1895 2196 1964 retinere
2211 1897 2434 1982 comprobatur
2448 1927 2476 1964 l.
2503 1939 2545 1950 .-

1591 2005 1711 2084 Tertio,
1726 2009 1854 2088 propter
1870 2001 2119 2078 cariositotona,·
2136 2003 2279 2072 Matthaei
2295 2009 2388 2070 sexto
2401 2003 2448 2070 1⁰:
2469 2031 2485 2062 «
2502 2007 2544 2072 Do
2565 2017 2644 2064 risu.

1592 2109 1784 2178 restirnentis
1805 2107 1883 2192 quid
1899 2107 2021 2174 solliciti
2036 2105 2110 2174 estis
2127 2113 2162 2174 »t
2184 2109 2219 2174 Et
2241 2109 2379 2174 iterum:
2408 2131 2423 2164 «
2440 2107 2544 2176 Consi-

1591 2217 1698 2282 derate
1721 2213 1785 2280 lilia
1805 2213 1896 2300 agri:
1919 2231 1980 2280 non
2007 2213 2150 2280 laborant
2172 2231 2275 2300 oeque
2296 2219 2382 2280 neot.
2399 2213 2472 2280 Dico
2489 2231 2544 2282 au-

1592 2331 1652 2390 tem
1676 2321 1782 2400 robis,
1805 2321 1955 2406 quoniam
1979 2339 2036 2390 nec
2060 2321 2250 2388 Salomonis
2267 2319 2350 2386 omni
2375 2321 2472 2406 gloria
2488 2339 2545 2390 sua

1592 2437 1758 2514 coopertus
1781 2435 1829 2494 est
1850 2429 1932 2496 sicut
1956 2445 2053 2496 tanum
2072 2447 2111 2496 ex
2129 2429 2196 2496 istis
2212 2455 2241 2492 a.
2261 2465 2301 2478 -
2320 2427 2456 2512 Quarto,
2471 2447 2544 2514 pro*
2564 2441 2651 2498 tracto·

1592 2541 1660 2620 pter
1682 2535 1920 2612 indecentiam,
1946 2533 2021 2618 quia
2042 2551 2105 2600 non
2129 2535 2230 2612 decet,
2257 2533 2404 2601 clericum
2437 2535 2542 2602 vestiri

1590 2645 1625 2704 at
1649 2639 1811 2704 mulierem
1837 2639 1886 2704 rel
1902 2645 1936 2704 ut
1959 2637 2159 2718 histrionem3
2183 2639 2357 2724 Sophoniae
2381 2639 2481 2724 primo
2498 2643 2543 2708 11:

1596 2771 1610 2802 «
1625 2741 1764 2808 Visitaho
1798 2759 1896 2826 super
1925 2759 2035 2808 ornnes
2065 2743 2151 2808 viros
2180 2743 2307 2810 indutos
2339 2753 2424 2810 reste
2455 2765 2544 2828 pere-

1590 2845 1678 2930 grina
1694 2867 1727 2922 »ς
1760 2851 1791 2910 et
1822 2845 2053 2912 Derrteronomii
2089 2845 2415 2930 vigesimasecunda:
2447 2873 2463 2906 «
2477 2849 2542 2916 Non

1590 2947 1738 3014 inductur
1771 2949 1818 3014 vir
1849 2957 1935 3014 reste
1966 2949 2111 3016 muliebri
2129 2977 2159 3014 ε.
2183 2987 2226 2998 -
2254 2949 2408 3018 Omnibus
2438 2957 2542 3020 autem

1590 3053 1638 3120 his
1662 3053 1763 3120 modis
1786 3061 2019 3122 consueverunt
2040 3055 2182 3122 homines
2204 3057 2233 3122 in
2251 3057 2366 3124 vestitu
2390 3057 2542 3126 excedere
2586 3043 2592 3048 ’

1591 3167 1620 3230 et
1643 3161 1822 3230 excedendo
1853 3161 1980 3248 gloriari
2012 3169 2043 3230 et
2066 3161 2226 3248 gloriando
2249 3179 2398 3248 peccare,
2421 3171 2454 3230 et
2483 3165 2543 3232 ista

1589 3267 1836 3354 gloriatiovana
1856 3273 1905 3336 est
1926 3275 1959 3334 et
1981 3269 2091 3336 similis
2112 3269 2288 3354 gloriationi
2312 3269 2489 3336 corniculae
2505 3271 2540 3334 1².

1590 3373 1664 3440 Oris
1685 3373 1769 3440 enirn
1796 3373 1836 3440 de
1865 3373 1934 3440 lana
1967 3379 1996 3440 et
2033 3375 2149 3440 vermis
2171 3373 2211 3440 de
2232 3373 2334 3440 serico
2356 3371 2448 3440 debet
2477 3375 2543 3458 glo-

1589 3479 1681 3558 riari;
1699 3497 1772 3544 nam
1794 3503 1809 3536 «
1821 3479 1914 3544 homo
1929 3479 2064 3562 putredo
2082 3487 2111 3544 et
2127 3479 2212 3546 filius
2226 3477 2361 3544 hominis
2378 3479 2493 3544 vermis
2510 3503 2550 3550 a..

1677 3585 1730 3650 39.
1755 3587 1860 3652 Tertio
1884 3593 2037 3670 quantum
2054 3585 2094 3650 ad
2109 3581 2408 3670 ooaocrpisceniiarn
2426 3583 2542 3650 carnis
2562 3599 2646 3650 terrra.

1589 3691 1716 3758 subdit:
1733 3693 1775 3758 lte
1788 3691 1986 3776 epulabatur
2010 3691 2154 3780 qoutidie
2168 3689 2354 3776 spiraciam
2374 3689 2481 3762 Glossa
2493 3689 2540 3754 ¹³:

1593 3797 1720 3878 «Ecce,
1744 3797 1899 3864 voracitas
1914 3825 1944 3876 l,
1971 3815 2050 3882 quae
2075 3797 2304 3882 utplurimum
2330 3795 2422 3860 habet
2447 3797 2541 3860 luxu-

1588 3901 1667 3968 riam
1689 3903 1868 3968 adiunctam
1883 3927 1891 3980 ;
1917 3903 2016 3970 lacobi
2033 3903 2163 3986 quinto:
2186 3927 2202 3960 «
2219 3901 2340 3986 lipulati
2356 3901 2430 3966 estis
2447 3917 2541 3986 super

1587 4013 1704 4076 terram
1729 4015 1758 4076 et
1783 4009 1813 4074 in
1838 4007 1978 4076 luxuriis
2009 4007 2171 4076 enutristis
2202 4007 2295 4074 corda
2324 4013 2427 4072 restra
2445 4031 2474 4070 ε.
2498 4043 2542 4056 ...-

1589 4115 1623 4182 at
1646 4121 1737 4192 nota,
1761 4115 1845 4200 quod
1868 4121 1917 4182 est
1938 4113 2141 4200 splendonio
2157 4111 2540 4200 opaiatioaespiritaali,
2561 4123 2669 4228 {areston
2704 4201 2705 4204 Ἴ

1586 4239 1679 4308 quem
1703 4221 1778 4286 iacit
1799 4221 1983 4308 sapientia;
2006 4229 2038 4288 et
2060 4219 2112 4286 hic
2136 4227 2181 4286 est
2207 4217 2398 4298 laudanduS,
2414 4217 2495 4286 sicat
2511 4225 2541 4286 et
2576 4193 2653 4238 ΠΜ

1585 4327 1636 4396 illa
1661 4327 1815 4412 epulatio,
1841 4327 1878 4394 de
1895 4347 1959 4414 qua
1974 4345 2070 4412 supra
2093 4327 2214 4394 decimo
2232 4325 2344 4412 quinto
2356 4325 2404 4390 li:
2424 4349 2440 4384 a
2458 4325 2540 4392 lilan-

1585 4433 1737 4502 ducemus
1760 4441 1792 4502 et
1813 4433 1998 4520 epulemur,
2024 4433 2097 4520 quia
2118 4433 2235 4500 filius»
2273 4437 2330 4498 etc.
2362 4431 2440 4498 llaec
2465 4449 2540 4516 epu-

1586 4541 1660 4606 latio
1682 4547 1731 4606 est
1751 4541 1944 4626 splendido,
1970 4541 2044 4626 quia
2066 4541 2146 4606 nihil
2169 4541 2264 4606 habet
2284 4537 2402 4616 sordis,
2418 4537 2471 4604 sed
2489 4555 2540 4604 ve-

1585 4645 1630 4712 nit
1655 4663 1695 4712 ex
1720 4645 1804 4712 lonte
1835 4646 1962 4713 luminis
1985 4647 2186 4730 sempiterni;
2213 4645 2351 4712 Psalmus
2363 4643 2412 4708 1⁵2
2440 4669 2457 4702 (ι
2474 4643 2540 4708 lne-

1584 4749 1775 4816 briahnntnr
1798 4749 1838 4816 ab
1861 4751 2004 4818 ubertate
2023 4775 2051 4830 »3
2076 4757 2107 4818 et
2129 4757 2220 4836 post:
2249 4775 2266 4808 «
2282 4749 2433 4832 Quoniam
2457 4747 2541 4832 apud

1655 5077 1760 5132 89θθε.
1781 5083 1803 5132 9.
1823 5087 1849 5132 et
1867 5081 1898 5146 3,
1926 5081 1987 5148 <pro
2012 5079 2041 5132 ia
2057 5077 2211 5132 occisionis
2230 5077 2320 5132 diebos
2341 5077 2417 5130 codd.
2444 5075 2472 5132 in
2496 5075 2539 5132 dio

1583 5165 1659 5234 irae,
1679 5171 1726 5220 clr.
1744 5169 1818 5220 honr.
1840 5171 1869 5234 9,
1889 5167 1941 5234 in),
1961 5167 2057 5234 quibus
2076 5165 2243 5232 subiungitur
2262 5165 2307 5218 lob
2327 5165 2374 5228 91,
2396 5167 2419 5218 7.

1614 5307 1615 5312 ,
1655 5253 1666 5282 ⁹
1683 5257 1710 5306 ln
1730 5257 1827 5320 Regula
1849 5257 1995 5308 llonaohor.
2015 5255 2092 5324 (inter
2110 5269 2189 5318 opero
2210 5255 2324 5320 hieron.)
2345 5267 2367 5306 o.
2390 5255 2414 5306 1.

1655 5339 1770 5396 1⁰Vcrs.
1792 5345 1833 5396 98.
1853 5349 1878 5396 ct
1897 5345 1938 5396 99.
1958 5345 2006 5396 Pro
2025 5341 2194 5396 Considerate
2214 5343 2290 5396 codd.
2309 5339 2436 5410 Respicite
2457 5343 2538 5412 (quod

1584 5431 1833 5498 armoritiani),
1854 5437 1878 5486 et
1897 5431 2007 5486 subinde
2028 5445 2076 5498 pro
2101 5431 2166 5486 Dico
2192 5435 2283 5486 autern
2301 5429 2388 5498 cohi,
2411 5431 2540 5500 qnoniam

1583 5521 1674 5586 plures
1691 5521 1768 5576 codd.
1790 5519 1854 5576 Dico
1872 5521 1943 5576 caim
1962 5519 2049 5588 cobis,
2068 5519 2148 5590 qaod.
2170 5519 2299 5576 Postlilia
2317 5519 2381 5590 apri
2400 5523 2457 5574 Vnt.
2477 5535 2538 5574 cum

1585 5609 1697 5674 Vulgata
1717 5609 1791 5662 addit
1808 5609 1940 5678 qtcorrtorio
1960 5613 2095 5666 cremant.

1656 5697 1770 5752 1111θιέ.
1793 5699 1821 5762 8,
1842 5705 1998 5768 postquem
2019 5701 2093 5752 Dent.
2113 5703 2162 5764 99,
2180 5701 2205 5752 5.

1655 5785 1677 5816 ¹²
1696 5789 1843 5852 llespicitur
1861 5789 1987 5852 Phaedr.,
2000 5788 2015 5841 1.
2031 5789 2164 5854 Αθεθρῖθῖ.
2182 5787 2271 5842 Fabul.
2291 5785 2367 5840 labul.
2388 5789 2419 5852 3,
2438 5789 2484 5840 ubi
2496 5789 2542 5840 de·

1583 5877 1706 5930 scribitur
1736 5879 1859 5942 graculus
1883 5877 1928 5944 (de
1946 5879 2079 5930 cornicum
2101 5877 2205 5942 genere)
2225 5873 2369 5942 superbus,
2389 5879 2433 5944 qui
2453 5891 2481 5930 se
2499 5891 2540 5930 or·

1583 5971 1691 6018 nexerat
1709 5965 1801 6030 pennis
1818 5967 1941 6030 patronis,
1961 5971 1987 6018 et
2004 5963 2078 6030 gregi
2099 5963 2232 6030 pavonum
2251 5963 2383 6016 immixtus
2403 5969 2427 6016 et
2445 5970 2538 6017 ornato

1583 6069 1631 6108 sno
1652 6055 1792 6122 spoliatus,
1811 6069 1871 6108 crrnr
1890 6055 1995 6108 intentio
2013 6055 2048 6108 ad
2066 6069 2127 6108 suos
2146 6055 2286 6108 revertitur
2303 6053 2337 6104 ab
2357 6053 2472 6120 ipsisque
2496 6053 2541 6104 de-

1582 6143 1699 6208 spicitur.
1719 6143 1890 6196 -Subinde
1919 6145 2043 6210 allegetur
2070 6143 2115 6194 lob
2144 6143 2200 6206 95,
2222 6145 2245 6194 6.
2263 6169 2299 6182 -
2317 6141 2448 6194 Sententia
2476 6139 2540 6194 Ovis

1582 6231 1653 6284 araim
1673 6231 1704 6284 de
1724 6231 1789 6284 lona
1808 6239 1870 6296 eta,
1889 6247 1904 6284 a
1925 6233 1982 6284 Vat.
2001 6231 2122 6284 tribuitur
2145 6229 2316 6300 Hieronymo.
2346 6229 2433 6282 Plures
2460 6227 2538 6282 codd.

1583 6319 1705 6372 omittunt
1724 6317 1798 6374 debet
1814 6317 1932 6386 ator-art
1955 6321 1988 6386 ill
2005 6317 2123 6386 pior-tori
2135 6321 2247 6384 posset),
2272 6323 2297 6368 et
2314 6329 2363 6380 pro
2380 6329 2445 6368 nam
2459 6315 2540 6368 horn-o
2629 6341 2632 6350 ·

1582 6409 1640 6460 Vat.
1659 6409 1868 6462 curnucnnmtls
1885 6407 1964 6462 codd.
1985 6419 2039 6458 aaa
2062 6405 2154 6470 horno,
2183 6407 2293 6458 tortasse
2315 6405 2458 6468 legendum
2483 6417 2540 6458 non

1583 6493 1662 6548 horno
1673 6515 1683 6560 ;
1701 6509 1767 6548 oona
1787 6495 1875 6550 tiemo.

1655 6581 1677 6614 ²³
1696 6583 1798 6638 Scilicet
1814 6581 2010 6646 interlinearis,
2031 6587 2091 6648 post
2108 6597 2187 6648 quom
2207 6585 2255 6636 lac.
2278 6581 2308 6642 5,
2327 6581 2353 6632 ii.

1652 6667 1675 6700 ²⁴
1693 6671 1766 6724 Vers.
1788 6673 1828 6724 93.
1851 6677 1875 6724 et
1894 6671 1938 6722 91.
1955 6699 1992 6710 -
2009 6671 2135 6734 Superius
2147 6683 2196 6734 pro
2217 6683 2295 6738 qaam
2312 6667 2377 6736 iacit
2395 6667 2444 6722 AC
2456 6669 2505 6718 DF
2516 6667 2540 6716 G

1580 6773 1663 6828 qaam
1676 6759 1757 6828 sooit;
1770 6765 1816 6812 olr.
1830 6767 1917 6812 tomen
1930 6761 2062 6826 aliquanto
2075 6757 2193 6818 interius,
2209 6757 2252 6810 ubi
2266 6771 2358 6806 omnes
2370 6767 2448 6822 qoem
2459 6753 2538 6822 socii.

1652 6845 1786 6900 15ΡεθΙῖῖῖ.
1806 6851 1854 6912 35,
1874 6847 1897 6898 9.
1918 6853 1942 6900 et
1962 6847 2008 6910 19,
2028 6845 2125 6910 quibus
2144 6843 2306 6896 subnectitur
2325 6843 2364 6894 Vs.
2386 6841 2428 6904 tt,
2449 6843 2475 6894 5.
