5900 8266
1019 577 1212 642 COMMENT.
1235 575 1274 640 ΙΝ
1299 575 1536 646 EVhNGELlUM
1562 573 1677 640 tacta
1703 571 1733 638 C.
1761 573 1832 640 Vlll.

330 755 570 832 6666666611,
596 771 666 818 etim
704 751 771 838 ipso
805 751 959 836 crucifigi.
982 753 1016 816 ln
1046 751 1150 838 ligura
1180 751 1278 818 huius
1301 751 1395 836 primi

434 855 693 924 Machabaeorum
720 859 841 924 decimo
863 861 975 922 666161
1002 857 1134 936 dicitur,
1158 857 1241 940 quod
1269 859 1398 922 loannes

439 961 549 1028 «vidit
572 963 723 1046 populum
746 961 957 1044 trepidantem
978 963 1017 1028 ad
1042 963 1306 1028 transfretandum
1333 971 1398 1028 tor·

434 1073 557 1132 rentem
582 1073 612 1132 et
636 1065 851 1132 transfretavit
878 1067 917 1134 ad
949 1085 1001 1132 eos
1026 1067 1164 1150 primus,
1189 1075 1221 1134 66
1251 1067 1399 1134 viderunt

434 1189 507 1238 666
534 1171 591 1236 viri
615 1177 648 1238 et
671 1171 866 1238 transierunt
891 1179 960 1256 post
981 1189 1053 1238 eum
1074 1199 1102 1236 ».

527 1277 682 1354 Secundo,
707 1277 821 1354 Christi
847 1277 1041 1354 consilinm,
1067 1279 1143 1362 quia
1164 1279 1399 1362 discipolosin-

308 1411 398 1456 mg„
436 1381 563 1458 vitavit,
590 1387 624 1446 ut
656 1399 762 1446 secum
798 1381 986 1458 transirent3
1022 1381 1224 1450 Ecclesiastici
1248 1385 1400 1468 vigesimo

273 1465 426 1580 aiiiiiil

289 1575 320 1616 est
335 1573 414 1616 Christi

436 1495 550 1574 quarto
563 1487 594 1552 2:
623 1511 639 1542 r
657 1487 798 1552 Transite
822 1485 861 1552 ad
879 1505 946 1564 me,
964 1505 1092 1564 earnes,
1107 1489 1162 1572 qui
1177 1489 1400 1574 concupiscitis

293 1625 412 1670 66666.
437 1611 537 1672 me»,
560 1591 678 1658 scilicet
702 1611 741 1660 es
768 1593 827 1658 hoo
852 1591 982 1668 munde,
998 1591 1052 1676 qui
1073 1611 1133 1658 uon
1151 1599 1197 1660 est
1221 1593 1280 1660 nisi
1296 1601 1400 1660 trans·-

437 1699 501 1766 itus
537 1699 683 1784 quidam3
716 1699 838 1764 loannis
870 1697 990 1764 decimo
1025 1685 1133 1764 tertio}
1163 1699 1233 1764 «Ut
1261 1707 1401 1766 transeat

437 1825 480 1874 ex
504 1807 562 1872 hoc
589 1805 705 1870 mundo
728 1805 767 1870 ad
790 1805 913 1870 Patrem
929 1829 962 1882 »3
984 1811 1016 1870 et
1039 1803 1078 1870 ad
1101 1805 1256 1870 Hebraeos
1279 1805 1401 1870 decimo

438 1913 551 1996 tertio:
579 1937 594 1970 «
610 1911 677 1978 Non
701 1909 854 1978 habemus
876 1911 927 1976 hic
953 1917 1128 1976 manentem
1153 1909 1329 1988 civitatem,
1346 1909 1400 1976 sed

438 2019 579 2088 suturam
609 2017 847 2106 inquirimus».
872 2017 1002 2092 Beatus,
1029 2017 1083 2100 qui
1111 2015 1157 2082 sic
1175 2017 1293 2082 transit
1328 2035 1399 2082 cum

429 2127 563 2194 ¹Christo
594 2143 681 2208 «per
714 2123 795 2190 hona
825 2123 1029 2206 temporalia,
1052 2131 1090 2188 ut
1115 2141 1177 2188 non
1203 2123 1327 2189 amittat
1349 2141 1401 2188 66-

439 2233 600 2310 6666616
616 2231 708 2314 6616,
727 2229 902 2314 Sapientiae
916 2227 1036 2294 decimo
1050 2235 1180 2314 quarto,
1204 2253 1220 2286 «
1234 2233 1402 2294 transeun-

440 2347 488 2404 tes
512 2353 599 2404 mare
620 2353 678 2422 per
704 2343 801 2418 ratem
826 2333 948 2402 liberati
974 2341 1048 2400 sunt
1062 2359 1095 2398 s.

531 2441 635 2522 Tertio
671 2459 760 2518 vero,
794 2439 909 2506 Christi
944 2439 1164 2518 carmardam,
1196 2439 1271 2525 quia
1305 2441 1402 2506 simul

278 2565 513 2626 inmensa-cum
539 2547 614 2632 ipsis
636 2547 669 2614 in
692 2547 763 2614 navi
790 2545 949 2626 transivit;
969 2545 1069 2612 lsaiae
1086 2545 1328 2632 quadragesimo
1344 2551 1404 2612 ter·

323 2627 385 2672 6166.

330 3115 331 3118 =
442 3079 606 3162 usquead
630 3079 932 3144 consummationem
957 3077 1073 3144 saeculi
1091 3103 1119 3142 n.

440 2653 524 2722 yios.
553 2679 569 2710 «
587 2653 665 2720 Cum
699 2653 862 2720 transieris
898 2671 953 2736 per
984 2669 1101 2736 aquae,
1129 2659 1233 2718 tecum
1268 2671 1341 2732 ero,
1370 2659 1403 2720 et

440 2761 573 2828 flumina
597 2779 657 2826 non
675 2761 818 2846 operient
834 2767 891 2824 66»
914 2757 1121 2844 666.,661616
1140 2761 1274 2826 Psalmo:
1295 2785 1311 2818 «
1323 2761 1402 2826 Cum

440 2867 509 2952 ipso
545 2885 614 2932 sum
650 2867 681 2932 in
719 2866 972 2944 tribulatione»;
1006 2873 1038 2932 et
1072 2865 1218 2932 Matthaei
1253 2865 1404 2950 vigesimo

441 2981 569 3040 octavo:
601 2971 807 3056 18666666
834 2971 993 3038 vobiscum
1019 2989 1090 3038 som
1112 2971 1259 3058 omnihus
1292 2971 1405 3040 diebus

535 3183 586 3248 hh.
611 3183 700 3250 Circa
726 3185 879 3268 impetum
902 3185 1082 3270 procellae,
1106 3185 1137 3250 iu
1173 3203 1237 3268 quo
1266 3145 1406 3272 designa-

295 3313 355 3358 666
365 3313 432 3372 imp..
444 3291 498 3354 tur
524 3289 658 3354 tentatio
681 3287 833 3366 animae,
859 3287 918 3354 tria
945 3295 1020 3354 sunt
1043 3289 1238 3356 attendenda.
1267 3289 1403 3356 Primum

281 3371 324 3410 tum
350 3371 432 3430 proeel-

281 3417 314 3462 lae
323 3433 392 3476 primo
401 3427 432 3466 at·

305 3473 412 3518 tendenda

445 3401 495 3460 est
525 3393 721 3466 obdormitio
746 3391 870 3482 Christi
876 3417 889 3472 ,·
918 3391 1001 3478 quod
1034 3395 1160 3478 quidem
1190 3402 1254 3474 est,
1281 3395 1407 3480 quando

308 3523 409 3570 6666.
445 3497 561 3564 Christi
583 3517 672 3564 amor
694 3505 728 3562 et
751 3499 902 3564 memoria
925 3499 1073 3582 torpescit
1098 3491 1261 3578 in'corde3
1287 3517 1358 3566 nam
1373 3499 1407 3566 in

314 3577 401 3622 Christi.

446 3623 482 3670 se
503 3623 564 3688 uon
590 3599 811 3684 obdormivit;⁴
829 3607 1010 3672 Psalmusi:
1042 3631 1056 3664 «
1073 3603 1168 3684 Eece,
1199 3625 1259 3672 non
1290 3607 1408 3672 dormi-

446 3709 525 3778 tabit
555 3729 659 3796 66666
688 3709 823 3778 dormiet
859 3713 914 3796 qui
948 3711 1086 3778 custodit
1119 3713 1214 3778 lsrael
1230 3739 1260 3792 »3
1291 3715 1346 3780 sed
1374 3713 1409 3782 in

386 3895 387 3898 Ἴ
446 3817 554 3896 nohis;
578 3825 708 3903 propter
734 3817 815 3902 quod
833 3816 948 3884 dicitur
966 3817 1110 3884 Matthaei
1128 3819 1280 3904 vigesimo
1301 3825 1408 3886 sexto:

296 4645 381 4676 scansus
390 4643 439 4686 pro·

296 4687 369 4730 cellae.

452 3923 615 4010 «Vigilate
637 3931 669 3988 et
689 3929 797 4000 orate,
812 3931 850 3988 ut
871 3943 933 3988 non
959 3923 1082 3990 intretis
1106 3925 1135 3988 in
1163 3925 1363 3990 tentationem
1376 3949 1409 4006 ¹³3

446 4027 570 4096 etideo
596 4027 715 4112 primae
740 4027 818 4094 Petri
845 4027 973 4094 ultimo:
1001 4053 1017 4084 «
1036 4027 1134 4094 Sobrii
1168 4033 1266 4096 estote
1298 4037 1329 4096 et
1363 4029 1410 4096 vi·-

447 4135 543 4218 gilate
557 4159 588 4212 »3
614 4141 644 4198 et
668 4133 788 4216 primae
803 4133 841 4198 ad
859 4133 1150 4200 Thessalonicenses
1173 4135 1300 4218 quinto:
1323 4135 1410 4220 «lgi-

447 4245 501 4306 tur
526 4255 588 4304 non
623 4235 816 4305 dormiamus
850 4237 930 4306 sicut
962 4237 1071 4316 ceteri,
1109 4241 1163 4304 sed
1185 4238 1353 4324 vigilemus
1379 4247 1412 4306 et

448 4343 546 4410 sobrii
569 4343 683 4422 simus;
707 4343 762 4428 qui
787 4343 869 4409 euim
894 4343 1055 4410 dormiunt
1087 4351 1176 4410 nocte
1199 4345 1410 4414 dormiunt».

540 4449 719 4516 Secundum
743 4457 790 4516 est
812 4449 988 4516 descensus
998 4449 1164 4540 procellae
1178 4453 1266 4516 uenti
1273 4503 1284 4530 ,
1299 4451 1331 4516 in
1348 4469 1412 4536 quo

286 4579 390 4630 seinse,
401 4579 438 4624 6.
449 4555 632 4638 designatur
650 4553 783 4620 tmtatio
798 4553 938 4632 diaboli·
955 4555 1123 4622 Ezechielis
1139 4555 1242 4639 primo
1253 4555 1283 4620 ⁶:
1305 4579 1320 4612 «
1335 4555 1413 4620 Von-

451 4665 503 4726 tus
527 4657 663 4726 turbinis
686 4657 829 4726 veniebat
861 4659 900 4726 ah
931 4659 1077 4744 aquilone
1097 4687 1124 4724 6.
1151 4659 1203 4726 llio
1228 4663 1275 4726 est
1298 4665 1413 4726 ventas

449 4763 579 4830 veniens
609 4783 659 4828 «a
682 4765 810 4850 regione
845 4765 978 4844 deserti,
1008 4765 1062 4850 qui
1100 4765 1239 4832 concutit
1274 4771 1413 4850 quatuor

449 4869 582 4954 angulos
606 4871 719 4936 domus
735 4899 765 4948 »,
791 4871 820 4938 id
845 4877 892 4938 est
915 4877 1052 4956 quatuor
1077 4871 1189 4938 mentis
1206 4869 1348 4948 allectus
1371 4869 1412 4936 de

418 5019 419 5022 =
450 4995 514 5062 quo
539 4975 654 5042 dicitur
679 4975 732 5044 lob
755 4977 874 5060 primo;
900 4975 949 5044 hic
975 4983 1039 5056 est,
1061 4975 1102 5044 de
1124 4993 1188 5062 quo
1206 4975 1412 5042 Ecclesiastici

450 5081 690 5166 quadragesimo
715 5083 823 5150 tertio:
854 5083 1029 5166 «Frigidus
1052 5089 1165 5148 ventus
1187 5079 1295 5164 aquilo
1309 5077 1413 5160 havit,

450 5195 484 5254 et
505 5187 619 5272 gelavit
641 5187 810 5272 crystallus
831 5189 872 5254 ab
895 5207 978 5272 aqua
991 5215 1020 5272 a.

524 5467 534 5498 ¹
557 5471 629 5522 Vere.
651 5471 681 5532 6;
700 5485 749 5534 pro
767 5469 954 5540 transfretavit
974 5473 1051 5524 codd.
1070 5471 1204 5526 transicit.
1225 5473 1314 5524 Plures
1332 5471 1411 5524 codd.

452 5557 711 5622 allegandarum.
732 5555 764 5622 d,
785 5555 843 5622 45,
864 5557 909 5610 ald
936 5559 1019 5610 simile
1049 5565 1170 5612 narratur
1191 5559 1227 5612 de
1244 5559 1325 5624 luda,
1346 5559 1411 5612 dum

452 5647 502 5698 At:
515 5647 567 5698 Dll
586 5659 710 5710 expresse
729 5647 866 5698 nominant
884 5647 1028 5712 1666666,
1047 5647 1080 5700 de
1106 5661 1160 5714 quo
1187 5649 1274 5712 agitor
1293 5647 1310 5700 l.
1329 5649 1413 5700 Mach.

454 5735 500 5798 16,
520 5735 546 5796 6,
564 5739 590 5784 66
609 5731 653 5784 ubl
682 5741 822 5788 occurrunt
850 5731 932 5786 verba
961 5735 1002 5786 hie
1025 5735 1143 5800 allegata.
1165 5761 1200 5774 -·-
1220 5735 1346 5800 Superius
1364 5749 1413 5800 pro

346 5819 347 5824 ’
453 5823 486 5876 16
503 5821 596 5892 dyona
615 5819 696 5874 66666
715 5821 828 5874 ACDG
848 5821 934 5876 66666
951 5821 1053 5890 sipara.

456 5999 504 6064 ra,
524 5999 567 6050 lt.

524 5905 536 5938 ⁹
558 5909 630 5962 Vers.
651 5911 694 5962 26.
713 5911 825 5962 -Duo
845 5923 920 5976 seqq.
938 5911 989 5962 loci
1007 5917 1067 5962 sunt
1087 5911 1154 5962 loen.
1179 5911 1222 5974 i3,
1246 5913 1264 5960 l.
1286 5919 1311 5962 et
1330 5909 1410 5964 Hebr.

524 6079 676 6148 ³Gregor,
692 6083 761 6136 Libr.
783 6085 1024 6148 sacramentorum,
1045 6097 1094 6150 pro
1119 6083 1288 6136 hebdomada
1307 6085 1332 6136 6.
1354 6091 1414 6148 post

452 6171 558 6224 Pentec.
576 6169 615 6236 (in
632 6171 749 6224 Breviar.
767 6175 886 6224 Romano
901 6171 1002 6222 Domin.
1016 6173 1041 6222 3.
1056 6179 1115 6234 post
1134 6171 1260 6238 Pendeat:
1282 6175 1414 6226 Protector

453 6259 481 6312 in
500 6265 525 6312 te
538 6259 715 6324 sperantium,
735 6261 828 6310 Deos..
860 6259 999 6323 multiplica
1024 6271 1107 6322 super
1129 6273 1179 6312 nos
1203 6259 1413 6314 misericordiam

454 6353 543 6410 tuam,
563 6355 603 6412 ot,
623 6355 646 6400 te
665 6353 778 6412 rectore,
799 6353 822 6398 te
842 6347 925 6410 doce,
941 6347 981 6400 sie
998 6353 1164 6400 transeamus
1189 6361 1239 6410 per
1260 6345 1329 6400 bana
1349 6355 1415 6400 tem-

454 6435 568 6500 poralia,
586 6439 685 6488 utnon
704 6433 855 6486 amittamus
872 6439 987 6486 aeterna.
1004 6461 1042 6472 -
1061 6433 1184 6502 Sequitur
1202 6433 1263 6498 Sap.
1287 6433 1330 6496 tt,
1351 6437 1375 6488 5.

525 6519 538 6550 ⁴
560 6523 633 6574 Vere.
651 6523 684 6584 2,
701 6527 761 6586 post
780 6535 861 6588 quam
880 6523 921 6572 Pe.
940 6521 987 6586 90,
1009 6521 1049 6572 16.
1067 6529 1094 6572 66
1113 6523 1199 6574 Matth.
1220 6523 1266 6586 28,
1289 6521 1329 6572 26.

525 6607 538 6638 ⁵
558 6611 650 6662 Psalm.
674 6609 738 6670 tao,
758 6605 782 6660 6.
803 6637 835 6646 -
854 6609 921 6660 Tres
938 6621 1011 6676 seqq.
1030 6607 1079 6660 loci
1099 6613 1160 6660 sunt
1172 6607 1258 6658 Matth.
1278 6607 1416 6674 26,11;Ι.

455 6699 522 6750 Patr.
543 6697 574 6760 6,
593 6697 619 6748 8.
637 6699 699 6750 661.
719 6697 811 6748 Thess
830 6697 863 6764 5,
881 6697 907 6748 6.
927 6709 982 6764 seq.
1024 6729 1025 6734 κ

526 6779 538 6812 ⁶
558 6785 630 6838 Vers.
652 6785 678 6838 i.
697 6813 731 6822 -
749 6783 868 6838 Subinde
884 6787 1029 6850 allegantur
1049 6783 1093 6838 lob
1106 6787 1141 6854 l,
1166 6785 1204 6838 19.
1223 6789 1249 6838 61
1266 6783 1344 6836 Eccli.
1364 6785 1416 6852 13,

456 6875 500 6924 22,
512 6899 549 6910 -
567 6873 606 6924 66
623 6877 737 6940 quatuor
755 6873 849 6926 mentis
868 6871 1003 6928 affectibus
1021 6887 1069 6928 seu
1090 6871 1257 6940 passionibus
1276 6871 1416 6940 (gaudium

566 6993 595 7048 S.
614 6995 718 7048 Bonan.
731 7021 765 7034 -
780 6997 859 7050 Tam.
877 6997 931 7050 Vll.

2351 583 2414 654 aar

1547 751 1689 818 Tertium
1712 757 1761 814 est
1779 749 1978 834 periclitatio
2004 749 2100 816 nonis
2127 751 2309 834 impulsae,
2336 771 2583 836 6666166666-

1459 855 1600 940 designal
1620 853 1904 940 perturbationem
1928 855 2073 922 ardinnae.
2097 855 2185 940 Aqua
2208 855 2289 922 enim
2316 857 2418 940 ingre·
2445 827 2530 922 iiim
2545 835 2583 868 Μ’

1460 961 1546 1030 diens
1564 961 1593 1026 in
1611 961 1787 1026 naviculam
1805 967 1852 1028 est
1868 961 2066 1046 perturbatio
2081 961 2202 1028 intrans
2216 961 2250 1026 in
2266 961 2418 1048 animam,

1461 1073 1491 1132 et
1516 1074 1591 1132 tunc
1615 1065 1758 1132 imminet
1779 1065 1965 1150 periculum.
1992 1067 2079 1134 Unde
2093 1067 2126 1132 in
2144 1065 2305 1132 Psalmo⁷z
2327 1067 2420 1134 «Sal-

1462 1191 1536 1240 vum
1556 1189 1605 1240 me
1622 1173 1687 1252 fac,
1706 1173 1806 1252 Deus,
1824 1173 1970 1258 quonlam
1988 1173 2189 1240 intraverunt
2204 1189 2304 1258 66666
2321 1189 2421 1256 usque

1462 1279 1500 1342 ad
1524 1279 1659 1344 animam
1683 1297 1783 1346 meam
1801 1303 1833 1354 »;
1855 1279 2055 1346 Threnorum
2081 1279 2192 1346 tertio:
2221 1305 2237 1336 «
2251 1275 2420 1346 inundave-

1464 1391 1539 1448 runt
1563 1401 1663 1468 aquae
1688 1403 1784 1468 super
1808 1393 1902 1468 caput
1925 1403 2050 1462 meum;
2075 1385 2159 1450 dixi:
2186 1383 2262 1468 perii
2279 1409 2312 1448 a.

1550 1489 1603 1554 aa.
1630 1489 1719 1554 Circa
1749 1489 2001 1556 consolationem
2029 1491 2163 1556 animae
2195 1489 2256 1554 tria
2278 1495 2352 1556 sunt
2377 1497 2421 1556 at·
2447 1509 2586 1574 ¹caenat-

1463 1593 1626 1660 teudenda.
1654 1595 1788 1660 Primum
1815 1603 1860 1662 est
1885 1597 1992 1662 oratio
2009 1597 2041 1664 in
2063 1593 2187 1662 Christi
2212 1595 2421 1674 tantamne,-
2438 1565 2586 1678 iiidh‘ii
2615 1599 2616 1602 ’

1463 1697 1547 1783 quod
1580 1699 1706 1784 quidem
1729 1701 1767 1765 iit
1796 1719 1852 1784 per
1885 1703 2073 1782 orationem;
2103 1701 2195 1792 iniraw
2216 1669 2586 1768 uneeotn082²ii³iliilf¹'

1469 1827 1484 1858 «
1500 1803 1578 1886 Qrtis
1594 1809 1734 1870 vestrum
1752 1805 1880 1871 habebit
1901 1805 2036 1872 amicum
2050 1833 2067 1864 6
2087 1813 2163 1884 666.;
2183 1807 2276 1872 lsaiae
2293 1823 2423 1890 sexage-

1465 1907 1543 1974 simo
1568 1915 1699 1994 quarto:
1728 1935 1744 1968 c<
1761 1911 1827 1976 Non
1849 1917 1898 1976 est
1927 1911 1980 1994 qui
2015 1911 2138 1978 invocet
2166 1929 2279 1978 nomeu
2313 1919 2421 1992 tuum,

1465 2013 1519 2100 qui
1542 2021 1653 2098 surgat
1674 2022 1707 2080 et
1729 2021 1835 2080 teneat
1858 2021 1889 2080 te
1906 2041 1935 2080 a.
2216 2005 2218 2012 ’

1553 2119 1730 2186 Secundum
1756 2125 1802 2186 est
1827 2119 1944 2184 mentia
1960 2119 2084 2186 deuotio
2105 2119 2142 2184 in
2165 2115 2423 2206 trulaqnillitnte,·
2439 2141 2588 2206 666666

1466 2223 1580 2292 Tobiae
1603 2225 1696 2290 tertio
1709 2223 1737 2290 ⁹:
1770 2251 1784 2282 «
1802 2225 1872 2290 Post
1890 2231 2102 2308 tempestatem
2120 2227 2327 2310 tranquillum
2348 2227 2426 2296 facis
2472 2198 2540 2254 '⁰³¹⁰'

1465 2339 1495 2398 et
1520 2337 1590 2416 post
1611 2331 1867 2416 lacrymationem
1900 2337 1930 2398 et
1961 2329 2073 2398 fletum
2105 2333 2348 2398 exsultationem
2379 2333 2424 2398 ln-

1466 2437 1572 2502 166616
1585 2461 1614 2516 »;
1632 2437 1805 2524 Sapientiae
1829 2437 2030 2504 duodecimo:
2052 2463 2069 2494 «
2082 2437 2130 2500 lu
2146 2443 2263 2530 autem,
2284 2437 2426 2504 666666-

1467 2549 1517 2608 tor
1539 2543 1680 2622 virtutiS,
1707 2563 1778 2610 cum
1803 2543 2031 2630 tranquillitate
2054 2543 2220 2612 iudicas».

1554 2653 1697 2718 Tertium
1715 2659 1762 2718 est
1781 2653 1839 2716 Dei
1851 2647 2082 2734 6666666666
2093 2651 2126 2716 in
2143 2653 2213 2730 hoc,
2228 2651 2313 2736 quod
2326 2651 2425 2720 Deum
2447 2667 2582 2730 661666
2630 2691 2631 2694 =

1468 2763 1660 2824 venerantur
1694 2763 1724 2824 et
1754 2757 1863 2824 timent
1889 2763 1918 2824 et
1954 2757 2160 2834 cantitentur;
2186 2755 2281 2823 Exodi
2306 2757 2427 2824 decimo
2438 2721 2589 2766 mmm

1469 2863 1641 2947 quartall:
1669 2863 1858 2930 «Liberavit
1882 2863 2033 2930 Dominus
2057 2863 2151 2930 lsrael
2174 2863 2213 2930 de
2245 2881 2340 2930 mauu
2372 2865 2426 2930 ,16-

1468 2969 1650 3054 gyptiorum
1666 2997 1695 3036 t,
1731 2971 1851 3036 «luno
1884 2967 1994 3036 cecinit
2025 2971 2146 3062 Moyses
2180 2969 2336 3036 canticum
2366 2971 2427 3034 Do-

1363 3115 1364 3118 =
1470 3073 1553 3142 mino
1571 3103 1587 3134 »
1607 3085 1665 3142 ete.
1682 3075 1787 3142 -De
1811 3075 1860 3142 his
1886 3075 1986 3142 trihus
2003 3073 2118 3142 dicitur
2143 3073 2172 3140 in
2200 3075 2334 3140 Psalmo:
2354 3101 2370 3132 «
2386 3075 2427 3140 ln-

1470 3197 1545 3246 voca
1560 3199 1610 3246 me
1627 3181 1658 3246 in
1680 3179 1731 3248 die
1755 3179 1979 3258 tribulationis,
1997 3185 2028 3244 el
2042 3197 2153 3245 eruam
2169 3187 2214 3258 te,
2230 3179 2427 3246 666666616-

1470 3287 1554 3354 eabis
1580 3305 1627 3354 me
1646 3315 1674 3352 l.
1692 3327 1735 3336 -
1752 3289 1788 3352 Et
1811 3289 1854 3354 sic
1872 3295 1967 3370 patet,
1982 3287 2141 3372 quomodo
2156 3285 2361 3370 spiritualiter
2378 3289 2428 3354 hie

1470 3391 1653 3478 designatur
1675 3393 1828 3460 transitus
1849 3393 1971 3460 animae
1995 3391 2191 3476 poenitentis.

1558 3499 1611 3562 bd.
1641 3499 1676 3562 at
1700 3499 1948 3582 navigaverant
1970 3499 2016 3564 ad
2039 3497 2244 3584 6666666611
2268 3505 2327 3564 etc.
2345 3500 2429 3566 Post·
2444 3517 2593 3580 cirta-sacun-

1472 3619 1566 3688 quam
1591 3603 1692 3688 primo
1716 3603 1850 3670 ostendit
1881 3603 2091 3690 avangelista,
2115 3603 2276 3670 Christum
2312 3571 2490 3672 habereiii
2505 3583 2594 3680 iiiiii}

1471 3705 1644 3772 dominium
1668 3727 1767 3794 supra
1782 3715 1959 3774 creaturam
1977 3709 2191 3790 corporalem;
2218 3709 2268 3774 hie
2291 3710 2428 3778 secundo
2444 3677 2550 3722 mmmm*

1473 3813 1616 3892 ostendit,
1634 3815 1750 3880 habere
1775 3813 1948 3882 dominium
1972 3831 2070 3898 supra
2092 3813 2301 3898 spiritantem
2327 3817 2355 3880 io
2374 3835 2430 3882 ex-

1474 3919 1616 4004 pulsione
1640 3919 1814 3986 admirabili
1847 3919 2064 3996 daemoniacae
2096 3921 2233 4006 legionis.
2268 3923 2352 3988 Unde
2385 3925 2430 3988 ln-

1474 4025 1572 4090 tendit
1598 4025 1791 4110 Evangelista
1818 4025 1850 4090 in
1874 4025 1932 4090 hac
1958 4033 2045 4108 parte
2069 4025 2229 4108 explicare
2255 4025 2429 4094 mirabilem

1475 4129 1689 4198 liberationem
1703 4131 1893 4196 daemoniaci
1907 4129 2018 4196 factam
2036 4129 2191 4198 mediante
2208 4129 2327 4198 virtute
2342 4131 2431 4198 Chri-

1475 4235 1524 4300 sti.
1549 4235 1593 4300 16
1613 4235 1713 4302 huius
1733 4243 1839 4300 autem
1862 4235 2004 4302 miraculi
2029 4235 2270 4320 explicationem
2294 4243 2431 4322 quatuor

1475 4339 1731 4408 introducuntur.
1757 4339 1897 4408 Primum
1919 4347 1967 4408 est
1991 4339 2145 4406 uiolentia
2160 4341 2332 4408 eleemonis
2348 4343 2431 4410 abai-

1475 4445 1601 4522 666166·
1612 4443 1787 4510 secundum
1798 4451 1847 4510 est
1857 4445 2094 4530 omnipotentia
2105 4447 2238 4510 Domini
2249 4445 2432 4528 therentio,

1476 4551 1558 4634 quod
1576 4549 1764 4618 determinat
1778 4549 1872 4616 ibi12:
1891 4551 2433 4638 61666666616666666666-

1476 4653 2420 4742 retiliisetc.;tertiumestreoerentinpopalioccorrent‘s

1476 4761 1538 4828 ibi:
1562 4761 1660 4844 Quod
1680 4769 1719 4828 nt
1740 4761 1900 4828 viderant
1920 4759 2071 4850 foetam,
2088 4763 2148 4850 qni
2159 4761 2342 4846 pascebant
2355 4770 2432 4842 ete.;

1476 4873 1626 4953 quartum
1652 4871 1698 4934 est
1716 4867 1931 4932 6666616666
1956 4867 2071 4934 carati
2086 4867 2356 4950 obtemperantis,
2375 4867 2432 4934 ibi:

1481 4973 1518 5038 dt
1533 4969 1674 5056 rogabat
1690 4969 1785 5036 ilium
1801 4971 1865 5050 ot'r,
1883 4991 1906 5038 6
1920 4989 1985 5058 666
2006 4971 2184 5038 daemonia
2209 4971 2359 5038 exierant
2373 4979 2431 5038 etc.
2470 5035 2539 5078 Primo
2553 5035 2598 5080 vn-

1572 5077 1731 5144 Vindemia
1765 5083 1869 5144 autem
1905 5075 2031 5166 diaboli
2058 5077 2235 5144 obsidentis
2258 5077 2435 5194 ostenditur
2449 5085 2599 5186 qqffltggr

1457 5223 1458 5228 κ
1477 5203 1518 5252 ex
1541 5191 1689 5268 quatuor,
1715 5183 1833 5250 scilicet
1847 5203 1888 5250 ex
1904 5181 2042 5270 [remita
2056 5181 2207 5268 sororis,
2231 5199 2273 5248 ex
2294 5189 2434 5266 strepitu
2450 5197 2583 5248 66666-

1477 5477 1501 5524 61
1520 5471 1607 5534 dolor,
1626 5483 1687 5536 spes
1706 5477 1732 5524 et
1750 5469 1840 5536 timor)
1859 5473 1908 5524 etr.
1925 5463 1996 5522 torn.¹
2010 5471 2046 5522 lll.
2059 5483 2119 5536 pag.
2135 5469 2202 5532 666,
2216 5473 2276 5520 6616
2288 5467 2313 5518 t.
2335 5473 2358 5518 et
2372 5479 2434 5530 pag.

1478 5557 1544 5626 556,
1562 5565 1623 5610 nota
1643 5557 1790 5612 61616666
1808 5571 1857 5620 pro
1875 5557 1971 5610 ventas
1988 5555 2096 5610 6666666
2108 5557 2166 5610 Vat.
2178 5557 2276 5610 666666
2289 5553 2433 5608 uehemens.

1547 5641 1672 5698 ἵ1166166.
1691 5645 1739 5710 68,
1757 5647 1788 5708 2,
1806 5645 1851 5696 661
1877 5643 2048 5708 subiungitur
2078 5645 2174 5696 Thren.
2201 5645 2232 5708 3,
2251 5641 2298 5704 bl,
2320 5639 2364 5692 ubi
2386 5651 2433 5706 pro

1477 5745 1557 5800 snper
1577 5735 1662 5800 capnt
1677 5745 1770 5786 meam
1788 5731 1902 5786 bCDG
1919 5745 2004 5800 nsque
2023 5731 2058 5784 ed
2077 5731 2199 5786 animam
2218 5743 2316 5782 meant.

1548 5815 1558 5846 ⁸
1580 5821 1655 5872 Vere.
1673 5821 1702 5882 6,
1722 5827 1782 5884 post
1798 5833 1877 5886 quem
1903 5821 1959 5872 lsai.
1978 5819 2025 5882 64,
2043 5819 2070 5872 i.
2091 5847 2125 5860 -·-
2145 5819 2272 5884 Superius
2294 5831 2345 5882 pro
2362 5813 2436 5870 6666-

1478 5907 1577 5962 tatione
1596 5909 1614 5960 Α
1634 5905 1797 5974 imitatione,
1818 5911 1871 5960 DC
1891 5907 2064 5962 6666666666.

1548 5991 1559 6024 ⁰
1581 5997 1656 6048 Vers.
1676 5997 1725 6060 22,
1743 5995 1790 6048 ubl
1807 6011 1857 6060 pro
1881 5995 1950 6064 facis
1978 5995 2055 6048 codd.
2078 5995 2153 6064 66666,
2171 6001 2197 6046 66
2223 5995 2249 6046 in
2276 5995 2437 6062 1166166666

1478 6081 1741 6150 ACDGyaodinm
1759 6085 1787 6136 et
1811 6081 2022 6136 6661666666
2045 6081 2170 6150 infundit.
2188 6079 2361 6132 -Subinde
2380 6079 2436 6132 alle·

1479 6177 1555 6234 gutur
1574 6171 1635 6234 Sap.
1664 6171 1705 6232 ta,
1727 6169 1767 6220 18.
2371 6207 2372 6210 ,

1550 6253 1572 6286 ¹⁰
1593 6259 1667 6310 Vers.
1685 6257 1729 6308 30.
1746 6263 1773 6308 et
1792 6255 1839 6318 15,
1862 6255 1944 6322 6,661
1961 6269 2008 6322 pro
2022 6255 2160 6310 cantianam
2176 6257 2229 6308 GH
2248 6269 2309 6308 eum
2324 6255 2436 6320 Vulgata

1480 6357 1601 6400 carmen.
1622 6373 1656 6382 -
1674 6343 1799 6410 Sequitur
1816 6343 1858 6396 Ps.
1877 6343 1925 6406 ts,
1946 6345 1956 6394 l
1964 6345 1988 6396 5.
2185 6349 2186 6352 ’

1551 6429 1572 6462 ¹¹
1593 6431 1643 6484 Cir.
1664 6445 1743 6494 supra
1763 6445 1825 6496 pag.
1850 6431 1914 6496 198,
1933 6439 1992 6484 nota
2013 6431 2039 6484 9.
2057 6459 2092 6468 -
2110 6431 2149 6484 De
2167 6431 2297 6484 divisione
2315 6445 2371 6498 seq.
2390 6433 2436 6484 cir.

1480 6533 1605 6586 supran.
1623 6517 1667 6572 st.
1684 6517 1788 6570 —Pro
1805 6517 1954 6586 Postquam
1970 6517 2061 6586 priate
2080 6519 2158 6572 codd.
2177 6517 2280 6586 Supra.
2298 6519 2436 6586 Aliquanto

1480 6607 1589 6662 interius
1613 6613 1674 6672 post
1700 6603 1812 6676 leyiom‘s
1832 6609 1851 6658 Β
1868 6607 1941 6660 addit
1969 6621 1986 6660 6
2014 6605 2132 6676 quodam
2151 6619 2279 6676 oppresso
2297 6613 2324 6660 et
2342 6607 2437 6664 omittit

1481 6695 1686 6762 propositionem
1708 6691 1783 6750 Unde
1799 6693 1938 6750 intendit...
1959 6693 2067 6750 Christi.

1551 6779 1574 6814 ¹²
1593 6785 1669 6838 Vers.
1687 6785 1736 6848 31,
1754 6785 1861 6838 tertium
1880 6785 1992 6838 babetur
2010 6799 2037 6838 v.
2056 6787 2101 6840 st.
2112 6793 2139 6840 66
2153 6791 2277 6855 quartum
2294 6801 2322 6840 v.
2336 6789 2377 6852 38,
2392 6787 2436 6844 ubi

1481 6887 1530 6940 pro
1548 6871 1590 6928 vir
1610 6873 1687 6928 codd.
1706 6871 1794 6928 bonta

2296 7003 2330 7054 26
