5900 8266
524 637 586 702 196

519 829 594 880 εθεθ
621 813 755 880 θθεεθῖῖε
788 811 1022 892 immunditiam
1053 811 1132 880 Osee
1164 817 1315 880 oeuvo1:
1347 815 1480 882 «lsrael

518 917 620 984 factus
642 923 689 986 est
712 919 743 984 in
767 919 945 1004 nationibus
962 919 1050 1004 quasi
1075 937 1130 986 vas
1154 919 1353 988 immundum
1367 947 1400 988 ».
1420 919 1479 988 Sed

519 1043 581 1090 non
599 1031 645 1092 θεῖ
670 1025 731 1090 ῖθῖθ
745 1043 800 1092 εθε
819 1025 949 1102 Ρθεῖεε,
968 1023 1005 1090 εῖθ
1029 1043 1093 1110 quo
1109 1027 1241 1091 ictuum
1266 1045 1363 1092 nono:
1385 1051 1403 1084 θ
1418 1025 1479 1092 Vas

518 1117 678 1198 electionis
701 1137 747 1198 est
779 1131 873 1210 mihi,
899 1135 935 1198 ut
966 1137 1068 1216 portet
1093 1147 1206 1198 nomen
1238 1133 1478 1198 meum‘ooram

518 1237 665 1324 gentibus
686 1247 720 1306 et
748 1239 877 1324 regibus
902 1245 932 1306 θῖ
963 1238 1035 1306 tiliis
1064 1239 1160 1306 lsrael
1182 1265 1215 1306 ε.
1246 1239 1308 1306 Hoc
1341 1237 1402 1306 fuit
1422 1257 1479 1306 vas

518 1351 681 1428 apertum,
718 1345 800 1428 quod
836 1345 1027 1412 illuminavit
1060 1345 1236 1424 mundum;
1260 1345 1479 1426 ¹licclesiastici

519 1449 757 1536 quadragesimo
780 1451 891 1518 tertio:
921 1477 936 1510 «
954 1451 1004 1522 Sol
1028 1451 1058 1518 in
1084 1455 1212 1536 aspectu
1234 1451 1425 1518 annuntians
1446 1453 1477 1516 in

518 1557 608 1624 exitu
632 1575 687 1624 ras
710 1555 906 1636 admirabile,
929 1573 1010 1642 opus
1033 1557 1199 1624 Excelsi».
1213 1591 1254 1606 -
1273 1559 1342 1622 Ant
1360 1555 1478 1622 subura

518 1663 635 1730 lectum
656 1663 758 1748 ponit.
783 1663 815 1728 ln
840 1663 916 1730 lecto
931 1667 1037 1728 autem
1062 1663 1179 1730 accidia
1194 1663 1392 1750 designatum
1410 1663 1478 1728 Pro·

518 1769 701 1834 verbiorum
725 1767 875 1856 vigesimo
899 1775 989 1836 sexto
1002 1767 1030 1834 2:
1060 1763 1179 1834 «Sicut
1203 1769 1318 1834 ostium
1341 1767 1476 1834 vertitur

518 1873 548 1941 in
573 1873 700 1942 cardine
722 1891 794 1954 suo,
820 1873 863 1942 sic
887 1873 975 1960 piger
998 1873 1031 1940 in
1053 1873 1170 1942 lectulo
1194 1891 1252 1942 suo
1268 1901 1298 1940 i.
1325 1873 1400 1940 liinc
1414 1879 1476 1954 est,

518 1981 603 2068 quod
627 1981 870 2068 reprehenditur
892 1985 1036 2050 «servus
1050 1981 1117 2062 ille,
1135 1981 1190 2066 qui
1206 1979 1367 2050 abscondit
1382 1999 1476 2066 pecu-

518 2089 602 2156 niam
629 2089 746 2166 domini
772 2089 819 2156 sui
836 2115 867 2168 u,
885 2089 1030 2156 lllatthaei
1046 2089 1200 2174 vigesimo
1218 2089 1344 2172 quinto,
1357 2092 1477 2156 ¹contra

518 2195 596 2262 illud
618 2195 824 2262 Ecclesiastici
847 2195 998 2280 vigesimo
1021 2213 1121 2260 nono:
1148 2221 1163 2252 (ι
1179 2195 1222 2260 Νθ
1244 2195 1416 2262 abscondas
1441 2193 1476 2260 il-

520 2301 580 2368 lam
602 2301 662 2368 sub
687 2301 786 2385 lapide
815 2301 846 2366 in
870 2299 1077 2386 perditionem
1102 2327 1134 2366 s.
1157 2299 1232 2366 Vult
1257 2319 1332 2386 ergo
1353 2299 1475 2380 dicere,

518 2409 601 2494 quod
618 2407 700 2476 sicut
714 2405 936 2474 inconveniens
959 2413 1023 2486 θεῖ,
1039 2405 1203 2474 ῖεθθεεθεε
1224 2423 1386 2474 accensam
1405 2407 1476 2474 abs-

484 2573 486 2578 ,
518 2515 651 2582 condere
682 2515 741 2582 sab
766 2531 837 2582 vase
869 2515 917 2604 vel
947 2515 1043 2592 lecto,
1069 2515 1113 2580 sic
1136 2513 1272 2580 divinam
1303 2515 1476 2602 intelligen-

518 2621 591 2686 tiam
616 2620 783 2686 occultare.
809 2619 845 2684 Et
868 2621 927 2686 boc
952 2621 1104 2704 estquod
1129 2620 1244 2688 dicitur
1273 2623 1474 2688 Ecclesiastici

517 2727 665 2814 vigesimo
678 2727 707 2792 3:
735 2725 923 2812 «Sapientia
947 2727 1128 2796 abscundita
1149 2734 1181 2796 et
1205 2729 1375 2804 thesaurus
1397 2729 1476 2798 invi-

481 2923 483 2928 ·
518 2851 589 2914 sus,
614 2851 696 2920 quae
718 2835 837 2902 utilitas
859 2833 891 2900 in
916 2833 1063 2920 utrisque
1091 2841 1132 2900 »ε
1155 2841 1188 2902 θῖ
1211 2843 1298 2920 post:
1330 2863 1344 2894 a
1370 2835 1476 2902 llelior

389 3787 496 3834 Secundo.

518 2947 566 3006 est
587 2941 694 3020 homo,
719 2941 773 3026 qui
797 2940 958 3006 abscondit
989 2941 1169 3018 stultitiam,
1205 2959 1300 3022 quam
1320 2939 1375 3022 qui
1403 2941 1476 3006 abs-

518 3047 622 3112 condit
652 3045 835 3132 sapienliam
869 3063 957 3112 suam
983 3073 1012 3110 ε.
1045 3045 1107 3112 Hoc
1137 3049 1244 3110 autem
1279 3043 1475 3128 intelligitur,

517 3151 642 3238 quando
664 3151 760 3218 habet
785 3157 909 3236 tempus
934 3157 963 3218 et
977 3151 1094 3218 locum.
1121 3151 1194 3216 Nam
1211 3149 1244 3216 in
1265 3149 1410 3214 Psalmo4
1434 3149 1476 3216 di-

516 3257 624 3324 citur:
653 3281 668 3316 «
683 3257 712 3322 ln
738 3255 831 3322 corde
855 3271 926 3322 meo
948 3255 1094 3322 abscondi
1119 3253 1243 3340 eloquia
1265 3259 1336 3334 tua,
1362 3261 1396 3322 ut
1412 3271 1475 3322 uon

516 3381 640 3450 peccem
663 3363 718 3430 tibi
745 3387 779 3440 »3
803 3371 834 3430 et
863 3379 1011 3430 rursum:
1040 3361 1166 3428 «Posui
1199 3363 1247 3428 ori
1269 3379 1339 3430 meo
1371 3367 1476 3428 custo-

515 3469 617 3550 diam,
648 3487 720 3536 cam
746 3469 929 3536 consisteret
956 3477 1101 3552 peccator
1129 3469 1296 3536 adversum
1324 3487 1391 3548 me;
1421 3469 1476 3534 ob·

516 3577 619 3644 mutui
641 3583 673 3642 et
696 3577 882 3642 humiliatus
903 3593 975 3642 sum
991 3601 1021 3642 θ.

605 3683 656 3750 ih.
683 3683 824 3750 Secundo
840 3699 917 3750 vero
941 3691 1095 3766 quantum
1112 3681 1149 3748 ad
1175 3681 1415 3768 conpruilatem
1438 3679 1475 3748 in

513 3787 682 3874 proposito
713 3787 875 3872 adiungit:
906 3787 969 3854 Sed
1001 3805 1112 3872 supra
1142 3787 1382 3854 cartdelubrum
1415 3805 1474 3872 po-

406 3943 407 3946 ,
514 3893 602 3974 niti,
620 3899 771 3980 quantum
796 3893 833 3960 θεῖ
855 3891 1088 3978 perfectionem
1112 3893 1263 3970 dirimis,-
1289 3903 1325 3958 ut
1342 3893 1473 3958 intran-

515 4007 561 4068 tes
575 4001 706 4068 uideant
731 3999 856 4078 lumen,
872 4017 930 4084 per
951 3999 1155 4084 apertionem
1172 3999 1336 4078 cordialia,
1362 4017 1472 4066 socun-

514 4103 589 4172 dum
614 4102 691 4172 illud
713 4105 858 4172 Matthaei
883 4105 1011 4190 quinto:
1042 4105 1188 4172 «Luceat
1210 4105 1268 4170 lux
1294 4111 1398 4172 vestra
1422 4121 1473 4170 co-

511 4229 582 4292 ram
614 4213 812 4290 hominibus,
844 4219 879 4276 ul
912 4211 1038 4276 videant
1067 4231 1164 4296 opera
1193 4219 1302 4278 vestra
1330 4211 1413 4278 bona
1442 4217 1475 4276 et

513 4319 688 4402 glorificent
711 4319 832 4384 Patrem
858 4323 1013 4396 vestrum,
1046 4317 1101 4402 qul
1124 4317 1158 4384 in
1181 4319 1273 4386 caelis
1304 4322 1352 4384 est
1373 4341 1410 4396 »ς
1434 4315 1475 4384 θεῖ

513 4421 727 4510 Philippenses
749 4423 904 4492 secundo:
933 4435 956 4482 c
975 4423 1058 4492 later
1081 4441 1162 4510 quos
1184 4425 1298 4492 lucetis
1319 4423 1402 4492 sicut
1424 4425 1474 4492 la-

512 4531 646 4600 minaria
662 4531 691 4598 in
717 4531 853 4612 muodo,
874 4533 1009 4600 verbum
1026 4531 1109 4600 vitae
1130 4531 1370 4600 continentes».
1395 4529 1475 4598 ῖῖῖεεῖ

493 4643 619 4736 Ιθεῖθεε
641 4639 749 4706 lumen
764 4657 827 4706 aon
852 4639 973 4719 vident,
988 4639 1047 4704 nisi
1071 4639 1125 4726 θεῖ
1142 4639 1261 4706 ῖεῖεθεῖ
1285 4637 1473 4726 per=fidem3

513 4745 588 4830 quia
619 4745 713 4810 ῖεθῖθθ
744 4745 901 4830 septimo6
931 4745 1107 4812 secundum
1129 4745 1350 4830 Septuaginta:
1377 4771 1395 4804 u
1411 4745 1475 4812 Nisi

513 4851 727 4930 credideritis,
750 4869 813 4918 non
844 4849 1023 4936 intelligetis
1039 4877 1068 4916 s.
1103 4849 1139 4916 Et
1162 4849 1199 4918 de
1231 4850 1291 4918 hoc
1322 4849 1395 4916 ndei
1425 4849 1473 4916 in-

513 4975 624 5042 gressa
648 4957 762 5024 dicitur
786 4957 909 5024 loannis
929 4955 1067 5024 decimo:
1098 4957 1186 5048 «Per
1212 4973 1262 5022 me
1279 4955 1302 5022 εῖ
1329 4957 1402 5043 θεῖε
1424 4957 1473 5020 in-

513 5061 654 5142 troierit,
687 5063 861 5130 salvabitur
889 5085 920 5142 »3
955 5061 1137 5138 introierit,
1170 5079 1226 5146 per
1257 5059 1365 5140 fidem,
1400 5061 1498 5148 quia,

518 5197 534 5230 a
549 5171 605 5256 qui
620 5169 789 5238 crediderit
809 5169 917 5236 salvus
932 5169 992 5236 erit
1009 5195 1039 5234 ».
1065 5167 1115 5236 lsti
1131 5167 1286 5236 intrantes
1306 5187 1363 5254 per
1379 5169 1474 5236 fidem

399 5357 401 5362 ¹
512 5275 668 5344 mediante
689 5275 832 5342 doctrina
855 5275 1041 5342 Sanctorum
1073 5275 1263 5360 perveniunt
1290 5273 1329 5340 ad
1359 5275 1474 5342 intelli-

512 5381 649 5468 gentiam
680 5387 966 5460 sacramentorum,
996 5381 1170 5448 secundum
1205 5379 1284 5450 illud
1316 5379 1425 5448 Ρεθῖεεῖ
1442 5383 1473 5446 ⁷:

519 5515 536 5548 a
554 5473 735 5554 illuminans
766 5493 800 5556 tu
824 5485 1011 5554 mirabiliter
1042 5505 1059 5554 a
1091 5487 1251 5554 montibus
1283 5487 1473 5556 aeternis».

518 5619 534 5652 a
550 5593 608 5678 Qui
632 5593 716 5662 enim
732 5593 771 5662 ad
786 5593 938 5662 iustitiam
962 5593 1111 5662 erudiunt
1134 5595 1266 5674 multos,
1289 5593 1379 5678 quasi
1400 5593 1473 5662 stel-

514 5701 559 5768 lae
583 5699 615 5764 in
646 5707 815 5786 perpetuas
838 5699 1038 5768 aeternitates
1061 5727 1094 5780 »‚
1116 5699 1254 5768 Danielis
1276 5698 1471 5768 duodecimo.
1500 5753 1501 5758 ,

584 6093 593 6124 ¹
614 6097 687 6148 Vers.
709 6097 731 6148 8.
749 6123 786 6138 -
798 6097 855 6148 Duo
875 6109 951 6160 seqq.
968 6095 1017 6148 loci
1031 6103 1092 6148 sunt
1106 6099 1161 6148 Act.
1181 6097 1211 6160 9,
1232 6097 1275 6148 lii.
1289 6103 1316 6148 et
1335 6097 1410 6150 Eccli.
1424 6097 1471 6160 ta,

514 6189 537 6238 2.
555 6181 606 6238 Cir.
626 6187 750 6250 aragon,
770 6185 856 6238 XXX.
875 6185 962 6236 Moral.
980 6199 1005 6238 c.
1025 6183 1068 6236 25.
1086 6199 1111 6238 n.
1131 6183 1174 6238 m.

510 6281 511 6284 ’
584 6271 594 6304 ²
612 6275 688 6328 Vera.
709 6271 750 6326 lt.
768 6301 804 6316 ·-
823 6271 940 6328 Subinde
958 6273 1102 6336 allegantur
1121 6275 1211 6326 lllatth.
1229 6273 1278 6336 25,
1297 6273 1341 6324 26.
1358 6287 1434 6340 εθθθ.
1448 6283 1473 6326 et

513 6363 589 6418 Eccli.
608 6365 657 6430 29,
677 6363 719 6414 ῖ3.

584 6449 688 6508 ³Vers.
716 6451 765 6518 32,
790 6458 849 6518 post
872 6463 954 6520 quem
974 6451 1022 6516 fl,
1041 6451 1088 6516 t8;
1112 6453 1161 6504 olr.
1180 6451 1227 6516 29,
1248 6451 1296 6504 33:
1322 6451 1409 6504 Melior
1434 6455 1473 6504 est

513 6543 558 6610 qui
572 6541 637 6596 celat
649 6541 825 6606 insipientiam
840 6553 929 6600 suam,
949 6553 1029 6606 qoam
1048 6543 1138 6604 homo,
1150 6541 1197 6608 qui
1214 6539 1352 6596 abscondit
1371 6541 1470 6604 sapien·

514 6631 575 6686 dam
593 6645 678 6684 suam

582 6715 708 6772 ‘'Psalm.
730 6721 792 6780 118,
817 6719 855 6770 lt.
875 6725 901 6770 et
917 6717 979 6770 dein
999 6719 1038 6770 Pe.
1058 6719 1104 6782 38,
1124 6721 1148 6770 2.
1167 6733 1223 6786 seq.

582 6805 702 6862 ⁶Plures
728 6807 807 6862 codd.
836 6805 890 6862 Sed
914 6817 998 6874 super
1022 6805 1216 6870 madeludrum
1244 6805 1410 6882 superponit.
1437 6831 1472 6846 -

514 6897 663 6964 Sequuntur
681 6899 768 6952 blatth.
787 6899 819 6964 5,
841 6897 883 6950 16.
899 6901 925 6948 θῖ
944 6895 1008 6952 Phil.
1028 6899 1061 6960 2,
1082 6897 1124 6950 ῖ5.
1141 6911 1197 6964 εθθ.
1214 6925 1251 6938 ·-
1268 6895 1395 6962 Superius
1413 6895 1470 6948 Vat

513 6985 568 7036 sota
587 6983 786 7054 apparitionem
805 6981 913 7038 obtata
932 6997 981 7048 pro
998 6983 1188 7054 perfectionem
1205 6983 1323 7040 circulis.

1109 637 1302 706 comment.
1327 643 1365 706 IN
1386 639 1624 708 avuncunlum
1650 641 1767 708 tuctu
1791 641 1823 706 C.
1849 641 1920 708 Vlll.

1542 817 1579 882 Εῖ
1601 817 1670 884 ῖεῖθθ
1692 817 1846 884 Dominus
1866 815 1988 882 dicebat
2011 815 2171 900 discipulis
2195 817 2340 886 Matthaei
2362 817 2497 886 decimo:

1547 919 1667 1006 «Quod
1691 921 1761 988 dico
1792 919 1881 988 vobis
1904 921 1934 986 in
1967 919 2104 988 tenebris
2127 921 2220 988 dicite
2246 921 2441 1002 inlumina,
2467 931 2499 994 θῖ

1541 1025 1625 1110 quod
1650 1027 1680 1092 in
1706 1045 1783 1094 aure
1804 1025 1920 1094 auditis
1944 1025 2119 1112 praedicate
2144 1031 2382 1112 supertecta».

1631 1135 1682 1200 25.
1709 1133 1809 1216 (vers.
1843 1135 1916 1218 lt).
1943 1131 2018 1198 Non
2045 1141 2094 1198 eat
2123 1131 2211 1198 enim
2240 1133 2412 1200 occrcltnm.
2447 1135 2499 1206 llio
2517 1153 2664 1264 &iffi

1541 1239 1678 1308 εθθεεεῖθ
1703 1241 1813 1306 ῖεεῖῖθῖ
1836 1239 1961 1306 eosdem
1982 1239 2024 1306 ad
2045 1239 2357 1306 communicationem
2384 1241 2499 1308 doctri-
2526 1259 2655 1368 effip-

1541 1363 1599 1414 nae
1622 1345 1809 1414 necessitate
1832 1347 1971 1432 superni
1991 1345 2112 1412 iudicii
2134 1345 2310 1430 dupliciter,
2334 1353 2400 1412 tum
2426 1365 2499 1432 pro-

1541 1457 1611 1534 pter
1646 1451 1785 1518 futuram
1817 1445 2118 1536 manifestationem
2153 1451 2261 1516 omnis
2294 1449 2373 1516 boni
2384 1501 2393 1528 ,
2429 1457 2499 1522 tum

1541 1563 1671 1642 propter
1695 1557 1836 1622 futuram
1858 1557 2086 1624 revelationem
2108 1557 2216 1624 omnia
2240 1555 2330 1624 muli.

1633 1661 1734 1726 Primo
1767 1661 1862 1744 igitur
1888 1669 2040 1746 quantum
2072 1661 2109 1728 ad
2135 1663 2274 1728 laturam
2302 1659 2499 1748 manifestu-
2516 1679 2596 1724 etima.

1541 1769 1660 1834 tionem
1685 1767 1793 1834 omnic
1826 1765 1902 1834 boni
1932 1765 2067 1834 dicitur:
2090 1765 2163 1834 Non
2197 1777 2243 1834 est
2272 1769 2359 1836 enim
2390 1771 2499 1838 oecul-

1541 1881 1628 1954 tum,
1652 1873 1771 1942 scilicet
1793 1873 1928 1952 bonum,
1952 1873 2039 1960 qaod
2063 1891 2128 1940 non
2150 1873 2392 1960 vuanifcctetur,
2417 1876 2499 1944 scili·

1540 1987 1590 2046 oet
1613 1997 1669 2064 per
1693 1981 1838 2046 futurum
1861 1977 2030 2058 iudicium
2056 1979 2139 2046 unde
2161 1981 2317 2046 secundae
2335 1981 2375 2046 ad
2390 1979 2500 2050 Corin-

1540 2087 1623 2156 thios
1639 2087 1788 2172 quintal:
1812 2085 1974 2170 «Oportet
1991 2085 2088 2166 enim,
2111 2105 2166 2154 nos
2183 2105 2289 2154 omncs
2306 2085 2498 2158 manifestari

1538 2199 1611 2260 ante
1628 2195 1766 2262 tribunal
1788 2191 1923 2272 Christi,
1948 2199 1983 2258 at
2000 2193 2130 2278 recipiat
2151 2191 2386 2278 unusquisque,
2403 2201 2499 2276 prout

1538 2299 1636 2386 gessit
1661 2301 1696 2366 in
1718 2317 1849 2386 corpore
1871 2325 1901 2364 ».
1927 2299 1989 2366 Ηθθ
2012 2305 2117 2366 autem
2148 2299 2209 2366 erit
2241 2299 2271 2364 in
2297 2299 2430 2378 iudicio,
2459 2301 2499 2368 de

1539 2427 1603 2494 quo
1628 2407 1746 2494 primae
1768 2407 1807 2474 ad
1830 2397 2008 2476 Corinthios
2029 2413 2144 2494 quarto
2167 2405 2294 2488 dicitur,
2317 2405 2400 2492 quod
2431 2407 2499 2475 «ῖῖ-

1540 2513 1706 2580 luminabit
1720 2513 1901 2580 abscondita
1925 2513 2127 2580 tenebratum
2150 2519 2183 2582 θῖ
2196 2513 2405 2580 manifestabit
2426 2531 2498 2580 con·-

1540 2617 1609 2686 silia
1633 2617 1793 2698 cordium,
1817 2623 1847 2684 et
1865 2625 1940 2686 tunc
1962 2619 2031 2686 laus
2048 2617 2108 2686 erit
2132 2617 2352 2704 unicuique»,
2376 2623 2407 2684 θῖ
2424 2617 2497 2698 hoc,

1539 2725 1616 2810 qaia
1638 2725 1696 2790 lux
1720 2725 1815 2792 habet
1836 2725 2060 2808 proprietatem
2084 2723 2362 2802 manifestativam,
2385 2739 2498 2790 secun-

1539 2833 1616 2898 dum
1639 2831 1716 2898 illud
1741 2830 1778 2897 ad
1805 2831 1950 2914 Ephesios
1974 2829 2102 2914 quinto:
2131 2855 2145 2886 r
2168 2831 2253 2912 Quae
2276 2835 2456 2914 arguuntur
2480 2851 2498 2896 a

1540 2935 1658 3002 lamine
1683 2935 1922 3002 manifestantur
1937 2959 1972 3014 >›;
2005 2935 2087 3000 unde
2112 2935 2192 3000 bona
2224 2935 2338 3002 veritas
2363 2935 2433 3002 fidei
2466 2941 2498 3004 et

1541 3059 1665 3106 morum
1691 3049 1838 3126 tanquam
1864 3043 1923 3106 lux
1942 3043 2066 3126 quaerit
2090 3043 2291 3120 manifestari,
2308 3061 2369 3108 non
2393 3043 2498 3110 occul-

1539 3151 1616 3230 tari,
1638 3141 1812 3218 secundum
1835 3150 1913 3217 illud
1937 3149 2058 3218 loannis
2073 3151 2210 3218 tertiat:
2241 3151 2331 3236 «Qui
2357 3151 2429 3216 lacit
2444 3169 2497 3216 ve-

1540 3257 1665 3322 ritatem
1690 3259 1774 3324 venit
1791 3257 1828 3324 ad
1839 3327 1841 3332 ,
1853 3257 1973 3334 lucem,
1997 3263 2033 3322 ut
2049 3257 2288 3326 manifestentur
2303 3277 2399 3342 opera
2415 3259 2496 3336 eius,

1539 3363 1614 3448 quia
1629 3363 1659 3430 in
1677 3363 1741 3432 Deo
1761 3370 1836 3430 suat
1856 3363 1980 3430 facta».
1998 3361 2085 3446 Quod
2103 3363 2263 3448 potissime
2288 3361 2355 3442 fiet,
2372 3363 2497 3448 quando

1538 3469 1593 3534 lux
1621 3469 1674 3534 illa
1699 3468 1948 3536 manifestabitur
1974 3469 2004 3534 in
2033 3469 2166 3550 iudicio;
2189 3475 2319 3554 propter
2351 3469 2434 3556 quod
2466 3469 2496 3534 in

1538 3575 1674 3640 Psalmo:
1703 3601 1719 3634 (ι
1740 3577 1799 3660 Qui
1815 3575 1905 3642 sedes
1925 3591 2019 3660 super
2036 3575 2222 3656 Cherubim,
2245 3575 2443 3642 manifestare
2461 3599 2495 3654 »3

1538 3687 1568 3748 et
1599 3699 1713 3748 rursus
1745 3673 1786 3748 in¹
1808 3681 1942 3748 Psalmm
1973 3707 1989 3740 <t
2008 3683 2094 3748 Deus
2126 3681 2288 3748 [nanifeste
2319 3679 2439 3760 veniet,
2464 3687 2494 3748 et

1537 3805 1599 3854 non
1623 3787 1776 3854 silebit».

1627 3895 1680 3958 26.
1704 3893 1848 3958 Secundo
1872 3911 1944 3958 vero
1970 3901 2122 3978 quantum
2147 3893 2183 3958 ad
2209 3893 2349 3958 futuram
2372 3891 2495 3958 reuela-
2515 3909 2621 3954 seeundo.

1538 3997 1658 4064 tionem
1680 3997 1788 4064 omnic
1803 3997 1886 4064 muli
1901 3997 2031 4064 dicitnr:
2055 3997 2119 4066 lllec
2144 3997 2390 4078 absconditum,
2415 3997 2495 4066 scili-

1538 4109 1585 4170 cet
1602 4111 1763 4190 peccatum
1781 4105 1829 4170 vel
1846 4105 1979 4184 vnalum,
2000 4105 2085 4190 quod
2102 4105 2195 4170 homo
2217 4105 2350 4174 libenter
2365 4105 2496 4172 abscon-

1537 4211 1596 4290 dit,
1619 4211 1793 4278 scoundum
1809 4211 1886 4276 illud
1904 4211 1954 4278 lob
1979 4211 2137 4296 trigesimo
2162 4213 2263 4296 primo
2278 4213 2316 4278 1⁰:
2348 4237 2362 4270 ε
2380 4213 2410 4280 Si
2426 4213 2496 4280 ahs-

1538 4317 1626 4386 condi
1660 4319 1748 4402 quasi
1782 4319 1875 4386 homo
1912 4325 2073 4402 peccatum
2108 4335 2214 4386 meum
2239 4343 2278 4398 »3
2309 4321 2398 4408 qnod
2430 4339 2497 4386 uon

1537 4431 1756 4512 cognoscatur
1781 4433 1808 4492 ct
1832 4427 1866 4492 in
1889 4423 2006 4510 pulum
2030 4423 2156 4506 veniat,
2178 4425 2211 4492 id
2233 4435 2281 4494 θεῖ
2304 4427 2337 4492 ῖε
2360 4425 2495 4508 ῖεεῖῖθῖθ,

1538 4531 1711 4608 secundum
1725 4531 1802 4600 illud
1815 4531 2057 4600 proverbiorum
2075 4531 2226 4616 vigesimo
2238 4539 2331 4600 sexto
2344 4535 2385 4598 11:
2408 4531 2495 4618 «Qui

1537 4637 1638 4722 operit
1667 4637 1773 4706 odium
1800 4639 2034 4718 fraudulenter,
2063 4639 2256 4706 revelabitur
2288 4639 2406 4708 malitia
2428 4639 2497 4708 eius

1538 4743 1569 4810 in
1594 4745 1724 4810 concilio
1746 4771 1778 4810 ε.
1802 4745 1887 4812 ῖῖεεῖθ
1912 4745 2114 4812 Ecclesiastici
2144 4745 2265 4828 primo:
2293 4745 2496 4814 «defueris

1538 4848 1702 4932 hypocrita
1724 4849 1756 4916 in
1781 4857 1949 4934 conspectu
1966 4851 2129 4916 hominum
2146 4875 2181 4930 »3
2204 4877 2219 4908 r
2241 4869 2280 4918 ue
2302 4851 2385 4918 torte
2407 4869 2496 4924 reve-

1538 4955 1580 5020 let
1604 4955 1686 5020 Deus
1702 4955 1881 5022 abscondita
1905 4961 1959 5022 tua
1974 4963 2006 5022 et
2028 4957 2058 5022 in
2078 4955 2178 5022 medio
2203 4975 2376 5044 synagogae
2402 4957 2496 5026 elidat

1538 5065 1567 5124 te
1586 5083 1619 5138 »3
1645 5059 1733 5146 quia,
1759 5059 1841 5128 sicut
1862 5059 1978 5128 dicitur
2002 5059 2175 5146 Sapientiae
2200 5063 2349 5146 primo12,
2378 5089 2394 5122 «
2408 5063 2496 5132 auris

1538 5165 1595 5232 εθῖῖ
1617 5167 1707 5234 θεεῖῖῖ
1729 5167 1851 5248 omnia,
1875 5173 1908 5234 et
1928 5168 2087 5235 tumultus
2109 5169 2401 5236 murmurationum
2432 5189 2496 5236 non

1537 5273 1747 5342 abscondetur
1764 5303 1793 5340 ε.
1817 5299 1833 5332 ε
1848 5274 1914 5360 lpse
1930 5275 2015 5342 enim
2037 5281 2101 5354 est,
2119 5275 2172 5362 θεῖ
2201 5275 2317 5346 revelat
2340 5275 2497 5362 profunda

1537 5385 1569 5448 ct
1592 5379 1773 5448 abscondita
1802 5387 1835 5448 ct
1856 5381 1944 5448 novit
1974 5381 2007 5448 in
2034 5381 2177 5452 enebris.
2203 5383 2408 5452 constituta»
2436 5389 2494 5452 etc.

1537 5485 1615 5570 Quia
1631 5505 1707 5572 ergo
1721 5495 1862 5572 oportet,
1887 5487 1991 5554 omnia
2009 5487 2217 5570 manifestari,
2238 5491 2372 5558 stultum
2395 5497 2444 5558 est
2456 5489 2497 5560 ad

1537 5597 1662 5680 tempus
1693 5593 1900 5676 abscondere3
1923 5611 1961 5662 ac
1982 5611 2039 5680 per
2074 5595 2132 5662 hoc
2154 5613 2280 5664 necesse
2312 5603 2358 5664 est
2381 5597 2496 5662 doctri-

1537 5719 1608 5766 nam
1634 5707 1791 5786 acceptam
1815 5701 1884 5768 θῖῖῖε
1905 5701 2038 5786 aperire.
2126 5751 2128 5756 s

1604 6091 1617 6124 ⁶
1637 6095 1713 6148 Vers.
1729 6097 1762 6160 o;
1781 6099 1827 6150 cfr.
1844 6111 1925 6162 supra
1944 6111 2005 6162 pag.
2026 6097 2056 6160 l,
2075 6105 2135 6150 nota
2153 6099 2181 6152 8.
2201 6127 2235 6138 -
2250 6097 2367 6150 Subinde
2386 6098 2497 6162 allegan-

1534 6191 1578 6236 tur
1595 6187 1665 6238 loan.
1691 6185 1727 6246 vo,
1748 6187 1771 6238 9.
1791 6193 1818 6238 et
1835 6187 1911 6238 lllarc.
1934 6187 1979 6250 lli,
2001 6187 2040 6238 lli.

1604 6269 1615 6300 '¹
1636 6271 1727 6324 Psalm
1748 6273 1797 6336 75,
1817 6275 1847 6336 5,
1867 6281 2024 6340 postquem
2045 6277 2109 6328 Dan.
2131 6277 2178 6340 ῖ2,
2197 6277 2222 6328 3.
2235 6283 2261 6328 θῖ
2278 6263 2367 6328 ῖῖῖθῖῖῖε.
2386 6273 2433 6338 ῖθ,
2452 6275 2496 6328 et.

1605 6355 1617 6388 ⁸
1638 6361 1712 6410 Vers.
1737 6361 1779 6414 lo.
1797 6361 1907 6414 -Duo
1928 6375 2002 6430 seqq,
2016 6361 2070 6442 ,loci
2088 6369 2148 6414 sunt
2169 6365 2187 6416 l.
2206 6361 2265 6416 Cor.
2285 6361 2316 6428 d,
2334 6359 2361 6412 5.
2385 6365 2411 6412 et
2430 6361 2495 6426 Sph.

1535 6447 1566 6516 5,
1586 6449 1628 6500 ῖ3.
1982 6447 1984 6456 ’
2011 6445 2026 6466 ”

1606 6535 1712 6592 'Vera
1730 6541 1773 6592 2ῖ,
1793 6541 1853 6610 (Ac
1867 6543 1899 6608 b,
1925 6541 2020 6596 omnso
2040 6541 2104 6610 quia
2129 6541 2157 6594 in
2176 6543 2229 6594 Deo
2248 6543 2313 6594 sant
2337 6539 2427 6608 facta,
2451 6541 2496 6594 ad-

1534 6625 1599 6676 dunt
1619 6625 1752 6692 qnantum
1769 6625 1871 6692 babet).
1887 6655 1923 6666 -
1942 6629 2091 6696 Sequuntur
2111 6629 2151 6680 Ps.
2169 6627 2217 6690 79,
2238 6631 2262 6680 2.
2282 6633 2308 6680 et
2326 6625 2376 6690 te,
2394 6629 2421 6682 3.
2517 6699 2519 6702 Ι

1607 6711 1630 6742 ¹⁰
1649 6713 1722 6766 Vers.
1743 6715 1785 6768 33.
1806 6715 1864 6770 ilat.
1882 6715 1955 6770 addit
1972 6731 2001 6768 v.
2018 6715 2062 6768 35.

1607 6799 1629 6832 ¹²
1649 6801 1723 6854 Vers.
1743 6805 1792 6868 25,
1812 6803 1858 6856 abi
1871 6817 1920 6870 pro
1933 6803 2023 6858 odium
2041 6803 2229 6872 paudulenlm·
2249 6805 2330 6860 CDG
2353 6805 2495 6862 hominum

1533 6887 1761 6958 fraudulentam.
1774 6891 1941 6944 -Subinde
1958 6893 2106 6954 allegantur
2123 6893 2199 6946 Eccli
2221 6895 2246 6958 l,
2264 6893 2308 6948 37.
2326 6901 2354 6946 et
2372 6895 2416 6950 39.

1606 6973 1629 7008 ¹²
1648 6979 1723 7030 vers.
1746 6979 1792 7042 lll,
1810 6985 1968 7044 postquem
1990 6979 2052 7030 ban.
2070 6979 2102 7042 2,
2121 6981 2170 7044 22,
2188 6985 2236 7036 cfr.
2255 6981 2299 7036 lob
2318 6983 2367 7048 la,
2384 6985 2428 7034 22.
