<?xml version="1.0" encoding="UTF-8"?>
<!DOCTYPE html PUBLIC "-//W3C//DTD XHTML 1.0 Transitional//EN"
    "http://www.w3.org/TR/xhtml1/DTD/xhtml1-transitional.dtd">
<html xmlns="http://www.w3.org/1999/xhtml" xml:lang="en" lang="en">
 <head>
  <title>
</title>
<meta http-equiv="Content-Type" content="text/html;charset=utf-8" />
  <meta name='ocr-system' content='tesseract 3.04.00' />
  <meta name='ocr-capabilities' content='ocr_page ocr_carea ocr_par ocr_line ocrx_word'/>
</head>
<body>
  <div class='ocr_page' id='page_1' title='image "./doctorisseraphi01italgoog/doctorisseraphi01italgoog_0665.png"; bbox 0 0 5900 8266; ppageno 0'>
   <div class='ocr_carea' id='block_1_1' title="bbox 494 621 558 688">
    <p class='ocr_par' dir='ltr' id='par_1_1' title="bbox 494 621 558 688">
     <span class='ocr_line' id='line_1_1' title="bbox 494 621 558 688; baseline 0 0"><span class='ocrx_word' id='word_1_1' title='bbox 494 621 558 688; x_wconf 78' lang='lat' dir='ltr'>ooo</span> 
     </span>
    </p>
   </div>
   <div class='ocr_carea' id='block_1_2' title="bbox 347 793 1448 1542">
    <p class='ocr_par' dir='ltr' id='par_1_2' title="bbox 347 793 1448 1542">
     <span class='ocr_line' id='line_1_2' title="bbox 491 793 1447 868; baseline -0.007 -12"><span class='ocrx_word' id='word_1_2' title='bbox 491 799 594 864; x_wconf 84' lang='lat' dir='ltr'>facere,</span> <span class='ocrx_word' id='word_1_3' title='bbox 617 793 720 854; x_wconf 85' lang='lat' dir='ltr'>scilicet</span> <span class='ocrx_word' id='word_1_4' title='bbox 742 793 941 854; x_wconf 72' lang='lat' dir='ltr'>conscientiam</span> <span class='ocrx_word' id='word_1_5' title='bbox 960 793 1117 862; x_wconf 87' lang='lat' dir='ltr'>discutere,</span> <span class='ocrx_word' id='word_1_6' title='bbox 1136 793 1221 852; x_wconf 88' lang='lat' dir='ltr'>eorda</span> <span class='ocrx_word' id='word_1_7' title='bbox 1243 809 1398 868; x_wconf 81' lang='lat' dir='ltr'>manusque</span> <span class='ocrx_word' id='word_1_8' title='bbox 1410 795 1447 856; x_wconf 90' lang='lat' dir='ltr'>le-</span> 
     </span>
     <span class='ocr_line' id='line_1_3' title="bbox 491 889 1448 964; baseline -0.004 -12"><span class='ocrx_word' id='word_1_9' title='bbox 491 909 573 962; x_wconf 81' lang='lat' dir='ltr'>vare,</span> <span class='ocrx_word' id='word_1_10' title='bbox 593 907 645 952; x_wconf 92' lang='lat' dir='ltr'>nos</span> <span class='ocrx_word' id='word_1_11' title='bbox 665 893 744 964; x_wconf 90' lang='lat' dir='ltr'>ipsos</span> <span class='ocrx_word' id='word_1_12' title='bbox 764 891 849 950; x_wconf 86' lang='lat' dir='ltr'>ctiam</span> <span class='ocrx_word' id='word_1_13' title='bbox 870 907 1010 950; x_wconf 88' lang='lat' dir='ltr'>accusare.</span> <span class='ocrx_word' id='word_1_14' title='bbox 1031 891 1110 950; x_wconf 92' lang='lat' dir='ltr'>Deus</span> <span class='ocrx_word' id='word_1_15' title='bbox 1129 889 1173 948; x_wconf 89' lang='lat' dir='ltr'>est</span> <span class='ocrx_word' id='word_1_16' title='bbox 1192 891 1373 952; x_wconf 86' lang='lat' dir='ltr'>inexorabilis</span> <span class='ocrx_word' id='word_1_17' title='bbox 1385 905 1448 964; x_wconf 90' lang='lat' dir='ltr'>pro·</span> 
     </span>
     <span class='ocr_line' id='line_1_4' title="bbox 492 985 1447 1062; baseline -0.002 -16"><span class='ocrx_word' id='word_1_18' title='bbox 492 991 556 1062; x_wconf 89' lang='lat' dir='ltr'>pter</span> <span class='ocrx_word' id='word_1_19' title='bbox 569 989 690 1060; x_wconf 86' lang='lat' dir='ltr'>quatuor</span> <span class='ocrx_word' id='word_1_20' title='bbox 702 1003 808 1062; x_wconf 80' lang='lat' dir='ltr'>genera</span> <span class='ocrx_word' id='word_1_21' title='bbox 818 987 997 1060; x_wconf 89' lang='lat' dir='ltr'>peccatorum</span> <span class='ocrx_word' id='word_1_22' title='bbox 1005 985 1025 1044; x_wconf 89' lang='lat'>¹.</span> <span class='ocrx_word' id='word_1_23' title='bbox 1040 1021 1079 1030; x_wconf 99' lang='lat'><em>-</em></span> <span class='ocrx_word' id='word_1_24' title='bbox 1089 987 1164 1046; x_wconf 91' lang='lat' dir='ltr'>Huic</span> <span class='ocrx_word' id='word_1_25' title='bbox 1175 985 1330 1046; x_wconf 89' lang='lat' dir='ltr'>sententiae</span> <span class='ocrx_word' id='word_1_26' title='bbox 1341 985 1447 1060; x_wconf 89' lang='lat' dir='ltr'>triplici</span> 
     </span>
     <span class='ocr_line' id='line_1_5' title="bbox 491 1085 1447 1160; baseline -0.002 -16"><span class='ocrx_word' id='word_1_27' title='bbox 491 1085 675 1160; x_wconf 69' lang='lat' dir='ltr'>praeponitur</span> <span class='ocrx_word' id='word_1_28' title='bbox 695 1087 794 1144; x_wconf 87' lang='lat' dir='ltr'>littera</span> <span class='ocrx_word' id='word_1_29' title='bbox 813 1085 904 1158; x_wconf 86' lang='lat' dir='ltr'>Nun,</span> <span class='ocrx_word' id='word_1_30' title='bbox 926 1087 993 1158; x_wconf 88' lang='lat' dir='ltr'>quia</span> <span class='ocrx_word' id='word_1_31' title='bbox 1012 1087 1050 1144; x_wconf 88' lang='lat' dir='ltr'>ad</span> <span class='ocrx_word' id='word_1_32' title='bbox 1069 1085 1197 1144; x_wconf 86' lang='lat' dir='ltr'>litteram</span> <span class='ocrx_word' id='word_1_33' title='bbox 1217 1085 1387 1156; x_wconf 88' lang='lat' dir='ltr'>principium</span> <span class='ocrx_word' id='word_1_34' title='bbox 1407 1101 1447 1142; x_wconf 94' lang='lat' dir='ltr'>re-</span> 
     </span>
     <span class='ocr_line' id='line_1_6' title="bbox 491 1181 1447 1256; baseline -0.002 -16"><span class='ocrx_word' id='word_1_35' title='bbox 491 1183 573 1240; x_wconf 91' lang='lat' dir='ltr'>medii</span> <span class='ocrx_word' id='word_1_36' title='bbox 593 1183 745 1242; x_wconf 83' lang='lat' dir='ltr'>absolutis</span> <span class='ocrx_word' id='word_1_37' title='bbox 765 1183 813 1240; x_wconf 90' lang='grc' dir='ltr'>θεὴ</span> <span class='ocrx_word' id='word_1_38' title='bbox 830 1183 975 1240; x_wconf 72' lang='lat' dir='ltr'>conversio</span> <span class='ocrx_word' id='word_1_39' title='bbox 996 1181 1101 1256; x_wconf 82' lang='lat' dir='ltr'>triplex</span> <span class='ocrx_word' id='word_1_40' title='bbox 1128 1181 1356 1254; x_wconf 89' lang='lat' dir='ltr'>poenitentialis,</span> <span class='ocrx_word' id='word_1_41' title='bbox 1376 1195 1447 1254; x_wconf 91' lang='lat' dir='ltr'>quae</span> 
     </span>
     <span class='ocr_line' id='line_1_7' title="bbox 491 1279 776 1336; baseline 0 0"><span class='ocrx_word' id='word_1_42' title='bbox 491 1279 536 1336; x_wconf 92' lang='lat' dir='ltr'>hic</span> <span class='ocrx_word' id='word_1_43' title='bbox 557 1279 776 1336; x_wconf 88' lang='lat' dir='ltr'>commendatur.</span> 
     </span>
     <span class='ocr_line' id='line_1_8' title="bbox 570 1371 1447 1450; baseline 0 -18"><span class='ocrx_word' id='word_1_44' title='bbox 570 1375 620 1432; x_wconf 83' lang='lat'>45.</span> <span class='ocrx_word' id='word_1_45' title='bbox 641 1375 736 1450; x_wconf 82' lang='lat' dir='ltr'>(Vens.</span> <span class='ocrx_word' id='word_1_46' title='bbox 755 1375 829 1450; x_wconf 83' lang='grc'><strong>43.).</strong></span> <span class='ocrx_word' id='word_1_47' title='bbox 851 1375 997 1450; x_wconf 76' lang='lat' dir='ltr'>Sequitur:</span> <span class='ocrx_word' id='word_1_48' title='bbox 1030 1375 1153 1434; x_wconf 78' lang='lat' dir='ltr'>Smenos.</span> <span class='ocrx_word' id='word_1_49' title='bbox 1179 1373 1329 1448; x_wconf 87' lang='lat' dir='ltr'>Operuisti</span> <span class='ocrx_word' id='word_1_50' title='bbox 1351 1373 1383 1432; x_wconf 88' lang='lat' dir='ltr'>in</span> <span class='ocrx_word' id='word_1_51' title='bbox 1403 1371 1447 1444; x_wconf 82' lang='lat' dir='ltr'>fu·</span> 
     </span>
     <span class='ocr_line' id='line_1_9' title="bbox 347 1469 1448 1542; baseline -0.005 -10"><span class='ocrx_word' id='word_1_52' title='bbox 347 1489 399 1532; x_wconf 77' lang='lat' dir='ltr'>Per:</span> <span class='ocrx_word' id='word_1_53' title='bbox 413 1479 465 1526; x_wconf 84' lang='lat' dir='ltr'>inei·</span> <span class='ocrx_word' id='word_1_54' title='bbox 491 1485 566 1528; x_wconf 86' lang='lat' dir='ltr'>rore.</span> <span class='ocrx_word' id='word_1_55' title='bbox 586 1471 640 1528; x_wconf 90' lang='lat' dir='ltr'>Hie</span> <span class='ocrx_word' id='word_1_56' title='bbox 660 1471 696 1528; x_wconf 90' lang='lat' dir='ltr'>ad</span> <span class='ocrx_word' id='word_1_57' title='bbox 727 1471 855 1529; x_wconf 89' lang='lat' dir='ltr'>litteram</span> <span class='ocrx_word' id='word_1_58' title='bbox 884 1489 919 1528; x_wconf 81' lang='lat' dir='ltr'>ex</span> <span class='ocrx_word' id='word_1_59' title='bbox 948 1471 1106 1542; x_wconf 90' lang='lat' dir='ltr'>praemissa</span> <span class='ocrx_word' id='word_1_60' title='bbox 1129 1469 1350 1530; x_wconf 88' lang='lat' dir='ltr'>consideratione</span> <span class='ocrx_word' id='word_1_61' title='bbox 1376 1469 1448 1526; x_wconf 89' lang='lat' dir='ltr'>divi·</span> 
     </span>
    </p>
   </div>
   <div class='ocr_carea' id='block_1_3' title="bbox 326 1537 1448 1648">
    <p class='ocr_par' dir='ltr' id='par_1_3' title="bbox 326 1537 1448 1648">
     <span class='ocr_line' id='line_1_10' title="bbox 326 1537 1312 1584; baseline -0.002 -2"><span class='ocrx_word' id='word_1_62' title='bbox 326 1537 474 1584; x_wconf 81' lang='lat' dir='ltr'>oeesoere-</span> <span class='ocrx_word' id='word_1_63' title='bbox 595 1569 601 1582; x_wconf 87' lang='lat'>.</span> <span class='ocrx_word' id='word_1_64' title='bbox 650 1569 657 1582; x_wconf 87' lang='lat'><strong>.</strong></span> <span class='ocrx_word' id='word_1_65' title='bbox 728 1569 734 1582; x_wconf 85' lang='lat'>.</span> <span class='ocrx_word' id='word_1_66' title='bbox 857 1569 863 1582; x_wconf 91' lang='lat'>.</span> <span class='ocrx_word' id='word_1_67' title='bbox 916 1567 945 1582; x_wconf 87' lang='lat'>..</span> <span class='ocrx_word' id='word_1_68' title='bbox 1013 1569 1019 1582; x_wconf 93' lang='lat'>.</span> <span class='ocrx_word' id='word_1_69' title='bbox 1307 1567 1312 1580; x_wconf 93' lang='lat'>.</span> 
     </span>
     <span class='ocr_line' id='line_1_11' title="bbox 338 1565 1448 1648; baseline -0.011 -12"><span class='ocrx_word' id='word_1_70' title='bbox 338 1587 464 1648; x_wconf 72' lang='lat' dir='ltr'>probatione</span> <span class='ocrx_word' id='word_1_71' title='bbox 492 1585 545 1626; x_wconf 90' lang='lat' dir='ltr'>nae</span> <span class='ocrx_word' id='word_1_72' title='bbox 564 1567 767 1626; x_wconf 88' lang='lat' dir='ltr'>muserrcordrae</span> <span class='ocrx_word' id='word_1_73' title='bbox 797 1567 824 1626; x_wconf 91' lang='lat' dir='ltr'>et</span> <span class='ocrx_word' id='word_1_74' title='bbox 854 1567 981 1624; x_wconf 85' lang='lat' dir='ltr'>rustutrae</span> <span class='ocrx_word' id='word_1_75' title='bbox 1011 1565 1135 1626; x_wconf 81' lang='lat' dir='ltr'>aufertur</span> <span class='ocrx_word' id='word_1_76' title='bbox 1165 1567 1329 1642; x_wconf 77' lang='lat' dir='ltr'>reprobatio</span> <span class='ocrx_word' id='word_1_77' title='bbox 1361 1581 1448 1640; x_wconf 81' lang='lat' dir='ltr'>spuu-</span> 
     </span>
    </p>
   </div>
   <div class='ocr_carea' id='block_1_4' title="bbox 317 1649 1450 3682">
    <p class='ocr_par' dir='ltr' id='par_1_4' title="bbox 317 1649 1448 2514">
     <span class='ocr_line' id='line_1_12' title="bbox 327 1649 1447 1740; baseline 0 -20"><span class='ocrx_word' id='word_1_78' title='bbox 327 1649 473 1740; x_wconf 55' lang='grc' dir='ltr'>,ξῇῗξῑξοὴξᾍ</span> <span class='ocrx_word' id='word_1_79' title='bbox 490 1681 589 1738; x_wconf 79' lang='lat' dir='ltr'>popae.</span> <span class='ocrx_word' id='word_1_80' title='bbox 612 1665 705 1722; x_wconf 91' lang='lat' dir='ltr'>Primo</span> <span class='ocrx_word' id='word_1_81' title='bbox 728 1663 861 1722; x_wconf 89' lang='lat' dir='ltr'>describit</span> <span class='ocrx_word' id='word_1_82' title='bbox 880 1663 979 1722; x_wconf 51' lang='lat' dir='ltr'>¹istam</span> <span class='ocrx_word' id='word_1_83' title='bbox 998 1663 1246 1736; x_wconf 87' lang='lat' dir='ltr'>reprobationem:</span> <span class='ocrx_word' id='word_1_84' title='bbox 1265 1663 1386 1722; x_wconf 90' lang='lat' dir='ltr'>secundo</span> <span class='ocrx_word' id='word_1_85' title='bbox 1407 1665 1447 1720; x_wconf 89' lang='lat' dir='ltr'>in·</span> 
     </span>
     <span class='ocr_line' id='line_1_13' title="bbox 354 1745 1448 1834; baseline 0.001 -18"><span class='ocrx_word' id='word_1_86' title='bbox 354 1745 455 1792; x_wconf 76' lang='lat' dir='ltr'>neaera.</span> <span class='ocrx_word' id='word_1_87' title='bbox 491 1759 614 1820; x_wconf 90' lang='lat' dir='ltr'>troducit</span> <span class='ocrx_word' id='word_1_88' title='bbox 636 1759 747 1820; x_wconf 72' lang='lat' dir='ltr'>Christi</span> <span class='ocrx_word' id='word_1_89' title='bbox 765 1761 811 1820; x_wconf 89' lang='lat' dir='ltr'>vei</span> <span class='ocrx_word' id='word_1_90' title='bbox 839 1759 1007 1834; x_wconf 75' lang='lat' dir='ltr'>Prophetae</span> <span class='ocrx_word' id='word_1_91' title='bbox 1028 1763 1269 1834; x_wconf 87' lang='lat' dir='ltr'>compassionem,</span> <span class='ocrx_word' id='word_1_92' title='bbox 1292 1757 1367 1818; x_wconf 63' lang='lat' dir='ltr'>ibii:</span> <span class='ocrx_word' id='word_1_93' title='bbox 1390 1759 1448 1818; x_wconf 86' lang='lat' dir='ltr'>Di-</span> 
     </span>
     <span class='ocr_line' id='line_1_14' title="bbox 491 1857 1446 1932; baseline -0.002 -16"><span class='ocrx_word' id='word_1_94' title='bbox 491 1859 615 1918; x_wconf 88' lang='lat' dir='ltr'>uisiones</span> <span class='ocrx_word' id='word_1_95' title='bbox 644 1873 814 1930; x_wconf 78' lang='lat' dir='ltr'>operarum:</span> <span class='ocrx_word' id='word_1_96' title='bbox 844 1857 943 1926; x_wconf 90' lang='lat' dir='ltr'>tertio,</span> <span class='ocrx_word' id='word_1_97' title='bbox 964 1859 1180 1930; x_wconf 73' lang='lat' dir='ltr'>reprobationis</span> <span class='ocrx_word' id='word_1_98' title='bbox 1199 1859 1356 1932; x_wconf 88' lang='lat' dir='ltr'>rationem,</span> <span class='ocrx_word' id='word_1_99' title='bbox 1391 1857 1446 1916; x_wconf 88' lang='lat' dir='ltr'>ibi:</span> 
     </span>
     <span class='ocr_line' id='line_1_15' title="bbox 327 1951 1448 2056; baseline 0 -42"><span class='ocrx_word' id='word_1_100' title='bbox 327 1957 472 2056; x_wconf 43' lang='lat' dir='ltr'>matutini?</span> <span class='ocrx_word' id='word_1_101' title='bbox 496 1951 603 2014; x_wconf 85' lang='lat' dir='ltr'>Oenius</span> <span class='ocrx_word' id='word_1_102' title='bbox 632 1971 711 2014; x_wconf 88' lang='lat' dir='ltr'>meus</span> <span class='ocrx_word' id='word_1_103' title='bbox 743 1955 937 2026; x_wconf 76' lang='lat' dir='ltr'>depraedatum</span> <span class='ocrx_word' id='word_1_104' title='bbox 955 1959 1014 2026; x_wconf 84' lang='lat' dir='ltr'>est.</span> <span class='ocrx_word' id='word_1_105' title='bbox 1040 1957 1197 2028; x_wconf 82' lang='lat' dir='ltr'>-Ipsam</span> <span class='ocrx_word' id='word_1_106' title='bbox 1219 1957 1448 2028; x_wconf 76' lang='lat' dir='ltr'>reprobationem</span> 
     </span>
     <span class='ocr_line' id='line_1_16' title="bbox 335 2025 1448 2128; baseline 0.005 -22"><span class='ocrx_word' id='word_1_107' title='bbox 335 2025 363 2068; x_wconf 54' lang='lat' dir='ltr'>pf</span> <span class='ocrx_word' id='word_1_108' title='bbox 377 2063 429 2106; x_wconf 86' lang='lat' dir='ltr'>ouo.</span> <span class='ocrx_word' id='word_1_109' title='bbox 491 2053 580 2124; x_wconf 90' lang='lat' dir='ltr'>primo</span> <span class='ocrx_word' id='word_1_110' title='bbox 602 2053 734 2110; x_wconf 81' lang='lat' dir='ltr'>describit</span> <span class='ocrx_word' id='word_1_111' title='bbox 753 2069 804 2124; x_wconf 92' lang='lat' dir='ltr'>per</span> <span class='ocrx_word' id='word_1_112' title='bbox 824 2053 1062 2126; x_wconf 77' lang='lat' dir='ltr'>comparationem</span> <span class='ocrx_word' id='word_1_113' title='bbox 1075 2053 1113 2112; x_wconf 91' lang='lat' dir='ltr'>ad</span> <span class='ocrx_word' id='word_1_114' title='bbox 1124 2053 1223 2112; x_wconf 90' lang='lat' dir='ltr'>Deum</span> <span class='ocrx_word' id='word_1_115' title='bbox 1235 2053 1448 2128; x_wconf 73' lang='lat' dir='ltr'>depellentem:</span> 
     </span>
     <span class='ocr_line' id='line_1_17' title="bbox 492 2149 1446 2226; baseline 0.002 -18"><span class='ocrx_word' id='word_1_116' title='bbox 492 2149 624 2222; x_wconf 89' lang='lat' dir='ltr'>seeundo,</span> <span class='ocrx_word' id='word_1_117' title='bbox 638 2167 689 2222; x_wconf 91' lang='lat' dir='ltr'>per</span> <span class='ocrx_word' id='word_1_118' title='bbox 702 2151 940 2224; x_wconf 85' lang='lat' dir='ltr'>comparationem</span> <span class='ocrx_word' id='word_1_119' title='bbox 961 2151 996 2210; x_wconf 90' lang='lat' dir='ltr'>ad</span> <span class='ocrx_word' id='word_1_120' title='bbox 1017 2151 1219 2212; x_wconf 87' lang='lat' dir='ltr'>aduersarium</span> <span class='ocrx_word' id='word_1_121' title='bbox 1240 2151 1446 2226; x_wconf 75' lang='lat' dir='ltr'>tribulantem,</span> 
     </span>
     <span class='ocr_line' id='line_1_18' title="bbox 317 2245 1448 2326; baseline 0.001 -20"><span class='ocrx_word' id='word_1_122' title='bbox 317 2301 319 2306; x_wconf 81' lang='grc'>,</span> <span class='ocrx_word' id='word_1_123' title='bbox 348 2269 379 2312; x_wconf 72' lang='lat' dir='ltr'>ne</span> <span class='ocrx_word' id='word_1_124' title='bbox 393 2263 462 2326; x_wconf 75' lang='lat' dir='ltr'>pum</span> <span class='ocrx_word' id='word_1_125' title='bbox 491 2245 543 2304; x_wconf 91' lang='lat' dir='ltr'>ibi:</span> <span class='ocrx_word' id='word_1_126' title='bbox 564 2247 818 2306; x_wconf 75' lang='lat' dir='ltr'>Erudicutiouern.</span> <span class='ocrx_word' id='word_1_127' title='bbox 839 2281 878 2290; x_wconf 99' lang='lat'><em>-</em></span> <span class='ocrx_word' id='word_1_128' title='bbox 899 2247 936 2306; x_wconf 91' lang='lat' dir='ltr'>In</span> <span class='ocrx_word' id='word_1_129' title='bbox 956 2249 1050 2320; x_wconf 87' lang='lat' dir='ltr'>prima</span> <span class='ocrx_word' id='word_1_130' title='bbox 1069 2248 1152 2320; x_wconf 89' lang='lat' dir='ltr'>parte</span> <span class='ocrx_word' id='word_1_131' title='bbox 1184 2251 1274 2320; x_wconf 89' lang='lat' dir='ltr'>primo</span> <span class='ocrx_word' id='word_1_132' title='bbox 1295 2247 1448 2324; x_wconf 80' lang='lat' dir='ltr'>exaggerat</span> 
     </span>
     <span class='ocr_line' id='line_1_19' title="bbox 341 2319 1448 2420; baseline 0.003 -18"><span class='ocrx_word' id='word_1_133' title='bbox 341 2319 464 2376; x_wconf 76' lang='lat' dir='ltr'>cupreum.</span> <span class='ocrx_word' id='word_1_134' title='bbox 491 2343 656 2418; x_wconf 68' lang='lat' dir='ltr'>stupebimu:</span> <span class='ocrx_word' id='word_1_135' title='bbox 677 2343 775 2404; x_wconf 90' lang='lat' dir='ltr'>deinde</span> <span class='ocrx_word' id='word_1_136' title='bbox 796 2345 920 2404; x_wconf 85' lang='lat' dir='ltr'>ostendit</span> <span class='ocrx_word' id='word_1_137' title='bbox 932 2347 1093 2404; x_wconf 78' lang='lat' dir='ltr'>remedium.</span> <span class='ocrx_word' id='word_1_138' title='bbox 1104 2347 1297 2420; x_wconf 82' lang='lat' dir='ltr'>occlusioum,</span> <span class='ocrx_word' id='word_1_139' title='bbox 1315 2347 1370 2404; x_wconf 89' lang='lat' dir='ltr'>ibi:</span> <span class='ocrx_word' id='word_1_140' title='bbox 1389 2347 1448 2420; x_wconf 89' lang='lat' dir='ltr'>Op·</span> 
     </span>
     <span class='ocr_line' id='line_1_20' title="bbox 487 2443 747 2514; baseline 0 -14"><span class='ocrx_word' id='word_1_141' title='bbox 487 2443 615 2514; x_wconf 85' lang='lat' dir='ltr'>posuisti</span> <span class='ocrx_word' id='word_1_142' title='bbox 632 2443 747 2502; x_wconf 89' lang='lat' dir='ltr'>nubem.</span> 
     </span>
    </p>

    <p class='ocr_par' dir='ltr' id='par_1_5' title="bbox 334 2539 1449 3484">
     <span class='ocr_line' id='line_1_21' title="bbox 570 2539 1449 2616; baseline 0.005 -20"><span class='ocrx_word' id='word_1_143' title='bbox 570 2539 627 2600; x_wconf 92' lang='lat' dir='ltr'>Pro</span> <span class='ocrx_word' id='word_1_144' title='bbox 650 2543 741 2614; x_wconf 89' lang='lat' dir='ltr'>primo</span> <span class='ocrx_word' id='word_1_145' title='bbox 761 2541 844 2600; x_wconf 89' lang='lat' dir='ltr'>dicit:</span> <span class='ocrx_word' id='word_1_146' title='bbox 864 2539 994 2600; x_wconf 77' lang='lat' dir='ltr'>Sameeh.</span> <span class='ocrx_word' id='word_1_147' title='bbox 1013 2539 1175 2616; x_wconf 86' lang='lat' dir='ltr'>Operuisti,</span> <span class='ocrx_word' id='word_1_148' title='bbox 1196 2559 1241 2600; x_wconf 91' lang='lat' dir='ltr'>me</span> <span class='ocrx_word' id='word_1_149' title='bbox 1256 2543 1363 2602; x_wconf 91' lang='lat' dir='ltr'>scilicet</span> <span class='ocrx_word' id='word_1_150' title='bbox 1375 2545 1449 2602; x_wconf 88' lang='lat' dir='ltr'>uala-</span> 
     </span>
     <span class='ocr_line' id='line_1_22' title="bbox 359 2637 1448 2716; baseline -0.002 -17"><span class='ocrx_word' id='word_1_151' title='bbox 359 2653 453 2716; x_wconf 41' lang='lat' dir='ltr'>rrageru,</span> <span class='ocrx_word' id='word_1_152' title='bbox 491 2637 591 2696; x_wconf 85' lang='lat' dir='ltr'>nitate</span> <span class='ocrx_word' id='word_1_153' title='bbox 611 2637 639 2696; x_wconf 91' lang='lat' dir='ltr'>et</span> <span class='ocrx_word' id='word_1_154' title='bbox 661 2641 774 2698; x_wconf 89' lang='lat' dir='ltr'>miseria</span> <span class='ocrx_word' id='word_1_155' title='bbox 793 2639 839 2698; x_wconf 90' lang='lat' dir='ltr'>vel</span> <span class='ocrx_word' id='word_1_156' title='bbox 860 2637 1050 2698; x_wconf 88' lang='lat' dir='ltr'>excaecatione</span> <span class='ocrx_word' id='word_1_157' title='bbox 1058 2653 1121 2708; x_wconf 60' lang='lat' dir='ltr'>,sne</span> <span class='ocrx_word' id='word_1_158' title='bbox 1148 2637 1293 2698; x_wconf 82' lang='lat' dir='ltr'>dhristum</span> <span class='ocrx_word' id='word_1_159' title='bbox 1313 2655 1448 2714; x_wconf 81' lang='lat' dir='ltr'>agnosce-</span> 
     </span>
     <span class='ocr_line' id='line_1_23' title="bbox 334 2709 1449 2806; baseline -0.002 -16"><span class='ocrx_word' id='word_1_160' title='bbox 334 2709 477 2764; x_wconf 65' lang='lat' dir='ltr'>exaggerata.</span> <span class='ocrx_word' id='word_1_161' title='bbox 491 2749 565 2804; x_wconf 88' lang='lat' dir='ltr'>rem:</span> <span class='ocrx_word' id='word_1_162' title='bbox 587 2733 620 2792; x_wconf 88' lang='lat' dir='ltr'>iu</span> <span class='ocrx_word' id='word_1_163' title='bbox 639 2731 756 2806; x_wconf 76' lang='lat' dir='ltr'>furore,</span> <span class='ocrx_word' id='word_1_164' title='bbox 780 2735 808 2792; x_wconf 91' lang='lat' dir='ltr'>id</span> <span class='ocrx_word' id='word_1_165' title='bbox 828 2733 873 2794; x_wconf 98' lang='grc' dir='ltr'>θεὴ</span> <span class='ocrx_word' id='word_1_166' title='bbox 893 2733 1044 2792; x_wconf 88' lang='lat' dir='ltr'>severitate</span> <span class='ocrx_word' id='word_1_167' title='bbox 1064 2733 1206 2804; x_wconf 85' lang='lat' dir='ltr'>iustitiae:</span> <span class='ocrx_word' id='word_1_168' title='bbox 1227 2737 1254 2790; x_wconf 89' lang='lat' dir='ltr'>et</span> <span class='ocrx_word' id='word_1_169' title='bbox 1275 2733 1449 2804; x_wconf 88' lang='lat' dir='ltr'>percussisti</span> 
     </span>
     <span class='ocr_line' id='line_1_24' title="bbox 491 2829 1448 2904; baseline -0.004 -16"><span class='ocrx_word' id='word_1_170' title='bbox 491 2845 558 2904; x_wconf 91' lang='lat' dir='ltr'>uos,</span> <span class='ocrx_word' id='word_1_171' title='bbox 578 2831 714 2890; x_wconf 70' lang='lat' dir='ltr'>uolentia</span> <span class='ocrx_word' id='word_1_172' title='bbox 744 2833 912 2902; x_wconf 87' lang='lat' dir='ltr'>obsidionis:</span> <span class='ocrx_word' id='word_1_173' title='bbox 937 2831 1085 2904; x_wconf 69' lang='lat' dir='ltr'>coemisti,</span> <span class='ocrx_word' id='word_1_174' title='bbox 1106 2829 1296 2888; x_wconf 86' lang='lat' dir='ltr'>destructione</span> <span class='ocrx_word' id='word_1_175' title='bbox 1323 2829 1448 2888; x_wconf 89' lang='lat' dir='ltr'>civitatis</span> 
     </span>
     <span class='ocr_line' id='line_1_25' title="bbox 491 2925 1444 3002; baseline -0.002 -16"><span class='ocrx_word' id='word_1_176' title='bbox 491 2927 519 2986; x_wconf 91' lang='lat' dir='ltr'>et</span> <span class='ocrx_word' id='word_1_177' title='bbox 539 2929 716 2986; x_wconf 88' lang='lat' dir='ltr'>immanitate</span> <span class='ocrx_word' id='word_1_178' title='bbox 737 2929 856 3002; x_wconf 82' lang='lat' dir='ltr'>stragis:</span> <span class='ocrx_word' id='word_1_179' title='bbox 869 2945 923 2986; x_wconf 91' lang='lat' dir='ltr'>nec</span> <span class='ocrx_word' id='word_1_180' title='bbox 930 2929 1091 3000; x_wconf 87' lang='lat' dir='ltr'>pepercisti</span> <span class='ocrx_word' id='word_1_181' title='bbox 1098 2971 1106 3000; x_wconf 93' lang='lat'>,</span> <span class='ocrx_word' id='word_1_182' title='bbox 1126 2925 1242 2998; x_wconf 88' lang='lat' dir='ltr'>ultimo,</span> <span class='ocrx_word' id='word_1_183' title='bbox 1266 2925 1340 2984; x_wconf 88' lang='lat' dir='ltr'>sicut</span> <span class='ocrx_word' id='word_1_184' title='bbox 1353 2927 1444 2998; x_wconf 90' lang='lat' dir='ltr'>primo</span> 
     </span>
     <span class='ocr_line' id='line_1_26' title="bbox 491 3021 1448 3100; baseline -0.002 -18"><span class='ocrx_word' id='word_1_185' title='bbox 491 3027 602 3100; x_wconf 87' lang='lat' dir='ltr'>aliquas</span> <span class='ocrx_word' id='word_1_186' title='bbox 621 3025 790 3084; x_wconf 89' lang='lat' dir='ltr'>Iudaeorum</span> <span class='ocrx_word' id='word_1_187' title='bbox 811 3025 945 3096; x_wconf 87' lang='lat' dir='ltr'>reliquias</span> <span class='ocrx_word' id='word_1_188' title='bbox 966 3025 996 3080; x_wconf 92' lang='lat' dir='ltr'>in</span> <span class='ocrx_word' id='word_1_189' title='bbox 1015 3023 1121 3080; x_wconf 89' lang='lat' dir='ltr'>Iudaea</span> <span class='ocrx_word' id='word_1_190' title='bbox 1136 3023 1328 3094; x_wconf 84' lang='lat' dir='ltr'>relinquendo.</span> <span class='ocrx_word' id='word_1_191' title='bbox 1343 3021 1448 3080; x_wconf 81' lang='lat' dir='ltr'>-Vel</span> 
     </span>
     <span class='ocr_line' id='line_1_27' title="bbox 491 3117 1449 3200; baseline -0.002 -22"><span class='ocrx_word' id='word_1_192' title='bbox 491 3121 525 3178; x_wconf 90' lang='lat' dir='ltr'>de</span> <span class='ocrx_word' id='word_1_193' title='bbox 546 3121 660 3178; x_wconf 75' lang='lat' dir='ltr'>Christo</span> <span class='ocrx_word' id='word_1_194' title='bbox 680 3121 845 3200; x_wconf 80' lang='lat' dir='ltr'>exponitur:</span> <span class='ocrx_word' id='word_1_195' title='bbox 870 3117 1034 3190; x_wconf 86' lang='lat' dir='ltr'>Operuisti,</span> <span class='ocrx_word' id='word_1_196' title='bbox 1055 3117 1232 3176; x_wconf 88' lang='lat' dir='ltr'>maiestatem</span> <span class='ocrx_word' id='word_1_197' title='bbox 1253 3117 1449 3178; x_wconf 87' lang='lat' dir='ltr'>abscondendo</span> 
     </span>
     <span class='ocr_line' id='line_1_28' title="bbox 491 3211 1447 3290; baseline -0.008 -16"><span class='ocrx_word' id='word_1_198' title='bbox 491 3217 616 3290; x_wconf 89' lang='lat' dir='ltr'>tempore</span> <span class='ocrx_word' id='word_1_199' title='bbox 626 3217 784 3288; x_wconf 88' lang='lat' dir='ltr'>passionis:</span> <span class='ocrx_word' id='word_1_200' title='bbox 799 3215 892 3272; x_wconf 83' lang='lat' dir='ltr'>isaias</span> <span class='ocrx_word' id='word_1_201' title='bbox 904 3211 930 3272; x_wconf 78' lang='lat'>³:</span> <span class='ocrx_word' id='word_1_202' title='bbox 950 3235 966 3266; x_wconf 81' lang='lat' dir='ltr'>e</span> <span class='ocrx_word' id='word_1_203' title='bbox 977 3213 1167 3274; x_wconf 69' lang='lat' dir='ltr'>absconditus</span> <span class='ocrx_word' id='word_1_204' title='bbox 1180 3211 1225 3272; x_wconf 89' lang='lat' dir='ltr'>est</span> <span class='ocrx_word' id='word_1_205' title='bbox 1237 3213 1338 3272; x_wconf 91' lang='lat' dir='ltr'>vultus</span> <span class='ocrx_word' id='word_1_206' title='bbox 1349 3215 1409 3272; x_wconf 92' lang='lat' dir='ltr'>eius</span> <span class='ocrx_word' id='word_1_207' title='bbox 1418 3235 1447 3286; x_wconf 77' lang='lat'>»3</span> 
     </span>
     <span class='ocr_line' id='line_1_29' title="bbox 491 3311 1447 3388; baseline 0 -18"><span class='ocrx_word' id='word_1_208' title='bbox 491 3317 525 3372; x_wconf 87' lang='lat' dir='ltr'>iu</span> <span class='ocrx_word' id='word_1_209' title='bbox 544 3313 643 3384; x_wconf 75' lang='lat' dir='ltr'>tunore</span> <span class='ocrx_word' id='word_1_210' title='bbox 674 3317 738 3388; x_wconf 92' lang='lat' dir='ltr'>tuo,</span> <span class='ocrx_word' id='word_1_211' title='bbox 773 3313 878 3372; x_wconf 90' lang='lat' dir='ltr'>seilicet</span> <span class='ocrx_word' id='word_1_212' title='bbox 909 3313 1056 3370; x_wconf 88' lang='lat' dir='ltr'>voluntate</span> <span class='ocrx_word' id='word_1_213' title='bbox 1088 3311 1195 3388; x_wconf 85' lang='lat' dir='ltr'>flagelli</span> <span class='ocrx_word' id='word_1_214' title='bbox 1226 3313 1447 3382; x_wconf 85' lang='lat' dir='ltr'>indeclinabilis:</span> 
     </span>
     <span class='ocr_line' id='line_1_30' title="bbox 486 3409 1449 3484; baseline 0 -18"><span class='ocrx_word' id='word_1_215' title='bbox 486 3411 675 3484; x_wconf 81' lang='lat' dir='ltr'>percussisti,</span> <span class='ocrx_word' id='word_1_216' title='bbox 707 3409 891 3484; x_wconf 83' lang='lat' dir='ltr'>flagellando:</span> <span class='ocrx_word' id='word_1_217' title='bbox 914 3411 1059 3484; x_wconf 83' lang='lat' dir='ltr'>occidisti,</span> <span class='ocrx_word' id='word_1_218' title='bbox 1088 3411 1116 3468; x_wconf 88' lang='lat' dir='ltr'>id</span> <span class='ocrx_word' id='word_1_219' title='bbox 1146 3409 1205 3480; x_wconf 91' lang='lat' dir='ltr'>est,</span> <span class='ocrx_word' id='word_1_220' title='bbox 1233 3411 1318 3470; x_wconf 86' lang='lat' dir='ltr'>occidi</span> <span class='ocrx_word' id='word_1_221' title='bbox 1349 3411 1449 3482; x_wconf 89' lang='lat' dir='ltr'>permi-</span> 
     </span>
    </p>

    <p class='ocr_par' dir='ltr' id='par_1_6' title="bbox 491 3507 1450 3682">
     <span class='ocr_line' id='line_1_31' title="bbox 491 3507 1354 3582; baseline 0 -18"><span class='ocrx_word' id='word_1_222' title='bbox 491 3507 570 3580; x_wconf 88' lang='lat' dir='ltr'>sisti:</span> <span class='ocrx_word' id='word_1_223' title='bbox 602 3523 654 3566; x_wconf 90' lang='lat' dir='ltr'>nec</span> <span class='ocrx_word' id='word_1_224' title='bbox 677 3509 850 3580; x_wconf 84' lang='lat' dir='ltr'>pepercisti,</span> <span class='ocrx_word' id='word_1_225' title='bbox 871 3525 990 3580; x_wconf 87' lang='lat' dir='ltr'>poenam</span> <span class='ocrx_word' id='word_1_226' title='bbox 1017 3511 1047 3568; x_wconf 91' lang='lat' dir='ltr'>in</span> <span class='ocrx_word' id='word_1_227' title='bbox 1075 3509 1169 3580; x_wconf 81' lang='lat' dir='ltr'>abque</span> <span class='ocrx_word' id='word_1_228' title='bbox 1190 3507 1354 3582; x_wconf 83' lang='lat' dir='ltr'>mitigando.</span> 
     </span>
     <span class='ocr_line' id='line_1_32' title="bbox 569 3605 1450 3682; baseline 0 -18"><span class='ocrx_word' id='word_1_229' title='bbox 569 3607 619 3664; x_wconf 80' lang='lat'>46.</span> <span class='ocrx_word' id='word_1_230' title='bbox 643 3607 737 3682; x_wconf 79' lang='lat' dir='ltr'>(Vens.</span> <span class='ocrx_word' id='word_1_231' title='bbox 758 3607 833 3680; x_wconf 82' lang='grc'><strong>44.).</strong></span> <span class='ocrx_word' id='word_1_232' title='bbox 863 3607 987 3664; x_wconf 79' lang='lat' dir='ltr'>Smenos.</span> <span class='ocrx_word' id='word_1_233' title='bbox 1024 3605 1192 3678; x_wconf 81' lang='lat' dir='ltr'>opposuisti</span> <span class='ocrx_word' id='word_1_234' title='bbox 1223 3607 1344 3680; x_wconf 90' lang='lat' dir='ltr'>unbem,</span> <span class='ocrx_word' id='word_1_235' title='bbox 1375 3605 1450 3664; x_wconf 88' lang='lat' dir='ltr'>sicut</span> 
     </span>
    </p>
   </div>
   <div class='ocr_carea' id='block_1_5' title="bbox 327 3701 1463 3776">
    <p class='ocr_par' dir='ltr' id='par_1_7' title="bbox 327 3701 1463 3776">
     <span class='ocr_line' id='line_1_33' title="bbox 327 3701 1463 3776; baseline -0.001 -15"><span class='ocrx_word' id='word_1_236' title='bbox 327 3703 425 3754; x_wconf 77' lang='lat' dir='ltr'>ueneno</span> <span class='ocrx_word' id='word_1_237' title='bbox 437 3715 475 3748; x_wconf 73' lang='lat'>01·</span> <span class='ocrx_word' id='word_1_238' title='bbox 491 3703 644 3776; x_wconf 89' lang='lat' dir='ltr'>opponitur</span> <span class='ocrx_word' id='word_1_239' title='bbox 665 3703 789 3776; x_wconf 83' lang='lat' dir='ltr'>exceptio</span> <span class='ocrx_word' id='word_1_240' title='bbox 808 3703 1000 3776; x_wconf 89' lang='lat' dir='ltr'>peremptoria</span> <span class='ocrx_word' id='word_1_241' title='bbox 1021 3701 1124 3760; x_wconf 90' lang='lat' dir='ltr'>iniuste</span> <span class='ocrx_word' id='word_1_242' title='bbox 1146 3703 1251 3776; x_wconf 90' lang='lat' dir='ltr'>aliquid</span> <span class='ocrx_word' id='word_1_243' title='bbox 1266 3701 1383 3776; x_wconf 90' lang='lat' dir='ltr'>petenti,</span> <span class='ocrx_word' id='word_1_244' title='bbox 1398 3719 1463 3760; x_wconf 89' lang='lat' dir='ltr'>nu·-</span> 
     </span>
    </p>
   </div>
   <div class='ocr_carea' id='block_1_6' title="bbox 367 3759 1451 3892">
    <p class='ocr_par' dir='ltr' id='par_1_8' title="bbox 367 3759 1451 3892">
     <span class='ocr_line' id='line_1_34' title="bbox 367 3759 1451 3892; baseline 0.042 -42"><span class='ocrx_word' id='word_1_245' title='bbox 367 3759 441 3802; x_wconf 64' lang='lat' dir='ltr'><strong>⁰¹⁰⁵i⁰&#39;</strong></span> <span class='ocrx_word' id='word_1_246' title='bbox 492 3801 575 3892; x_wconf 82' lang='lat' dir='ltr'>bern,</span> <span class='ocrx_word' id='word_1_247' title='bbox 590 3799 618 3858; x_wconf 91' lang='lat' dir='ltr'>id</span> <span class='ocrx_word' id='word_1_248' title='bbox 638 3789 683 3860; x_wconf 90' lang='lat' dir='ltr'>est</span> <span class='ocrx_word' id='word_1_249' title='bbox 713 3817 825 3858; x_wconf 91' lang='lat' dir='ltr'>caruem</span> <span class='ocrx_word' id='word_1_250' title='bbox 858 3799 981 3870; x_wconf 82' lang='lat' dir='ltr'>christi,</span> <span class='ocrx_word' id='word_1_251' title='bbox 1013 3799 1065 3858; x_wconf 90' lang='lat' dir='ltr'>sub</span> <span class='ocrx_word' id='word_1_252' title='bbox 1082 3805 1143 3874; x_wconf 78' lang='lat' dir='ltr'>‘qua</span> <span class='ocrx_word' id='word_1_253' title='bbox 1172 3799 1217 3858; x_wconf 61' lang='lat'>1³³⁶</span> <span class='ocrx_word' id='word_1_254' title='bbox 1238 3799 1261 3856; x_wconf 56' lang='lat' dir='ltr'>&#39;t</span> <span class='ocrx_word' id='word_1_255' title='bbox 1286 3817 1371 3860; x_wconf 56' lang='lat' dir='ltr'><strong>Verus</strong></span> <span class='ocrx_word' id='word_1_256' title='bbox 1403 3801 1451 3860; x_wconf 60' lang='lat'>8⁰1</span> 
     </span>
    </p>
   </div>
   <div class='ocr_carea' id='block_1_7' title="bbox 491 3897 1451 4262">
    <p class='ocr_par' dir='ltr' id='par_1_9' title="bbox 491 3897 1451 4262">
     <span class='ocr_line' id='line_1_35' title="bbox 491 3897 1450 3970; baseline 0.003 -16"><span class='ocrx_word' id='word_1_257' title='bbox 491 3897 632 3968; x_wconf 88' lang='lat' dir='ltr'>iustitiae:</span> <span class='ocrx_word' id='word_1_258' title='bbox 655 3897 785 3956; x_wconf 64' lang='lat' dir='ltr'>Isaiasi:</span> <span class='ocrx_word' id='word_1_259' title='bbox 810 3919 826 3948; x_wconf 91' lang='lat'>«</span> <span class='ocrx_word' id='word_1_260' title='bbox 839 3897 910 3956; x_wconf 83' lang='lat' dir='ltr'>Doce</span> <span class='ocrx_word' id='word_1_261' title='bbox 929 3897 1056 3956; x_wconf 90' lang='lat' dir='ltr'>aseendit</span> <span class='ocrx_word' id='word_1_262' title='bbox 1077 3897 1215 3956; x_wconf 84' lang='lat' dir='ltr'>Dominus</span> <span class='ocrx_word' id='word_1_263' title='bbox 1235 3913 1322 3970; x_wconf 88' lang='lat' dir='ltr'>snper</span> <span class='ocrx_word' id='word_1_264' title='bbox 1343 3897 1450 3956; x_wconf 49' lang='lat' dir='ltr'>¹nubem</span> 
     </span>
     <span class='ocr_line' id='line_1_36' title="bbox 491 3993 1449 4070; baseline 0 -18"><span class='ocrx_word' id='word_1_265' title='bbox 491 3995 609 4054; x_wconf 76' lang='lat' dir='ltr'>levem»</span> <span class='ocrx_word' id='word_1_266' title='bbox 629 3993 681 4054; x_wconf 90' lang='lat' dir='ltr'>etc.</span> <span class='ocrx_word' id='word_1_267' title='bbox 695 3995 743 4054; x_wconf 83' lang='lat' dir='ltr'>Ne</span> <span class='ocrx_word' id='word_1_268' title='bbox 765 3997 898 4054; x_wconf 88' lang='lat' dir='ltr'>transeat</span> <span class='ocrx_word' id='word_1_269' title='bbox 916 3995 1013 4054; x_wconf 88' lang='lat' dir='ltr'>oratio</span> <span class='ocrx_word' id='word_1_270' title='bbox 1020 4039 1029 4070; x_wconf 94' lang='lat'>,</span> <span class='ocrx_word' id='word_1_271' title='bbox 1050 3995 1088 4054; x_wconf 89' lang='lat' dir='ltr'>ad</span> <span class='ocrx_word' id='word_1_272' title='bbox 1100 3995 1191 4054; x_wconf 91' lang='lat' dir='ltr'>Deum</span> <span class='ocrx_word' id='word_1_273' title='bbox 1206 3993 1449 4066; x_wconf 84' lang='lat' dir='ltr'>scilicet31saias:</span> 
     </span>
     <span class='ocr_line' id='line_1_37' title="bbox 497 4092 1451 4166; baseline 0 -16"><span class='ocrx_word' id='word_1_274' title='bbox 497 4115 513 4144; x_wconf 78' lang='lat' dir='ltr'>u</span> <span class='ocrx_word' id='word_1_275' title='bbox 526 4093 696 4166; x_wconf 86' lang='lat' dir='ltr'>Iniquitates</span> <span class='ocrx_word' id='word_1_276' title='bbox 716 4092 828 4152; x_wconf 89' lang='lat' dir='ltr'>vestrae</span> <span class='ocrx_word' id='word_1_277' title='bbox 857 4093 1017 4150; x_wconf 89' lang='lat' dir='ltr'>diviserunt</span> <span class='ocrx_word' id='word_1_278' title='bbox 1045 4093 1120 4150; x_wconf 89' lang='lat' dir='ltr'>inter</span> <span class='ocrx_word' id='word_1_279' title='bbox 1152 4109 1202 4152; x_wconf 90' lang='lat' dir='ltr'>vos</span> <span class='ocrx_word' id='word_1_280' title='bbox 1232 4093 1262 4150; x_wconf 89' lang='lat' dir='ltr'>et</span> <span class='ocrx_word' id='word_1_281' title='bbox 1288 4093 1379 4152; x_wconf 86' lang='lat' dir='ltr'>Deum</span> <span class='ocrx_word' id='word_1_282' title='bbox 1406 4109 1451 4150; x_wconf 89' lang='lat' dir='ltr'>ve·</span> 
     </span>
     <span class='ocr_line' id='line_1_38' title="bbox 493 4189 1451 4262; baseline 0.002 -16"><span class='ocrx_word' id='word_1_283' title='bbox 493 4189 595 4258; x_wconf 90' lang='lat' dir='ltr'>strum,</span> <span class='ocrx_word' id='word_1_284' title='bbox 609 4189 639 4246; x_wconf 89' lang='lat' dir='ltr'>et</span> <span class='ocrx_word' id='word_1_285' title='bbox 653 4189 767 4262; x_wconf 89' lang='lat' dir='ltr'>peecata</span> <span class='ocrx_word' id='word_1_286' title='bbox 787 4189 883 4248; x_wconf 90' lang='lat' dir='ltr'>vestra</span> <span class='ocrx_word' id='word_1_287' title='bbox 904 4189 1111 4250; x_wconf 90' lang='lat' dir='ltr'>absconderunt</span> <span class='ocrx_word' id='word_1_288' title='bbox 1132 4191 1230 4248; x_wconf 83' lang='lat' dir='ltr'>faciem</span> <span class='ocrx_word' id='word_1_289' title='bbox 1251 4193 1311 4248; x_wconf 92' lang='lat' dir='ltr'>eius</span> <span class='ocrx_word' id='word_1_290' title='bbox 1325 4207 1342 4250; x_wconf 92' lang='lat' dir='ltr'>a</span> <span class='ocrx_word' id='word_1_291' title='bbox 1354 4191 1451 4260; x_wconf 90' lang='lat' dir='ltr'>vobis,</span> 
     </span>
    </p>
   </div>
   <div class='ocr_carea' id='block_1_8' title="bbox 492 4285 735 4346">
    <p class='ocr_par' dir='ltr' id='par_1_10' title="bbox 492 4285 735 4346">
     <span class='ocr_line' id='line_1_39' title="bbox 492 4285 735 4346; baseline 0 -2"><span class='ocrx_word' id='word_1_292' title='bbox 492 4301 530 4344; x_wconf 90' lang='lat' dir='ltr'>ne</span> <span class='ocrx_word' id='word_1_293' title='bbox 549 4285 693 4346; x_wconf 86' lang='lat' dir='ltr'>exaudiret</span> <span class='ocrx_word' id='word_1_294' title='bbox 707 4309 735 4344; x_wconf 73' lang='lat' dir='ltr'>a.</span> 
     </span>
    </p>
   </div>
   <div class='ocr_carea' id='block_1_9' title="bbox 329 4383 1454 6012">
    <p class='ocr_par' dir='ltr' id='par_1_11' title="bbox 336 4383 1454 4932">
     <span class='ocr_line' id='line_1_40' title="bbox 573 4383 1453 4462; baseline 0.002 -20"><span class='ocrx_word' id='word_1_295' title='bbox 573 4383 621 4442; x_wconf 83' lang='grc'>47.</span> <span class='ocrx_word' id='word_1_296' title='bbox 645 4383 738 4460; x_wconf 76' lang='lat' dir='ltr'>(bers.</span> <span class='ocrx_word' id='word_1_297' title='bbox 759 4387 834 4462; x_wconf 84' lang='lat'>45.).</span> <span class='ocrx_word' id='word_1_298' title='bbox 854 4387 976 4446; x_wconf 78' lang='lat' dir='ltr'>Sanaos.</span> <span class='ocrx_word' id='word_1_299' title='bbox 998 4387 1251 4446; x_wconf 76' lang='lat' dir='ltr'>Dradlcationem.</span> <span class='ocrx_word' id='word_1_300' title='bbox 1273 4387 1328 4446; x_wconf 93' lang='lat' dir='ltr'>Hic</span> <span class='ocrx_word' id='word_1_301' title='bbox 1346 4387 1453 4446; x_wconf 89' lang='lat' dir='ltr'>deseri·</span> 
     </span>
     <span class='ocr_line' id='line_1_41' title="bbox 336 4471 1454 4562; baseline -0.002 -16"><span class='ocrx_word' id='word_1_302' title='bbox 336 4501 367 4546; x_wconf 89' lang='lat' dir='ltr'>ne</span> <span class='ocrx_word' id='word_1_303' title='bbox 382 4497 474 4562; x_wconf 68' lang='lat' dir='ltr'>sennem</span> <span class='ocrx_word' id='word_1_304' title='bbox 493 4479 537 4540; x_wconf 89' lang='lat' dir='ltr'>bit</span> <span class='ocrx_word' id='word_1_305' title='bbox 554 4471 789 4554; x_wconf 83' lang='lat' dir='ltr'>reprobationem</span> <span class='ocrx_word' id='word_1_306' title='bbox 807 4485 853 4542; x_wconf 92' lang='lat' dir='ltr'>vel</span> <span class='ocrx_word' id='word_1_307' title='bbox 873 4487 933 4544; x_wconf 91' lang='lat' dir='ltr'>eius</span> <span class='ocrx_word' id='word_1_308' title='bbox 953 4483 1083 4544; x_wconf 85' lang='lat' dir='ltr'>effectum</span> <span class='ocrx_word' id='word_1_309' title='bbox 1096 4501 1147 4558; x_wconf 90' lang='lat' dir='ltr'>per</span> <span class='ocrx_word' id='word_1_310' title='bbox 1160 4483 1398 4558; x_wconf 88' lang='lat' dir='ltr'>comparationem</span> <span class='ocrx_word' id='word_1_311' title='bbox 1412 4483 1454 4544; x_wconf 86' lang='lat' dir='ltr'>ach</span> 
     </span>
     <span class='ocr_line' id='line_1_42' title="bbox 383 4555 1453 4660; baseline 0.002 -22"><span class='ocrx_word' id='word_1_312' title='bbox 383 4555 432 4596; x_wconf 67' lang='lat'>‘¹¹²&#39;</span> <span class='ocrx_word' id='word_1_313' title='bbox 494 4579 696 4638; x_wconf 86' lang='lat' dir='ltr'>aduersarimu</span> <span class='ocrx_word' id='word_1_314' title='bbox 717 4581 924 4654; x_wconf 76' lang='lat' dir='ltr'>tribulantem,-</span> <span class='ocrx_word' id='word_1_315' title='bbox 945 4583 1068 4658; x_wconf 81' lang='lat' dir='ltr'>tangens</span> <span class='ocrx_word' id='word_1_316' title='bbox 1099 4583 1159 4642; x_wconf 88' lang='lat' dir='ltr'>tarn</span> <span class='ocrx_word' id='word_1_317' title='bbox 1178 4585 1313 4660; x_wconf 86' lang='lat' dir='ltr'>ipsorum</span> <span class='ocrx_word' id='word_1_318' title='bbox 1334 4583 1453 4642; x_wconf 86' lang='lat' dir='ltr'>catami-</span> 
     </span>
     <span class='ocr_line' id='line_1_43' title="bbox 494 4679 1451 4752; baseline 0 -16"><span class='ocrx_word' id='word_1_319' title='bbox 494 4681 584 4736; x_wconf 89' lang='lat' dir='ltr'>tatem</span> <span class='ocrx_word' id='word_1_320' title='bbox 607 4695 693 4750; x_wconf 86' lang='lat' dir='ltr'>quam</span> <span class='ocrx_word' id='word_1_321' title='bbox 723 4679 963 4738; x_wconf 83' lang='lat' dir='ltr'>aduersariorum</span> <span class='ocrx_word' id='word_1_322' title='bbox 982 4679 1215 4752; x_wconf 88' lang='lat' dir='ltr'>improbitatem,</span> <span class='ocrx_word' id='word_1_323' title='bbox 1237 4681 1374 4748; x_wconf 89' lang='lat' dir='ltr'>secundo,</span> <span class='ocrx_word' id='word_1_324' title='bbox 1395 4681 1451 4737; x_wconf 88' lang='lat' dir='ltr'>ihi:</span> 
     </span>
     <span class='ocr_line' id='line_1_44' title="bbox 493 4771 1454 4852; baseline 0.002 -20"><span class='ocrx_word' id='word_1_325' title='bbox 493 4771 705 4848; x_wconf 84' lang='lat' dir='ltr'>Aperuertnei:</span> <span class='ocrx_word' id='word_1_326' title='bbox 725 4775 810 4834; x_wconf 90' lang='lat' dir='ltr'>tertio</span> <span class='ocrx_word' id='word_1_327' title='bbox 836 4775 983 4852; x_wconf 84' lang='lat' dir='ltr'>utriusque</span> <span class='ocrx_word' id='word_1_328' title='bbox 1004 4777 1099 4850; x_wconf 86' lang='lat' dir='ltr'>tangit</span> <span class='ocrx_word' id='word_1_329' title='bbox 1118 4777 1273 4852; x_wconf 89' lang='lat' dir='ltr'>rationem,</span> <span class='ocrx_word' id='word_1_330' title='bbox 1294 4777 1351 4834; x_wconf 90' lang='lat' dir='ltr'>ibi:</span> <span class='ocrx_word' id='word_1_331' title='bbox 1374 4777 1454 4836; x_wconf 81' lang='lat' dir='ltr'>For·</span> 
     </span>
     <span class='ocr_line' id='line_1_45' title="bbox 389 4871 741 4932; baseline 0.017 -6"><span class='ocrx_word' id='word_1_332' title='bbox 389 4893 392 4898; x_wconf 42' lang='lat'>¹</span> <span class='ocrx_word' id='word_1_333' title='bbox 493 4873 573 4930; x_wconf 84' lang='lat' dir='ltr'>:nido</span> <span class='ocrx_word' id='word_1_334' title='bbox 594 4871 648 4930; x_wconf 89' lang='lat' dir='ltr'>ete.</span> <span class='ocrx_word' id='word_1_335' title='bbox 740 4929 741 4932; x_wconf 74' lang='grc'>,</span> 
     </span>
    </p>

    <p class='ocr_par' dir='ltr' id='par_1_12' title="bbox 329 4969 1454 5914">
     <span class='ocr_line' id='line_1_46' title="bbox 573 4969 1454 5044; baseline 0.005 -18"><span class='ocrx_word' id='word_1_336' title='bbox 573 4969 649 5026; x_wconf 90' lang='lat' dir='ltr'>Dicit</span> <span class='ocrx_word' id='word_1_337' title='bbox 668 4987 750 5044; x_wconf 81' lang='lat' dir='ltr'>ergo:</span> <span class='ocrx_word' id='word_1_338' title='bbox 767 4971 1024 5044; x_wconf 83' lang='lat' dir='ltr'>Erudicationem,</span> <span class='ocrx_word' id='word_1_339' title='bbox 1045 4971 1080 5028; x_wconf 89' lang='lat' dir='ltr'>de</span> <span class='ocrx_word' id='word_1_340' title='bbox 1100 4971 1177 5030; x_wconf 91' lang='lat' dir='ltr'>terra</span> <span class='ocrx_word' id='word_1_341' title='bbox 1201 4973 1317 5044; x_wconf 89' lang='lat' dir='ltr'>propria</span> <span class='ocrx_word' id='word_1_342' title='bbox 1337 4971 1365 5030; x_wconf 91' lang='lat' dir='ltr'>et</span> <span class='ocrx_word' id='word_1_343' title='bbox 1391 4993 1410 5044; x_wconf 77' lang='grc' dir='ltr'>κΙ</span> <span class='ocrx_word' id='word_1_344' title='bbox 1418 4973 1454 5030; x_wconf 92' lang='lat' dir='ltr'>de</span> 
     </span>
     <span class='ocr_line' id='line_1_47' title="bbox 329 5065 1454 5142; baseline 0.001 -18"><span class='ocrx_word' id='word_1_345' title='bbox 329 5081 423 5142; x_wconf 65' lang='lat' dir='ltr'>ipserum</span> <span class='ocrx_word' id='word_1_346' title='bbox 440 5093 475 5128; x_wconf 74' lang='lat' dir='ltr'>a.</span> <span class='ocrx_word' id='word_1_347' title='bbox 494 5065 572 5124; x_wconf 92' lang='lat' dir='ltr'>terra</span> <span class='ocrx_word' id='word_1_348' title='bbox 599 5067 756 5126; x_wconf 91' lang='lat' dir='ltr'>viventium</span> <span class='ocrx_word' id='word_1_349' title='bbox 776 5091 804 5138; x_wconf 86' lang='lat'>&gt;›,</span> <span class='ocrx_word' id='word_1_350' title='bbox 827 5071 854 5126; x_wconf 95' lang='lat' dir='ltr'>et</span> <span class='ocrx_word' id='word_1_351' title='bbox 882 5069 1084 5142; x_wconf 87' lang='lat' dir='ltr'>abiectionem,</span> <span class='ocrx_word' id='word_1_352' title='bbox 1115 5069 1286 5128; x_wconf 73' lang='lat' dir='ltr'>confflsionis</span> <span class='ocrx_word' id='word_1_353' title='bbox 1314 5067 1342 5126; x_wconf 93' lang='lat' dir='ltr'>et</span> <span class='ocrx_word' id='word_1_354' title='bbox 1373 5071 1454 5140; x_wconf 80' lang='lat' dir='ltr'>igno-</span> 
     </span>
     <span class='ocr_line' id='line_1_48' title="bbox 358 5133 1452 5236; baseline 0 -18"><span class='ocrx_word' id='word_1_355' title='bbox 358 5133 451 5178; x_wconf 42' lang='grc' dir='ltr'>ΜΨ·</span> <span class='ocrx_word' id='word_1_356' title='bbox 493 5161 612 5232; x_wconf 90' lang='lat' dir='ltr'>miniae:</span> <span class='ocrx_word' id='word_1_357' title='bbox 638 5163 845 5236; x_wconf 72' lang='lat' dir='ltr'>posessione,</span> <span class='ocrx_word' id='word_1_358' title='bbox 875 5179 1062 5236; x_wconf 80' lang='lat' dir='ltr'>synagogam,</span> <span class='ocrx_word' id='word_1_359' title='bbox 1088 5163 1122 5218; x_wconf 87' lang='lat' dir='ltr'>in</span> <span class='ocrx_word' id='word_1_360' title='bbox 1147 5163 1240 5220; x_wconf 85' lang='lat' dir='ltr'>medio</span> <span class='ocrx_word' id='word_1_361' title='bbox 1256 5161 1452 5236; x_wconf 88' lang='lat' dir='ltr'>populorum,</span> 
     </span>
     <span class='ocr_line' id='line_1_49' title="bbox 494 5249 1454 5330; baseline -0.002 -14"><span class='ocrx_word' id='word_1_362' title='bbox 494 5259 618 5316; x_wconf 89' lang='lat' dir='ltr'>omnium</span> <span class='ocrx_word' id='word_1_363' title='bbox 639 5259 726 5318; x_wconf 88' lang='lat' dir='ltr'>totius</span> <span class='ocrx_word' id='word_1_364' title='bbox 747 5249 853 5316; x_wconf 89' lang='lat' dir='ltr'>mundi.</span> <span class='ocrx_word' id='word_1_365' title='bbox 875 5259 929 5318; x_wconf 86' lang='lat' dir='ltr'>Vei</span> <span class='ocrx_word' id='word_1_366' title='bbox 950 5261 982 5316; x_wconf 93' lang='lat' dir='ltr'>de</span> <span class='ocrx_word' id='word_1_367' title='bbox 1005 5257 1118 5316; x_wconf 79' lang='lat' dir='ltr'>Christo</span> <span class='ocrx_word' id='word_1_368' title='bbox 1139 5257 1301 5330; x_wconf 88' lang='lat' dir='ltr'>exponitur,</span> <span class='ocrx_word' id='word_1_369' title='bbox 1324 5259 1372 5330; x_wconf 85' lang='lat' dir='ltr'>qui</span> <span class='ocrx_word' id='word_1_370' title='bbox 1391 5275 1454 5314; x_wconf 81' lang='lat' dir='ltr'>era·</span> 
     </span>
     <span class='ocr_line' id='line_1_50' title="bbox 494 5353 1454 5426; baseline 0 -16"><span class='ocrx_word' id='word_1_371' title='bbox 494 5353 603 5412; x_wconf 90' lang='lat' dir='ltr'>dicatus</span> <span class='ocrx_word' id='word_1_372' title='bbox 624 5355 668 5412; x_wconf 90' lang='lat' dir='ltr'>est</span> <span class='ocrx_word' id='word_1_373' title='bbox 689 5357 721 5412; x_wconf 91' lang='lat' dir='ltr'>de</span> <span class='ocrx_word' id='word_1_374' title='bbox 743 5355 822 5414; x_wconf 88' lang='lat' dir='ltr'>terra</span> <span class='ocrx_word' id='word_1_375' title='bbox 841 5353 1014 5424; x_wconf 85' lang='lat' dir='ltr'>viventium,</span> <span class='ocrx_word' id='word_1_376' title='bbox 1035 5355 1188 5412; x_wconf 88' lang='lat' dir='ltr'>secundnm</span> <span class='ocrx_word' id='word_1_377' title='bbox 1208 5355 1366 5426; x_wconf 87' lang='lat' dir='ltr'>opinionem</span> <span class='ocrx_word' id='word_1_378' title='bbox 1381 5357 1454 5412; x_wconf 88' lang='lat' dir='ltr'>mul-</span> 
     </span>
     <span class='ocr_line' id='line_1_51' title="bbox 494 5449 1454 5524; baseline 0.004 -18"><span class='ocrx_word' id='word_1_379' title='bbox 494 5451 600 5520; x_wconf 89' lang='lat' dir='ltr'>torum:</span> <span class='ocrx_word' id='word_1_380' title='bbox 622 5449 755 5508; x_wconf 63' lang='lat' dir='ltr'>isaiasi:</span> <span class='ocrx_word' id='word_1_381' title='bbox 772 5473 795 5522; x_wconf 48' lang='grc' dir='ltr'>χ(ι</span> <span class='ocrx_word' id='word_1_382' title='bbox 810 5451 961 5508; x_wconf 85' lang='lat' dir='ltr'>Abscissus</span> <span class='ocrx_word' id='word_1_383' title='bbox 981 5449 1026 5508; x_wconf 90' lang='lat' dir='ltr'>est</span> <span class='ocrx_word' id='word_1_384' title='bbox 1046 5449 1080 5508; x_wconf 93' lang='lat' dir='ltr'>de</span> <span class='ocrx_word' id='word_1_385' title='bbox 1100 5449 1178 5514; x_wconf 89' lang='lat' dir='ltr'>terra</span> <span class='ocrx_word' id='word_1_386' title='bbox 1199 5449 1371 5520; x_wconf 84' lang='lat' dir='ltr'>viventium:</span> <span class='ocrx_word' id='word_1_387' title='bbox 1392 5467 1454 5524; x_wconf 90' lang='lat' dir='ltr'>pro·</span> 
     </span>
     <span class='ocr_line' id='line_1_52' title="bbox 493 5545 1453 5626; baseline 0.002 -22"><span class='ocrx_word' id='word_1_388' title='bbox 493 5547 558 5620; x_wconf 89' lang='lat' dir='ltr'>pter</span> <span class='ocrx_word' id='word_1_389' title='bbox 580 5549 670 5606; x_wconf 88' lang='lat' dir='ltr'>scelus</span> <span class='ocrx_word' id='word_1_390' title='bbox 692 5547 856 5620; x_wconf 78' lang='lat' dir='ltr'>populiensi</span> <span class='ocrx_word' id='word_1_391' title='bbox 872 5549 997 5620; x_wconf 88' lang='lat' dir='ltr'>percussi</span> <span class='ocrx_word' id='word_1_392' title='bbox 1017 5563 1105 5626; x_wconf 82' lang='lat' dir='ltr'>eum»</span> <span class='ocrx_word' id='word_1_393' title='bbox 1125 5545 1194 5618; x_wconf 82' lang='lat' dir='ltr'>etc:</span> <span class='ocrx_word' id='word_1_394' title='bbox 1209 5551 1236 5604; x_wconf 86' lang='lat' dir='ltr'>et</span> <span class='ocrx_word' id='word_1_395' title='bbox 1254 5547 1453 5620; x_wconf 87' lang='lat' dir='ltr'>abiectionem,</span> 
     </span>
     <span class='ocr_line' id='line_1_53' title="bbox 494 5641 1454 5718; baseline 0 -16"><span class='ocrx_word' id='word_1_396' title='bbox 494 5647 573 5704; x_wconf 84' lang='lat' dir='ltr'>iuxta</span> <span class='ocrx_word' id='word_1_397' title='bbox 593 5647 680 5704; x_wconf 89' lang='lat' dir='ltr'>illud:</span> <span class='ocrx_word' id='word_1_398' title='bbox 707 5667 722 5696; x_wconf 85' lang='lat'>‹&lt;</span> <span class='ocrx_word' id='word_1_399' title='bbox 736 5645 797 5718; x_wconf 81' lang='lat' dir='ltr'>nge</span> <span class='ocrx_word' id='word_1_400' title='bbox 819 5643 914 5704; x_wconf 90' lang='lat' dir='ltr'>autem</span> <span class='ocrx_word' id='word_1_401' title='bbox 935 5645 1038 5704; x_wconf 87' lang='lat' dir='ltr'>vermis</span> <span class='ocrx_word' id='word_1_402' title='bbox 1061 5659 1124 5702; x_wconf 90' lang='lat' dir='ltr'>sum</span> <span class='ocrx_word' id='word_1_403' title='bbox 1144 5641 1173 5700; x_wconf 92' lang='lat' dir='ltr'>et</span> <span class='ocrx_word' id='word_1_404' title='bbox 1193 5659 1250 5702; x_wconf 91' lang='lat' dir='ltr'>uon</span> <span class='ocrx_word' id='word_1_405' title='bbox 1269 5641 1351 5704; x_wconf 91' lang='lat' dir='ltr'>homo</span> <span class='ocrx_word' id='word_1_406' title='bbox 1366 5669 1395 5702; x_wconf 87' lang='grc'>».</span> <span class='ocrx_word' id='word_1_407' title='bbox 1413 5677 1454 5686; x_wconf 88' lang='lat'>--</span> 
     </span>
     <span class='ocr_line' id='line_1_54' title="bbox 402 5739 1454 5826; baseline -0.006 -20"><span class='ocrx_word' id='word_1_408' title='bbox 402 5799 404 5806; x_wconf 93' lang='lat'>.</span> <span class='ocrx_word' id='word_1_409' title='bbox 493 5743 567 5802; x_wconf 90' lang='lat' dir='ltr'>Huic</span> <span class='ocrx_word' id='word_1_410' title='bbox 587 5743 694 5816; x_wconf 87' lang='lat' dir='ltr'>tripiici</span> <span class='ocrx_word' id='word_1_411' title='bbox 713 5743 856 5800; x_wconf 87' lang='lat' dir='ltr'>clausulae</span> <span class='ocrx_word' id='word_1_412' title='bbox 885 5743 1071 5816; x_wconf 86' lang='lat' dir='ltr'>praeponitur</span> <span class='ocrx_word' id='word_1_413' title='bbox 1088 5741 1188 5800; x_wconf 87' lang='lat' dir='ltr'>littera</span> <span class='ocrx_word' id='word_1_414' title='bbox 1216 5739 1338 5826; x_wconf 78' lang='lat' dir='ltr'>Satneeh</span> <span class='ocrx_word' id='word_1_415' title='bbox 1359 5743 1454 5816; x_wconf 87' lang='lat' dir='ltr'>tripli-</span> 
     </span>
     <span class='ocr_line' id='line_1_55' title="bbox 467 5838 1454 5914; baseline 0 -14"><span class='ocrx_word' id='word_1_416' title='bbox 467 5883 469 5886; x_wconf 92' lang='grc'>-</span> <span class='ocrx_word' id='word_1_417' title='bbox 494 5839 571 5910; x_wconf 91' lang='lat' dir='ltr'>cata,</span> <span class='ocrx_word' id='word_1_418' title='bbox 586 5857 657 5914; x_wconf 81' lang='lat' dir='ltr'>quae</span> <span class='ocrx_word' id='word_1_419' title='bbox 677 5838 885 5914; x_wconf 90' lang='lat' dir='ltr'>interpretatur</span> <span class='ocrx_word' id='word_1_420' title='bbox 899 5839 1098 5910; x_wconf 82' lang='lat' dir='ltr'>adiutorium:</span> <span class='ocrx_word' id='word_1_421' title='bbox 1118 5839 1163 5898; x_wconf 87' lang='lat' dir='ltr'>his</span> <span class='ocrx_word' id='word_1_422' title='bbox 1184 5839 1259 5898; x_wconf 90' lang='lat' dir='ltr'>euim</span> <span class='ocrx_word' id='word_1_423' title='bbox 1277 5839 1454 5900; x_wconf 88' lang='lat' dir='ltr'>lamentatur</span> 
     </span>
    </p>

    <p class='ocr_par' dir='ltr' id='par_1_13' title="bbox 494 5935 1212 6012">
     <span class='ocr_line' id='line_1_56' title="bbox 494 5935 1212 6012; baseline -0.003 -16"><span class='ocrx_word' id='word_1_424' title='bbox 494 5953 639 6012; x_wconf 78' lang='lat' dir='ltr'>synagoga</span> <span class='ocrx_word' id='word_1_425' title='bbox 659 5953 738 5998; x_wconf 89' lang='lat' dir='ltr'>omne</span> <span class='ocrx_word' id='word_1_426' title='bbox 760 5937 930 5998; x_wconf 87' lang='lat' dir='ltr'>adiutorium</span> <span class='ocrx_word' id='word_1_427' title='bbox 951 5937 1005 5996; x_wconf 89' lang='lat' dir='ltr'>sibi</span> <span class='ocrx_word' id='word_1_428' title='bbox 1025 5935 1212 5998; x_wconf 87' lang='lat' dir='ltr'>subtractum.</span> 
     </span>
    </p>
   </div>
   <div class='ocr_carea' id='block_1_10' title="bbox 492 6421 1449 6982">
    <p class='ocr_par' dir='ltr' id='par_1_14' title="bbox 492 6421 1449 6840">
     <span class='ocr_line' id='line_1_57' title="bbox 564 6421 1449 6490; baseline -0.002 -14"><span class='ocrx_word' id='word_1_429' title='bbox 564 6423 573 6454; x_wconf 80' lang='lat'>²</span> <span class='ocrx_word' id='word_1_430' title='bbox 593 6425 662 6489; x_wconf 83' lang='lat' dir='ltr'>llaec</span> <span class='ocrx_word' id='word_1_431' title='bbox 680 6423 825 6490; x_wconf 85' lang='lat' dir='ltr'>propositio</span> <span class='ocrx_word' id='word_1_432' title='bbox 843 6425 918 6478; x_wconf 88' lang='lat' dir='ltr'>deest</span> <span class='ocrx_word' id='word_1_433' title='bbox 937 6423 961 6474; x_wconf 90' lang='lat' dir='ltr'>iu</span> <span class='ocrx_word' id='word_1_434' title='bbox 981 6423 1055 6486; x_wconf 60' lang='lat' dir='ltr'>Vel:</span> <span class='ocrx_word' id='word_1_435' title='bbox 1068 6423 1145 6476; x_wconf 88' lang='lat' dir='ltr'>codd.</span> <span class='ocrx_word' id='word_1_436' title='bbox 1159 6421 1257 6476; x_wconf 87' lang='lat' dir='ltr'>bahent</span> <span class='ocrx_word' id='word_1_437' title='bbox 1268 6423 1407 6484; x_wconf 89' lang='lat' dir='ltr'>mendose,</span> <span class='ocrx_word' id='word_1_438' title='bbox 1422 6427 1449 6474; x_wconf 91' lang='lat' dir='ltr'>ut</span> 
     </span>
     <span class='ocr_line' id='line_1_58' title="bbox 494 6493 1448 6562; baseline -0.002 -16"><span class='ocrx_word' id='word_1_439' title='bbox 494 6495 604 6558; x_wconf 83' lang='lat' dir='ltr'>videtur,</span> <span class='ocrx_word' id='word_1_440' title='bbox 624 6493 719 6562; x_wconf 81' lang='lat' dir='ltr'>prusia</span> <span class='ocrx_word' id='word_1_441' title='bbox 734 6499 909 6562; x_wconf 88' lang='lat' dir='ltr'>peccalorum</span> <span class='ocrx_word' id='word_1_442' title='bbox 930 6509 977 6560; x_wconf 87' lang='lat' dir='ltr'>pro</span> <span class='ocrx_word' id='word_1_443' title='bbox 1003 6507 1103 6562; x_wconf 80' lang='lat' dir='ltr'>ponera</span> <span class='ocrx_word' id='word_1_444' title='bbox 1117 6497 1309 6562; x_wconf 87' lang='lat' dir='ltr'>peccalorum.</span> <span class='ocrx_word' id='word_1_445' title='bbox 1322 6493 1448 6546; x_wconf 30' lang='lat' dir='ltr'>*Eandem</span> 
     </span>
     <span class='ocr_line' id='line_1_59' title="bbox 494 6563 1449 6630; baseline 0 -14"><span class='ocrx_word' id='word_1_446' title='bbox 494 6565 645 6618; x_wconf 86' lang='lat' dir='ltr'>sententiam</span> <span class='ocrx_word' id='word_1_447' title='bbox 664 6565 744 6616; x_wconf 86' lang='lat' dir='ltr'>habet</span> <span class='ocrx_word' id='word_1_448' title='bbox 761 6563 837 6618; x_wconf 87' lang='lat' dir='ltr'>Card.</span> <span class='ocrx_word' id='word_1_449' title='bbox 857 6567 926 6628; x_wconf 83' lang='lat' dir='ltr'>ling.</span> <span class='ocrx_word' id='word_1_450' title='bbox 944 6565 971 6616; x_wconf 90' lang='lat' dir='ltr'>in</span> <span class='ocrx_word' id='word_1_451' title='bbox 991 6567 1061 6616; x_wconf 86' lang='lat' dir='ltr'>hurrc</span> <span class='ocrx_word' id='word_1_452' title='bbox 1075 6565 1178 6616; x_wconf 89' lang='lat' dir='ltr'>locum:</span> <span class='ocrx_word' id='word_1_453' title='bbox 1193 6567 1324 6628; x_wconf 72' lang='lat' dir='ltr'>«Propter</span> <span class='ocrx_word' id='word_1_454' title='bbox 1335 6569 1449 6630; x_wconf 88' lang='lat' dir='ltr'>quatuor</span> 
     </span>
     <span class='ocr_line' id='line_1_60' title="bbox 492 6635 1449 6700; baseline 0.002 -14"><span class='ocrx_word' id='word_1_455' title='bbox 492 6641 580 6688; x_wconf 86' lang='lat' dir='ltr'>autem</span> <span class='ocrx_word' id='word_1_456' title='bbox 598 6649 650 6688; x_wconf 89' lang='lat' dir='ltr'>non</span> <span class='ocrx_word' id='word_1_457' title='bbox 674 6637 747 6688; x_wconf 89' lang='lat' dir='ltr'>audit</span> <span class='ocrx_word' id='word_1_458' title='bbox 770 6635 854 6688; x_wconf 90' lang='lat' dir='ltr'>Deus:</span> <span class='ocrx_word' id='word_1_459' title='bbox 879 6641 987 6700; x_wconf 87' lang='lat' dir='ltr'>propter</span> <span class='ocrx_word' id='word_1_460' title='bbox 1011 6635 1209 6688; x_wconf 84' lang='lat' dir='ltr'>idololatriam...</span> <span class='ocrx_word' id='word_1_461' title='bbox 1235 6641 1342 6700; x_wconf 89' lang='lat' dir='ltr'>propter</span> <span class='ocrx_word' id='word_1_462' title='bbox 1367 6637 1449 6688; x_wconf 89' lang='lat' dir='ltr'>avari-</span> 
     </span>
     <span class='ocr_line' id='line_1_61' title="bbox 493 6697 1448 6772; baseline 0 -16"><span class='ocrx_word' id='word_1_463' title='bbox 493 6707 582 6758; x_wconf 88' lang='lat' dir='ltr'>tiam...</span> <span class='ocrx_word' id='word_1_464' title='bbox 600 6697 706 6770; x_wconf 80' lang='lat' dir='ltr'>propter</span> <span class='ocrx_word' id='word_1_465' title='bbox 724 6705 877 6766; x_wconf 88' lang='lat' dir='ltr'>superbiam</span> <span class='ocrx_word' id='word_1_466' title='bbox 891 6707 1047 6758; x_wconf 84' lang='lat' dir='ltr'>rusiorum...</span> <span class='ocrx_word' id='word_1_467' title='bbox 1060 6711 1167 6772; x_wconf 88' lang='lat' dir='ltr'>propter</span> <span class='ocrx_word' id='word_1_468' title='bbox 1181 6711 1361 6772; x_wconf 88' lang='lat' dir='ltr'>contemptum</span> <span class='ocrx_word' id='word_1_469' title='bbox 1373 6705 1448 6758; x_wconf 88' lang='lat' dir='ltr'>verbi</span> 
     </span>
     <span class='ocr_line' id='line_1_62' title="bbox 494 6775 1172 6840; baseline 0.006 -14"><span class='ocrx_word' id='word_1_470' title='bbox 494 6775 532 6826; x_wconf 85' lang='lat' dir='ltr'>sui</span> <span class='ocrx_word' id='word_1_471' title='bbox 546 6793 575 6838; x_wconf 80' lang='lat' dir='ltr'>n:</span> <span class='ocrx_word' id='word_1_472' title='bbox 593 6775 667 6838; x_wconf 81' lang='lat' dir='ltr'>quood</span> <span class='ocrx_word' id='word_1_473' title='bbox 687 6775 756 6828; x_wconf 86' lang='lat' dir='ltr'>idem</span> <span class='ocrx_word' id='word_1_474' title='bbox 775 6775 838 6828; x_wconf 89' lang='lat' dir='ltr'>locis</span> <span class='ocrx_word' id='word_1_475' title='bbox 859 6777 1008 6840; x_wconf 81' lang='lat' dir='ltr'>Scripturas</span> <span class='ocrx_word' id='word_1_476' title='bbox 1025 6775 1172 6830; x_wconf 82' lang='lat' dir='ltr'>confirmat.</span> 
     </span>
    </p>

    <p class='ocr_par' dir='ltr' id='par_1_15' title="bbox 564 6843 964 6910">
     <span class='ocr_line' id='line_1_63' title="bbox 564 6843 964 6910; baseline 0.005 -14"><span class='ocrx_word' id='word_1_477' title='bbox 564 6843 574 6874; x_wconf 70' lang='lat'>⁹</span> <span class='ocrx_word' id='word_1_478' title='bbox 593 6847 668 6896; x_wconf 83' lang='lat' dir='ltr'>Vens.</span> <span class='ocrx_word' id='word_1_479' title='bbox 688 6845 734 6910; x_wconf 78' lang='lat' dir='ltr'>is:</span> <span class='ocrx_word' id='word_1_480' title='bbox 753 6847 858 6898; x_wconf 87' lang='lat' dir='ltr'>tertium</span> <span class='ocrx_word' id='word_1_481' title='bbox 877 6859 903 6898; x_wconf 89' lang='lat' dir='ltr'>v.</span> <span class='ocrx_word' id='word_1_482' title='bbox 923 6847 964 6898; x_wconf 80' lang='lat' dir='ltr'>sl.</span> 
     </span>
    </p>

    <p class='ocr_par' dir='ltr' id='par_1_16' title="bbox 563 6911 1097 6982">
     <span class='ocr_line' id='line_1_64' title="bbox 563 6911 1097 6982; baseline 0.004 -18"><span class='ocrx_word' id='word_1_483' title='bbox 563 6911 656 6976; x_wconf 74' lang='lat' dir='ltr'>4Cap.</span> <span class='ocrx_word' id='word_1_484' title='bbox 677 6913 721 6976; x_wconf 87' lang='lat' dir='ltr'>to,</span> <span class='ocrx_word' id='word_1_485' title='bbox 746 6917 770 6974; x_wconf 86' lang='lat' dir='ltr'>l:</span> <span class='ocrx_word' id='word_1_486' title='bbox 790 6915 886 6968; x_wconf 88' lang='lat' dir='ltr'>deinde</span> <span class='ocrx_word' id='word_1_487' title='bbox 911 6915 975 6966; x_wconf 90' lang='lat' dir='ltr'>ibid.</span> <span class='ocrx_word' id='word_1_488' title='bbox 999 6915 1047 6982; x_wconf 77' lang='lat'>59,</span> <span class='ocrx_word' id='word_1_489' title='bbox 1072 6917 1097 6966; x_wconf 74' lang='lat' dir='ltr'>i.</span> 
     </span>
    </p>
   </div>
   <div class='ocr_carea' id='block_1_11' title="bbox 1243 6845 1448 6910">
    <p class='ocr_par' dir='ltr' id='par_1_17' title="bbox 1243 6845 1448 6910">
     <span class='ocr_line' id='line_1_65' title="bbox 1243 6845 1448 6910; baseline -0.015 -9"><span class='ocrx_word' id='word_1_490' title='bbox 1243 6845 1334 6910; x_wconf 80' lang='lat' dir='ltr'>³Cap.</span> <span class='ocrx_word' id='word_1_491' title='bbox 1355 6847 1403 6910; x_wconf 81' lang='lat'>53,</span> <span class='ocrx_word' id='word_1_492' title='bbox 1424 6847 1448 6898; x_wconf 81' lang='lat'>3.</span> 
     </span>
    </p>
   </div>
   <div class='ocr_carea' id='block_1_12' title="bbox 1190 611 1767 684">
    <p class='ocr_par' dir='ltr' id='par_1_18' title="bbox 1190 611 1767 684">
     <span class='ocr_line' id='line_1_66' title="bbox 1190 611 1767 684; baseline -0.01 -2"><span class='ocrx_word' id='word_1_493' title='bbox 1190 615 1386 684; x_wconf 82' lang='lat' dir='ltr'>nxroslnlo</span> <span class='ocrx_word' id='word_1_494' title='bbox 1410 611 1641 682; x_wconf 77' lang='lat' dir='ltr'>Thanouenoi</span> <span class='ocrx_word' id='word_1_495' title='bbox 1664 611 1695 678; x_wconf 89' lang='lat' dir='ltr'>C.</span> <span class='ocrx_word' id='word_1_496' title='bbox 1721 611 1767 676; x_wconf 86' lang='lat' dir='ltr'>ill.</span> 
     </span>
    </p>
   </div>
   <div class='ocr_carea' id='block_1_13' title="bbox 1510 785 2635 5914">
    <p class='ocr_par' dir='ltr' id='par_1_19' title="bbox 1510 785 2635 2030">
     <span class='ocr_line' id='line_1_67' title="bbox 1592 785 2634 862; baseline 0.002 -16"><span class='ocrx_word' id='word_1_497' title='bbox 1592 787 1641 846; x_wconf 89' lang='lat'>48.</span> <span class='ocrx_word' id='word_1_498' title='bbox 1665 787 1757 862; x_wconf 73' lang='lat' dir='ltr'>(hers.</span> <span class='ocrx_word' id='word_1_499' title='bbox 1778 787 1852 862; x_wconf 85' lang='grc'><strong>46.).</strong></span> <span class='ocrx_word' id='word_1_500' title='bbox 1872 787 1943 844; x_wconf 79' lang='lat' dir='ltr'>Pan.</span> <span class='ocrx_word' id='word_1_501' title='bbox 1964 785 2163 862; x_wconf 82' lang='lat' dir='ltr'>Aperaerunt.</span> <span class='ocrx_word' id='word_1_502' title='bbox 2183 793 2238 850; x_wconf 88' lang='lat' dir='ltr'>Hie</span> <span class='ocrx_word' id='word_1_503' title='bbox 2257 791 2355 850; x_wconf 84' lang='lat' dir='ltr'>subdit</span> <span class='ocrx_word' id='word_1_504' title='bbox 2372 793 2470 850; x_wconf 86' lang='lat' dir='ltr'>inimi·</span> <span class='ocrx_word' id='word_1_505' title='bbox 2495 797 2634 862; x_wconf 67' lang='lat' dir='ltr'>inrepserit·</span> 
     </span>
     <span class='ocr_line' id='line_1_68' title="bbox 1511 859 2635 960; baseline 0.002 -16"><span class='ocrx_word' id='word_1_506' title='bbox 1511 901 1614 944; x_wconf 86' lang='lat' dir='ltr'>cortun</span> <span class='ocrx_word' id='word_1_507' title='bbox 1631 883 1866 956; x_wconf 83' lang='lat' dir='ltr'>improbitatem:</span> <span class='ocrx_word' id='word_1_508' title='bbox 1884 883 2082 956; x_wconf 78' lang='lat' dir='ltr'>Aperuerunt.</span> <span class='ocrx_word' id='word_1_509' title='bbox 2104 885 2139 944; x_wconf 85' lang='lat' dir='ltr'>Dr</span> <span class='ocrx_word' id='word_1_510' title='bbox 2160 887 2295 958; x_wconf 82' lang='lat' dir='ltr'>glossatis</span> <span class='ocrx_word' id='word_1_511' title='bbox 2314 887 2469 960; x_wconf 89' lang='lat' dir='ltr'>interponi·</span> <span class='ocrx_word' id='word_1_512' title='bbox 2486 859 2635 958; x_wconf 46' lang='lat' dir='ltr'>mampu-</span> 
     </span>
     <span class='ocr_line' id='line_1_69' title="bbox 1511 979 2469 1056; baseline 0.004 -16"><span class='ocrx_word' id='word_1_513' title='bbox 1511 983 1561 1042; x_wconf 89' lang='lat' dir='ltr'>tur</span> <span class='ocrx_word' id='word_1_514' title='bbox 1580 981 1653 1040; x_wconf 92' lang='lat' dir='ltr'>iilud</span> <span class='ocrx_word' id='word_1_515' title='bbox 1667 979 1747 1042; x_wconf 85' lang='lat' dir='ltr'>Ain:</span> <span class='ocrx_word' id='word_1_516' title='bbox 1769 979 1878 1040; x_wconf 84' lang='lat' dir='ltr'>Oculus</span> <span class='ocrx_word' id='word_1_517' title='bbox 1891 997 1983 1042; x_wconf 89' lang='lat' dir='ltr'>mens.</span> <span class='ocrx_word' id='word_1_518' title='bbox 1996 981 2090 1052; x_wconf 85' lang='lat' dir='ltr'>Nota,</span> <span class='ocrx_word' id='word_1_519' title='bbox 2105 981 2178 1056; x_wconf 89' lang='lat' dir='ltr'>quod</span> <span class='ocrx_word' id='word_1_520' title='bbox 2191 983 2237 1042; x_wconf 91' lang='lat' dir='ltr'>hio</span> <span class='ocrx_word' id='word_1_521' title='bbox 2255 983 2386 1043; x_wconf 89' lang='lat' dir='ltr'>motatur</span> <span class='ocrx_word' id='word_1_522' title='bbox 2402 985 2469 1044; x_wconf 91' lang='lat' dir='ltr'>ordo</span> 
     </span>
     <span class='ocr_line' id='line_1_70' title="bbox 1511 1073 2469 1154; baseline 0.002 -16"><span class='ocrx_word' id='word_1_523' title='bbox 1511 1073 1671 1152; x_wconf 80' lang='lat' dir='ltr'>alphabeti,</span> <span class='ocrx_word' id='word_1_524' title='bbox 1691 1079 1758 1150; x_wconf 84' lang='lat' dir='ltr'>quia</span> <span class='ocrx_word' id='word_1_525' title='bbox 1782 1079 1848 1138; x_wconf 85' lang='lat' dir='ltr'>Phe</span> <span class='ocrx_word' id='word_1_526' title='bbox 1868 1079 2052 1152; x_wconf 87' lang='lat' dir='ltr'>praeponitur</span> <span class='ocrx_word' id='word_1_527' title='bbox 2071 1077 2151 1152; x_wconf 81' lang='lat' dir='ltr'>Ain,</span> <span class='ocrx_word' id='word_1_528' title='bbox 2173 1079 2245 1138; x_wconf 88' lang='lat' dir='ltr'>siout</span> <span class='ocrx_word' id='word_1_529' title='bbox 2264 1081 2295 1138; x_wconf 89' lang='lat' dir='ltr'>in</span> <span class='ocrx_word' id='word_1_530' title='bbox 2315 1081 2469 1154; x_wconf 90' lang='lat' dir='ltr'>alphabeto</span> 
     </span>
     <span class='ocr_line' id='line_1_71' title="bbox 1511 1173 2469 1252; baseline 0 -16"><span class='ocrx_word' id='word_1_531' title='bbox 1511 1173 1824 1252; x_wconf 68' lang='lat' dir='ltr'>praecedent103queo</span> <span class='ocrx_word' id='word_1_532' title='bbox 1846 1179 1956 1252; x_wconf 75' lang='lat' dir='ltr'>qudem</span> <span class='ocrx_word' id='word_1_533' title='bbox 1984 1195 2042 1238; x_wconf 93' lang='lat' dir='ltr'>non</span> <span class='ocrx_word' id='word_1_534' title='bbox 2060 1175 2256 1246; x_wconf 84' lang='lat' dir='ltr'>advertentes,</span> <span class='ocrx_word' id='word_1_535' title='bbox 2286 1177 2335 1234; x_wconf 87' lang='lat' dir='ltr'>alii</span> <span class='ocrx_word' id='word_1_536' title='bbox 2354 1177 2469 1236; x_wconf 86' lang='lat' dir='ltr'>litterae</span> 
     </span>
     <span class='ocr_line' id='line_1_72' title="bbox 1511 1273 2469 1348; baseline 0.003 -15"><span class='ocrx_word' id='word_1_537' title='bbox 1511 1273 1636 1334; x_wconf 89' lang='lat' dir='ltr'>ordinem</span> <span class='ocrx_word' id='word_1_538' title='bbox 1659 1273 1805 1334; x_wconf 88' lang='lat' dir='ltr'>servantes</span> <span class='ocrx_word' id='word_1_539' title='bbox 1826 1275 2051 1348; x_wconf 86' lang='lat' dir='ltr'>praeposuerunt</span> <span class='ocrx_word' id='word_1_540' title='bbox 2069 1273 2148 1348; x_wconf 84' lang='lat' dir='ltr'>Ain,</span> <span class='ocrx_word' id='word_1_541' title='bbox 2168 1273 2218 1332; x_wconf 88' lang='lat' dir='ltr'>ubi</span> <span class='ocrx_word' id='word_1_542' title='bbox 2240 1273 2399 1332; x_wconf 91' lang='lat' dir='ltr'>debuerant</span> <span class='ocrx_word' id='word_1_543' title='bbox 2418 1291 2469 1348; x_wconf 88' lang='lat' dir='ltr'>po·</span> 
     </span>
     <span class='ocr_line' id='line_1_73' title="bbox 1510 1371 2469 1446; baseline 0 -16"><span class='ocrx_word' id='word_1_544' title='bbox 1510 1389 1577 1432; x_wconf 91' lang='lat' dir='ltr'>nere</span> <span class='ocrx_word' id='word_1_545' title='bbox 1598 1373 1672 1432; x_wconf 84' lang='lat' dir='ltr'>Phe.</span> <span class='ocrx_word' id='word_1_546' title='bbox 1691 1373 1750 1432; x_wconf 84' lang='lat' dir='ltr'>Alii</span> <span class='ocrx_word' id='word_1_547' title='bbox 1770 1372 1866 1432; x_wconf 89' lang='lat' dir='ltr'>autem</span> <span class='ocrx_word' id='word_1_548' title='bbox 1884 1373 2013 1432; x_wconf 86' lang='lat' dir='ltr'>litteram</span> <span class='ocrx_word' id='word_1_549' title='bbox 2034 1371 2285 1446; x_wconf 87' lang='lat' dir='ltr'>transposuerunt,</span> <span class='ocrx_word' id='word_1_550' title='bbox 2302 1371 2337 1430; x_wconf 90' lang='lat' dir='ltr'>ut</span> <span class='ocrx_word' id='word_1_551' title='bbox 2356 1371 2469 1432; x_wconf 89' lang='lat' dir='ltr'>littera-</span> 
     </span>
     <span class='ocr_line' id='line_1_74' title="bbox 1511 1467 2470 1544; baseline -0.002 -16"><span class='ocrx_word' id='word_1_552' title='bbox 1511 1485 1575 1528; x_wconf 89' lang='lat' dir='ltr'>rum</span> <span class='ocrx_word' id='word_1_553' title='bbox 1597 1469 1722 1528; x_wconf 89' lang='lat' dir='ltr'>ordinem</span> <span class='ocrx_word' id='word_1_554' title='bbox 1736 1471 1878 1540; x_wconf 89' lang='lat' dir='ltr'>tenerent,</span> <span class='ocrx_word' id='word_1_555' title='bbox 1901 1471 2059 1540; x_wconf 85' lang='lat' dir='ltr'>eredentes,</span> <span class='ocrx_word' id='word_1_556' title='bbox 2082 1471 2156 1544; x_wconf 84' lang='lat' dir='ltr'>quod</span> <span class='ocrx_word' id='word_1_557' title='bbox 2170 1471 2210 1528; x_wconf 89' lang='lat' dir='ltr'>sio</span> <span class='ocrx_word' id='word_1_558' title='bbox 2224 1467 2317 1528; x_wconf 87' lang='lat' dir='ltr'>essent</span> <span class='ocrx_word' id='word_1_559' title='bbox 2338 1467 2470 1528; x_wconf 82' lang='lat' dir='ltr'>istaelit-</span> 
     </span>
     <span class='ocr_line' id='line_1_75' title="bbox 1511 1567 2469 1642; baseline 0 -18"><span class='ocrx_word' id='word_1_560' title='bbox 1511 1567 1590 1624; x_wconf 88' lang='lat' dir='ltr'>berae</span> <span class='ocrx_word' id='word_1_561' title='bbox 1611 1567 1857 1640; x_wconf 87' lang='lat' dir='ltr'>praeposteratae,</span> <span class='ocrx_word' id='word_1_562' title='bbox 1877 1567 1951 1624; x_wconf 76' lang='lat' dir='ltr'>sicud</span> <span class='ocrx_word' id='word_1_563' title='bbox 1976 1567 2072 1624; x_wconf 81' lang='lat' dir='ltr'>Latini</span> <span class='ocrx_word' id='word_1_564' title='bbox 2093 1569 2120 1626; x_wconf 93' lang='lat' dir='ltr'>iu</span> <span class='ocrx_word' id='word_1_565' title='bbox 2143 1567 2335 1642; x_wconf 87' lang='lat' dir='ltr'>praeposteris</span> <span class='ocrx_word' id='word_1_566' title='bbox 2355 1567 2469 1626; x_wconf 88' lang='lat' dir='ltr'>senten·</span> 
     </span>
     <span class='ocr_line' id='line_1_76' title="bbox 1511 1663 2469 1738; baseline 0.004 -18"><span class='ocrx_word' id='word_1_567' title='bbox 1511 1663 1560 1722; x_wconf 92' lang='lat' dir='ltr'>tiis</span> <span class='ocrx_word' id='word_1_568' title='bbox 1580 1665 1674 1724; x_wconf 92' lang='lat' dir='ltr'>solent</span> <span class='ocrx_word' id='word_1_569' title='bbox 1693 1681 1865 1738; x_wconf 87' lang='lat' dir='ltr'>praeponere</span> <span class='ocrx_word' id='word_1_570' title='bbox 1886 1663 2015 1736; x_wconf 88' lang='lat' dir='ltr'>sequenti</span> <span class='ocrx_word' id='word_1_571' title='bbox 2039 1665 2235 1738; x_wconf 88' lang='lat' dir='ltr'>praeposterae</span> <span class='ocrx_word' id='word_1_572' title='bbox 2255 1665 2284 1724; x_wconf 80' lang='lat' dir='ltr'>A</span> <span class='ocrx_word' id='word_1_573' title='bbox 2309 1663 2341 1724; x_wconf 89' lang='lat' dir='ltr'>et</span> <span class='ocrx_word' id='word_1_574' title='bbox 2359 1681 2469 1738; x_wconf 88' lang='lat' dir='ltr'>praece·</span> 
     </span>
     <span class='ocr_line' id='line_1_77' title="bbox 1511 1759 2468 1838; baseline 0.004 -20"><span class='ocrx_word' id='word_1_575' title='bbox 1511 1761 1590 1822; x_wconf 89' lang='lat' dir='ltr'>denti</span> <span class='ocrx_word' id='word_1_576' title='bbox 1610 1763 1808 1836; x_wconf 88' lang='lat' dir='ltr'>praeposterae</span> <span class='ocrx_word' id='word_1_577' title='bbox 1822 1763 1857 1820; x_wconf 90' lang='lat' dir='ltr'>B.</span> <span class='ocrx_word' id='word_1_578' title='bbox 1877 1759 2067 1834; x_wconf 85' lang='lat' dir='ltr'>Aperueremt</span> <span class='ocrx_word' id='word_1_579' title='bbox 2085 1777 2172 1834; x_wconf 82' lang='lat' dir='ltr'>super</span> <span class='ocrx_word' id='word_1_580' title='bbox 2192 1781 2246 1822; x_wconf 88' lang='lat' dir='ltr'>nos</span> <span class='ocrx_word' id='word_1_581' title='bbox 2261 1781 2293 1822; x_wconf 87' lang='lat' dir='ltr'>os</span> <span class='ocrx_word' id='word_1_582' title='bbox 2312 1781 2413 1838; x_wconf 87' lang='lat' dir='ltr'>sumn,</span> <span class='ocrx_word' id='word_1_583' title='bbox 2426 1765 2468 1822; x_wconf 91' lang='lat' dir='ltr'>in·</span> 
     </span>
     <span class='ocr_line' id='line_1_78' title="bbox 1511 1859 2468 1934; baseline 0 -16"><span class='ocrx_word' id='word_1_584' title='bbox 1511 1859 1644 1918; x_wconf 83' lang='lat' dir='ltr'>saltando</span> <span class='ocrx_word' id='word_1_585' title='bbox 1666 1859 1694 1918; x_wconf 91' lang='lat' dir='ltr'>et</span> <span class='ocrx_word' id='word_1_586' title='bbox 1708 1861 1791 1934; x_wconf 88' lang='lat' dir='ltr'>quasi</span> <span class='ocrx_word' id='word_1_587' title='bbox 1809 1861 1943 1920; x_wconf 89' lang='lat' dir='ltr'>devorare</span> <span class='ocrx_word' id='word_1_588' title='bbox 1962 1859 2096 1930; x_wconf 88' lang='lat' dir='ltr'>volendo:</span> <span class='ocrx_word' id='word_1_589' title='bbox 2116 1875 2215 1918; x_wconf 86' lang='lat' dir='ltr'>omnes</span> <span class='ocrx_word' id='word_1_590' title='bbox 2234 1861 2361 1934; x_wconf 87' lang='lat' dir='ltr'>inimici,</span> <span class='ocrx_word' id='word_1_591' title='bbox 2383 1861 2468 1920; x_wconf 88' lang='lat' dir='ltr'>vicini</span> 
     </span>
     <span class='ocr_line' id='line_1_79' title="bbox 1511 1957 2053 2030; baseline 0 -16"><span class='ocrx_word' id='word_1_592' title='bbox 1511 1957 1542 2014; x_wconf 92' lang='lat' dir='ltr'>et</span> <span class='ocrx_word' id='word_1_593' title='bbox 1560 1957 1677 2026; x_wconf 91' lang='lat' dir='ltr'>remoti,</span> <span class='ocrx_word' id='word_1_594' title='bbox 1697 1959 1850 2030; x_wconf 90' lang='lat' dir='ltr'>propinqui</span> <span class='ocrx_word' id='word_1_595' title='bbox 1868 1957 1899 2016; x_wconf 89' lang='lat' dir='ltr'>et</span> <span class='ocrx_word' id='word_1_596' title='bbox 1919 1957 2053 2018; x_wconf 85' lang='lat' dir='ltr'>extranei.</span> 
     </span>
    </p>

    <p class='ocr_par' dir='ltr' id='par_1_20' title="bbox 1511 2053 2611 2806">
     <span class='ocr_line' id='line_1_80' title="bbox 1592 2053 2611 2130; baseline -0.004 -18"><span class='ocrx_word' id='word_1_597' title='bbox 1592 2053 1640 2112; x_wconf 85' lang='lat'>49.</span> <span class='ocrx_word' id='word_1_598' title='bbox 1664 2053 1756 2130; x_wconf 83' lang='lat' dir='ltr'>(Vero.</span> <span class='ocrx_word' id='word_1_599' title='bbox 1770 2053 1845 2128; x_wconf 71' lang='lat' dir='ltr'>eh).</span> <span class='ocrx_word' id='word_1_600' title='bbox 1857 2053 1929 2114; x_wconf 85' lang='lat' dir='ltr'>Pnn.</span> <span class='ocrx_word' id='word_1_601' title='bbox 1942 2055 2074 2128; x_wconf 83' lang='lat' dir='ltr'>Sequitur</span> <span class='ocrx_word' id='word_1_602' title='bbox 2088 2071 2139 2128; x_wconf 92' lang='lat' dir='ltr'>pro</span> <span class='ocrx_word' id='word_1_603' title='bbox 2154 2053 2298 2114; x_wconf 82' lang='lat' dir='ltr'>cerasiam</span> <span class='ocrx_word' id='word_1_604' title='bbox 2312 2055 2357 2114; x_wconf 90' lang='lat' dir='ltr'>vel</span> <span class='ocrx_word' id='word_1_605' title='bbox 2377 2069 2469 2112; x_wconf 88' lang='lat' dir='ltr'>eausa</span> <span class='ocrx_word' id='word_1_606' title='bbox 2495 2065 2611 2126; x_wconf 63' lang='lat' dir='ltr'>nuiupqee</span> 
     </span>
     <span class='ocr_line' id='line_1_81' title="bbox 1511 2121 2586 2230; baseline -0.003 -17"><span class='ocrx_word' id='word_1_607' title='bbox 1511 2151 1733 2228; x_wconf 89' lang='lat' dir='ltr'>reprobationis,</span> <span class='ocrx_word' id='word_1_608' title='bbox 1753 2157 1946 2230; x_wconf 86' lang='lat' dir='ltr'>contemptus,</span> <span class='ocrx_word' id='word_1_609' title='bbox 1970 2153 2074 2214; x_wconf 89' lang='lat' dir='ltr'>seilicet</span> <span class='ocrx_word' id='word_1_610' title='bbox 2094 2155 2278 2214; x_wconf 89' lang='lat' dir='ltr'>remediorum</span> <span class='ocrx_word' id='word_1_611' title='bbox 2297 2151 2401 2212; x_wconf 88' lang='lat' dir='ltr'>salutis</span> <span class='ocrx_word' id='word_1_612' title='bbox 2414 2153 2469 2212; x_wconf 89' lang='lat' dir='ltr'>sibi</span> <span class='ocrx_word' id='word_1_613' title='bbox 2521 2121 2586 2168; x_wconf 61' lang='lat'>&#39;³²¹⁰&#39;</span> 
     </span>
     <span class='ocr_line' id='line_1_82' title="bbox 1511 2251 2469 2326; baseline 0 -18"><span class='ocrx_word' id='word_1_614' title='bbox 1511 2251 1648 2310; x_wconf 91' lang='lat' dir='ltr'>divinitus</span> <span class='ocrx_word' id='word_1_615' title='bbox 1663 2251 1879 2324; x_wconf 85' lang='lat' dir='ltr'>praestitorum:</span> <span class='ocrx_word' id='word_1_616' title='bbox 1901 2253 1974 2310; x_wconf 88' lang='lat' dir='ltr'>unde</span> <span class='ocrx_word' id='word_1_617' title='bbox 1988 2251 2130 2326; x_wconf 87' lang='lat' dir='ltr'>sequitur:</span> <span class='ocrx_word' id='word_1_618' title='bbox 2154 2251 2306 2310; x_wconf 79' lang='lat' dir='ltr'>Formido.</span> <span class='ocrx_word' id='word_1_619' title='bbox 2330 2251 2469 2310; x_wconf 72' lang='lat' dir='ltr'>construe</span> 
     </span>
     <span class='ocr_line' id='line_1_83' title="bbox 1511 2347 2469 2424; baseline -0.001 -16"><span class='ocrx_word' id='word_1_620' title='bbox 1511 2353 1569 2410; x_wconf 89' lang='lat' dir='ltr'>sic:</span> <span class='ocrx_word' id='word_1_621' title='bbox 1592 2347 1760 2410; x_wconf 82' lang='lat' dir='ltr'>eathihatlo</span> <span class='ocrx_word' id='word_1_622' title='bbox 1782 2349 2002 2424; x_wconf 89' lang='lat' dir='ltr'>Prophetarum,</span> <span class='ocrx_word' id='word_1_623' title='bbox 2025 2351 2052 2410; x_wconf 93' lang='lat' dir='ltr'>id</span> <span class='ocrx_word' id='word_1_624' title='bbox 2066 2349 2110 2410; x_wconf 88' lang='lat' dir='ltr'>est</span> <span class='ocrx_word' id='word_1_625' title='bbox 2123 2349 2301 2422; x_wconf 87' lang='lat' dir='ltr'>contemptus</span> <span class='ocrx_word' id='word_1_626' title='bbox 2323 2351 2399 2420; x_wconf 87' lang='lat' dir='ltr'>eius,</span> <span class='ocrx_word' id='word_1_627' title='bbox 2417 2349 2469 2408; x_wconf 93' lang='lat' dir='ltr'>sic·</span> 
     </span>
     <span class='ocr_line' id='line_1_84' title="bbox 1511 2447 2469 2520; baseline 0 -14"><span class='ocrx_word' id='word_1_628' title='bbox 1511 2447 1546 2506; x_wconf 92' lang='lat' dir='ltr'>ut</span> <span class='ocrx_word' id='word_1_629' title='bbox 1564 2447 1646 2506; x_wconf 91' lang='lat' dir='ltr'>modo</span> <span class='ocrx_word' id='word_1_630' title='bbox 1666 2447 1845 2520; x_wconf 88' lang='lat' dir='ltr'>contemptus</span> <span class='ocrx_word' id='word_1_631' title='bbox 1864 2447 2081 2520; x_wconf 85' lang='lat' dir='ltr'>praedicationis</span> <span class='ocrx_word' id='word_1_632' title='bbox 2105 2447 2206 2506; x_wconf 92' lang='lat' dir='ltr'>multis</span> <span class='ocrx_word' id='word_1_633' title='bbox 2229 2449 2275 2506; x_wconf 90' lang='lat' dir='ltr'>est</span> <span class='ocrx_word' id='word_1_634' title='bbox 2299 2463 2389 2506; x_wconf 88' lang='lat' dir='ltr'>causa</span> <span class='ocrx_word' id='word_1_635' title='bbox 2408 2463 2469 2520; x_wconf 90' lang='lat' dir='ltr'>per·</span> 
     </span>
     <span class='ocr_line' id='line_1_85' title="bbox 1511 2543 2467 2620; baseline 0.004 -18"><span class='ocrx_word' id='word_1_636' title='bbox 1511 2545 1644 2614; x_wconf 89' lang='lat' dir='ltr'>ditionis,</span> <span class='ocrx_word' id='word_1_637' title='bbox 1664 2543 1744 2614; x_wconf 80' lang='lat' dir='ltr'>facta</span> <span class='ocrx_word' id='word_1_638' title='bbox 1766 2549 1807 2604; x_wconf 92' lang='lat' dir='ltr'>est</span> <span class='ocrx_word' id='word_1_639' title='bbox 1819 2547 1905 2602; x_wconf 89' lang='lat' dir='ltr'>uobis</span> <span class='ocrx_word' id='word_1_640' title='bbox 1932 2545 2078 2620; x_wconf 80' lang='lat' dir='ltr'>formido,</span> <span class='ocrx_word' id='word_1_641' title='bbox 2092 2547 2120 2604; x_wconf 93' lang='lat' dir='ltr'>id</span> <span class='ocrx_word' id='word_1_642' title='bbox 2134 2547 2178 2604; x_wconf 90' lang='lat' dir='ltr'>est</span> <span class='ocrx_word' id='word_1_643' title='bbox 2189 2563 2278 2606; x_wconf 24' lang='lat' dir='ltr'>*causa</span> <span class='ocrx_word' id='word_1_644' title='bbox 2296 2547 2467 2618; x_wconf 83' lang='lat' dir='ltr'>formidinis:</span> 
     </span>
     <span class='ocr_line' id='line_1_86' title="bbox 1511 2641 2469 2714; baseline 0 -16"><span class='ocrx_word' id='word_1_645' title='bbox 1511 2641 1545 2698; x_wconf 90' lang='lat' dir='ltr'>ut</span> <span class='ocrx_word' id='word_1_646' title='bbox 1565 2643 1690 2714; x_wconf 89' lang='lat' dir='ltr'>quinon</span> <span class='ocrx_word' id='word_1_647' title='bbox 1711 2641 1856 2698; x_wconf 90' lang='lat' dir='ltr'>timuimus</span> <span class='ocrx_word' id='word_1_648' title='bbox 1880 2641 1971 2698; x_wconf 92' lang='lat' dir='ltr'>Deum</span> <span class='ocrx_word' id='word_1_649' title='bbox 1994 2641 2190 2698; x_wconf 83' lang='lat' dir='ltr'>exirortautem</span> <span class='ocrx_word' id='word_1_650' title='bbox 2211 2641 2298 2700; x_wconf 90' lang='lat' dir='ltr'>totius</span> <span class='ocrx_word' id='word_1_651' title='bbox 2320 2643 2417 2700; x_wconf 90' lang='lat' dir='ltr'>mundi</span> <span class='ocrx_word' id='word_1_652' title='bbox 2435 2641 2469 2698; x_wconf 91' lang='lat' dir='ltr'>ti·</span> 
     </span>
     <span class='ocr_line' id='line_1_87' title="bbox 1511 2733 2467 2806; baseline 0.005 -16"><span class='ocrx_word' id='word_1_653' title='bbox 1511 2737 1584 2792; x_wconf 88' lang='lat' dir='ltr'>mori</span> <span class='ocrx_word' id='word_1_654' title='bbox 1604 2735 1797 2804; x_wconf 68' lang='lat' dir='ltr'>sabinianum</span> <span class='ocrx_word' id='word_1_655' title='bbox 1812 2737 1841 2792; x_wconf 91' lang='lat' dir='ltr'>et</span> <span class='ocrx_word' id='word_1_656' title='bbox 1859 2735 2010 2806; x_wconf 88' lang='lat' dir='ltr'>contritio,</span> <span class='ocrx_word' id='word_1_657' title='bbox 2033 2749 2088 2806; x_wconf 85' lang='lat' dir='ltr'>qua</span> <span class='ocrx_word' id='word_1_658' title='bbox 2102 2733 2247 2792; x_wconf 74' lang='lat' dir='ltr'>Christum</span> <span class='ocrx_word' id='word_1_659' title='bbox 2269 2737 2467 2806; x_wconf 80' lang='lat' dir='ltr'>contrivimus:</span> 
     </span>
    </p>

    <p class='ocr_par' dir='ltr' id='par_1_21' title="bbox 1511 2827 2470 2998">
     <span class='ocr_line' id='line_1_88' title="bbox 1511 2827 2470 2902; baseline 0.002 -14"><span class='ocrx_word' id='word_1_660' title='bbox 1511 2831 1604 2888; x_wconf 91' lang='lat' dir='ltr'>Isaias</span> <span class='ocrx_word' id='word_1_661' title='bbox 1615 2827 1640 2886; x_wconf 68' lang='grc' dir='ltr'><strong><em>ἐ</em></strong></span> <span class='ocrx_word' id='word_1_662' title='bbox 1667 2851 1681 2880; x_wconf 77' lang='lat' dir='ltr'>e</span> <span class='ocrx_word' id='word_1_663' title='bbox 1694 2827 1824 2886; x_wconf 86' lang='lat' dir='ltr'>Attritus</span> <span class='ocrx_word' id='word_1_664' title='bbox 1844 2829 1888 2886; x_wconf 87' lang='lat' dir='ltr'>est</span> <span class='ocrx_word' id='word_1_665' title='bbox 1909 2827 2028 2902; x_wconf 88' lang='lat' dir='ltr'>propter</span> <span class='ocrx_word' id='word_1_666' title='bbox 2045 2829 2270 2888; x_wconf 88' lang='lat' dir='ltr'>sceleranostra</span> <span class='ocrx_word' id='word_1_667' title='bbox 2280 2851 2313 2902; x_wconf 76' lang='lat' dir='ltr'>a:</span> <span class='ocrx_word' id='word_1_668' title='bbox 2333 2829 2413 2900; x_wconf 84' lang='lat' dir='ltr'>saeta</span> <span class='ocrx_word' id='word_1_669' title='bbox 2426 2835 2470 2890; x_wconf 81' lang='lat' dir='ltr'>est</span> 
     </span>
     <span class='ocr_line' id='line_1_89' title="bbox 1511 2923 2223 2998; baseline -0.003 -14"><span class='ocrx_word' id='word_1_670' title='bbox 1511 2927 1595 2984; x_wconf 91' lang='lat' dir='ltr'>uobis</span> <span class='ocrx_word' id='word_1_671' title='bbox 1614 2929 1644 2982; x_wconf 88' lang='lat' dir='ltr'>et</span> <span class='ocrx_word' id='word_1_672' title='bbox 1664 2923 1798 2998; x_wconf 78' lang='lat' dir='ltr'>dopmno,</span> <span class='ocrx_word' id='word_1_673' title='bbox 1820 2925 1849 2982; x_wconf 92' lang='lat' dir='ltr'>id</span> <span class='ocrx_word' id='word_1_674' title='bbox 1868 2925 1913 2982; x_wconf 90' lang='lat' dir='ltr'>est</span> <span class='ocrx_word' id='word_1_675' title='bbox 1931 2941 2019 2984; x_wconf 88' lang='lat' dir='ltr'>cansa</span> <span class='ocrx_word' id='word_1_676' title='bbox 2037 2925 2223 2998; x_wconf 86' lang='lat' dir='ltr'>captivitatis.</span> 
     </span>
    </p>

    <p class='ocr_par' dir='ltr' id='par_1_22' title="bbox 1512 3021 2634 3468">
     <span class='ocr_line' id='line_1_90' title="bbox 1593 3021 2634 3100; baseline -0.003 -20"><span class='ocrx_word' id='word_1_677' title='bbox 1593 3021 1641 3100; x_wconf 82' lang='grc'>50.</span> <span class='ocrx_word' id='word_1_678' title='bbox 1664 3023 1757 3096; x_wconf 84' lang='lat' dir='ltr'>(Vere.</span> <span class='ocrx_word' id='word_1_679' title='bbox 1778 3023 1851 3098; x_wconf 81' lang='lat'>48.).</span> <span class='ocrx_word' id='word_1_680' title='bbox 1871 3023 1943 3080; x_wconf 84' lang='lat' dir='ltr'>Pus.</span> <span class='ocrx_word' id='word_1_681' title='bbox 1964 3023 2140 3082; x_wconf 87' lang='lat' dir='ltr'>Diuisioues.</span> <span class='ocrx_word' id='word_1_682' title='bbox 2160 3025 2216 3084; x_wconf 86' lang='lat' dir='ltr'>Hic</span> <span class='ocrx_word' id='word_1_683' title='bbox 2228 3025 2325 3082; x_wconf 91' lang='lat' dir='ltr'>subdit</span> <span class='ocrx_word' id='word_1_684' title='bbox 2338 3025 2468 3096; x_wconf 90' lang='lat' dir='ltr'>Prophe·</span> <span class='ocrx_word' id='word_1_685' title='bbox 2482 3039 2523 3084; x_wconf 82' lang='lat' dir='ltr'>ne</span> <span class='ocrx_word' id='word_1_686' title='bbox 2538 3035 2581 3080; x_wconf 80' lang='lat' dir='ltr'>Pro</span> <span class='ocrx_word' id='word_1_687' title='bbox 2595 3035 2634 3098; x_wconf 67' lang='lat' dir='ltr'>un.</span> 
     </span>
     <span class='ocr_line' id='line_1_91' title="bbox 1514 3089 2634 3196; baseline 0.001 -20"><span class='ocrx_word' id='word_1_688' title='bbox 1514 3121 1558 3178; x_wconf 90' lang='lat' dir='ltr'>tue</span> <span class='ocrx_word' id='word_1_689' title='bbox 1580 3119 1624 3178; x_wconf 90' lang='lat' dir='ltr'>vei</span> <span class='ocrx_word' id='word_1_690' title='bbox 1650 3115 1763 3178; x_wconf 75' lang='lat' dir='ltr'>Christi</span> <span class='ocrx_word' id='word_1_691' title='bbox 1775 3121 2015 3192; x_wconf 86' lang='lat' dir='ltr'>compassionem,</span> <span class='ocrx_word' id='word_1_692' title='bbox 2029 3121 2118 3190; x_wconf 88' lang='lat' dir='ltr'>primo</span> <span class='ocrx_word' id='word_1_693' title='bbox 2141 3119 2278 3192; x_wconf 86' lang='lat' dir='ltr'>quantum</span> <span class='ocrx_word' id='word_1_694' title='bbox 2297 3121 2335 3178; x_wconf 92' lang='lat' dir='ltr'>ad</span> <span class='ocrx_word' id='word_1_695' title='bbox 2356 3121 2468 3178; x_wconf 82' lang='lat' dir='ltr'>desola-</span> <span class='ocrx_word' id='word_1_696' title='bbox 2480 3097 2517 3190; x_wconf 61' lang='lat' dir='ltr'>ti?</span> <span class='ocrx_word' id='word_1_697' title='bbox 2527 3089 2634 3196; x_wconf 56' lang='lat' dir='ltr'>vnnmnnn:</span> 
     </span>
     <span class='ocr_line' id='line_1_92' title="bbox 1513 3195 2604 3290; baseline 0.003 -16"><span class='ocrx_word' id='word_1_698' title='bbox 1513 3217 1602 3274; x_wconf 89' lang='lat' dir='ltr'>tionis</span> <span class='ocrx_word' id='word_1_699' title='bbox 1620 3215 1833 3288; x_wconf 73' lang='lat' dir='ltr'>frequentium:</span> <span class='ocrx_word' id='word_1_700' title='bbox 1852 3217 1972 3276; x_wconf 89' lang='lat' dir='ltr'>seeundo</span> <span class='ocrx_word' id='word_1_701' title='bbox 1993 3217 2132 3290; x_wconf 89' lang='lat' dir='ltr'>quantum</span> <span class='ocrx_word' id='word_1_702' title='bbox 2152 3217 2189 3274; x_wconf 91' lang='lat' dir='ltr'>ad</span> <span class='ocrx_word' id='word_1_703' title='bbox 2213 3217 2403 3276; x_wconf 78' lang='lat' dir='ltr'>denotationis</span> <span class='ocrx_word' id='word_1_704' title='bbox 2422 3205 2539 3276; x_wconf 75' lang='lat' dir='ltr'>ue·⁸¹⁰¹¹⁸</span> <span class='ocrx_word' id='word_1_705' title='bbox 2554 3195 2604 3238; x_wconf 73' lang='lat'>‘³¹¹⁰‘</span> 
     </span>
     <span class='ocr_line' id='line_1_93' title="bbox 1513 3313 2469 3388; baseline 0.002 -16"><span class='ocrx_word' id='word_1_706' title='bbox 1513 3313 1684 3372; x_wconf 80' lang='lat' dir='ltr'>humentium</span> <span class='ocrx_word' id='word_1_707' title='bbox 1715 3317 1741 3372; x_wconf 90' lang='lat' dir='ltr'>et</span> <span class='ocrx_word' id='word_1_708' title='bbox 1767 3315 2031 3388; x_wconf 89' lang='lat' dir='ltr'>perseuerantiam,</span> <span class='ocrx_word' id='word_1_709' title='bbox 2051 3315 2109 3374; x_wconf 88' lang='lat' dir='ltr'>ibi:</span> <span class='ocrx_word' id='word_1_710' title='bbox 2144 3313 2254 3374; x_wconf 85' lang='lat' dir='ltr'>Oculus</span> <span class='ocrx_word' id='word_1_711' title='bbox 2281 3331 2361 3376; x_wconf 86' lang='lat' dir='ltr'>mens</span> <span class='ocrx_word' id='word_1_712' title='bbox 2393 3315 2469 3388; x_wconf 74' lang='lat' dir='ltr'>affli-</span> 
     </span>
     <span class='ocr_line' id='line_1_94' title="bbox 1512 3413 1647 3468; baseline 0 -2"><span class='ocrx_word' id='word_1_713' title='bbox 1512 3413 1575 3468; x_wconf 89' lang='lat' dir='ltr'>ctus</span> <span class='ocrx_word' id='word_1_714' title='bbox 1595 3415 1647 3468; x_wconf 85' lang='lat' dir='ltr'>est.</span> 
     </span>
    </p>

    <p class='ocr_par' dir='ltr' id='par_1_23' title="bbox 1512 3509 2589 5230">
     <span class='ocr_line' id='line_1_95' title="bbox 1593 3509 2589 3582; baseline -0.008 -14"><span class='ocrx_word' id='word_1_715' title='bbox 1593 3509 1667 3568; x_wconf 90' lang='lat' dir='ltr'>Dicit</span> <span class='ocrx_word' id='word_1_716' title='bbox 1688 3523 1755 3582; x_wconf 81' lang='lat' dir='ltr'>ergo</span> <span class='ocrx_word' id='word_1_717' title='bbox 1781 3525 1833 3582; x_wconf 90' lang='lat' dir='ltr'>pro</span> <span class='ocrx_word' id='word_1_718' title='bbox 1859 3511 1965 3582; x_wconf 90' lang='lat' dir='ltr'>primo:</span> <span class='ocrx_word' id='word_1_719' title='bbox 1997 3509 2163 3568; x_wconf 87' lang='lat' dir='ltr'>Diuisiones</span> <span class='ocrx_word' id='word_1_720' title='bbox 2191 3525 2349 3582; x_wconf 79' lang='lat' dir='ltr'>aquarum,</span> <span class='ocrx_word' id='word_1_721' title='bbox 2372 3511 2401 3568; x_wconf 89' lang='lat' dir='ltr'>id</span> <span class='ocrx_word' id='word_1_722' title='bbox 2424 3509 2468 3568; x_wconf 90' lang='lat' dir='ltr'>est</span> <span class='ocrx_word' id='word_1_723' title='bbox 2487 3515 2589 3562; x_wconf 75' lang='lat' dir='ltr'>erenum.</span> 
     </span>
     <span class='ocr_line' id='line_1_96' title="bbox 1512 3605 2468 3680; baseline 0 -16"><span class='ocrx_word' id='word_1_724' title='bbox 1512 3607 1777 3678; x_wconf 89' lang='lat' dir='ltr'>multiplicationem</span> <span class='ocrx_word' id='word_1_725' title='bbox 1788 3607 1993 3680; x_wconf 79' lang='lat' dir='ltr'>lacrymarum,</span> <span class='ocrx_word' id='word_1_726' title='bbox 2016 3605 2136 3664; x_wconf 75' lang='lat' dir='ltr'>dednnmt</span> <span class='ocrx_word' id='word_1_727' title='bbox 2147 3605 2340 3664; x_wconf 66' lang='lat' dir='ltr'>oculus&#39;meus</span> <span class='ocrx_word' id='word_1_728' title='bbox 2359 3607 2392 3664; x_wconf 89' lang='lat' dir='ltr'>in</span> <span class='ocrx_word' id='word_1_729' title='bbox 2404 3621 2468 3664; x_wconf 90' lang='lat' dir='ltr'>eon·</span> 
     </span>
     <span class='ocr_line' id='line_1_97' title="bbox 1514 3697 2468 3778; baseline 0 -16"><span class='ocrx_word' id='word_1_730' title='bbox 1514 3705 1646 3778; x_wconf 83' lang='lat' dir='ltr'>tritione,</span> <span class='ocrx_word' id='word_1_731' title='bbox 1666 3705 1696 3762; x_wconf 90' lang='lat' dir='ltr'>id</span> <span class='ocrx_word' id='word_1_732' title='bbox 1716 3703 1760 3764; x_wconf 90' lang='lat' dir='ltr'>est</span> <span class='ocrx_word' id='word_1_733' title='bbox 1780 3703 1943 3774; x_wconf 90' lang='lat' dir='ltr'>afflictione,</span> <span class='ocrx_word' id='word_1_734' title='bbox 1964 3703 2043 3774; x_wconf 78' lang='lat' dir='ltr'>hliue</span> <span class='ocrx_word' id='word_1_735' title='bbox 2059 3703 2165 3778; x_wconf 90' lang='lat' dir='ltr'>populi</span> <span class='ocrx_word' id='word_1_736' title='bbox 2186 3705 2258 3778; x_wconf 91' lang='lat' dir='ltr'>mei,</span> <span class='ocrx_word' id='word_1_737' title='bbox 2278 3705 2307 3762; x_wconf 89' lang='lat' dir='ltr'>id</span> <span class='ocrx_word' id='word_1_738' title='bbox 2328 3703 2373 3762; x_wconf 90' lang='grc' dir='ltr'>θεὴ</span> <span class='ocrx_word' id='word_1_739' title='bbox 2391 3697 2468 3762; x_wconf 88' lang='lat' dir='ltr'>iliius</span> 
     </span>
     <span class='ocr_line' id='line_1_98' title="bbox 1513 3799 2469 3874; baseline -0.002 -12"><span class='ocrx_word' id='word_1_740' title='bbox 1513 3801 1638 3862; x_wconf 91' lang='lat' dir='ltr'>civitatis</span> <span class='ocrx_word' id='word_1_741' title='bbox 1657 3802 1774 3862; x_wconf 90' lang='lat' dir='ltr'>celebris</span> <span class='ocrx_word' id='word_1_742' title='bbox 1787 3803 1960 3872; x_wconf 81' lang='lat' dir='ltr'>Ierusalem:</span> <span class='ocrx_word' id='word_1_743' title='bbox 1975 3803 2109 3860; x_wconf 89' lang='lat' dir='ltr'>Ieremias</span> <span class='ocrx_word' id='word_1_744' title='bbox 2121 3799 2147 3860; x_wconf 83' lang='lat'>⁸:</span> <span class='ocrx_word' id='word_1_745' title='bbox 2173 3801 2270 3872; x_wconf 79' lang='lat' dir='ltr'>«Quis</span> <span class='ocrx_word' id='word_1_746' title='bbox 2290 3801 2370 3860; x_wconf 88' lang='lat' dir='ltr'>dabit</span> <span class='ocrx_word' id='word_1_747' title='bbox 2384 3801 2469 3874; x_wconf 88' lang='lat' dir='ltr'>capiti</span> 
     </span>
     <span class='ocr_line' id='line_1_99' title="bbox 1514 3899 2469 3972; baseline 0 -16"><span class='ocrx_word' id='word_1_748' title='bbox 1514 3915 1574 3958; x_wconf 93' lang='lat' dir='ltr'>meo</span> <span class='ocrx_word' id='word_1_749' title='bbox 1588 3915 1691 3972; x_wconf 90' lang='lat' dir='ltr'>aquam</span> <span class='ocrx_word' id='word_1_750' title='bbox 1711 3899 1740 3958; x_wconf 90' lang='lat' dir='ltr'>et</span> <span class='ocrx_word' id='word_1_751' title='bbox 1764 3901 1850 3958; x_wconf 88' lang='lat' dir='ltr'>oculis</span> <span class='ocrx_word' id='word_1_752' title='bbox 1870 3901 1939 3956; x_wconf 90' lang='lat' dir='ltr'>meis</span> <span class='ocrx_word' id='word_1_753' title='bbox 1953 3899 2059 3958; x_wconf 73' lang='lat' dir='ltr'>ionum</span> <span class='ocrx_word' id='word_1_754' title='bbox 2081 3901 2295 3972; x_wconf 77' lang='lat' dir='ltr'>lacrymarum»</span> <span class='ocrx_word' id='word_1_755' title='bbox 2315 3899 2367 3956; x_wconf 88' lang='lat' dir='ltr'>etc.</span> <span class='ocrx_word' id='word_1_756' title='bbox 2386 3899 2469 3958; x_wconf 90' lang='lat' dir='ltr'>Istud</span> 
     </span>
     <span class='ocr_line' id='line_1_100' title="bbox 1514 3993 2469 4068; baseline 0 -14"><span class='ocrx_word' id='word_1_757' title='bbox 1514 3995 1599 4054; x_wconf 87' lang='lat' dir='ltr'>etiarn</span> <span class='ocrx_word' id='word_1_758' title='bbox 1623 4013 1720 4054; x_wconf 87' lang='lat' dir='ltr'>verum</span> <span class='ocrx_word' id='word_1_759' title='bbox 1745 3997 1789 4054; x_wconf 90' lang='lat' dir='ltr'>est</span> <span class='ocrx_word' id='word_1_760' title='bbox 1817 3997 1849 4054; x_wconf 91' lang='lat' dir='ltr'>de</span> <span class='ocrx_word' id='word_1_761' title='bbox 1875 3995 2002 4066; x_wconf 76' lang='lat' dir='ltr'>Christo,</span> <span class='ocrx_word' id='word_1_762' title='bbox 2030 3997 2079 4068; x_wconf 84' lang='lat' dir='ltr'>qui</span> <span class='ocrx_word' id='word_1_763' title='bbox 2100 3993 2182 4054; x_wconf 87' lang='lat' dir='ltr'>flevit</span> <span class='ocrx_word' id='word_1_764' title='bbox 2207 3995 2469 4068; x_wconf 76' lang='lat' dir='ltr'>superbonorum,</span> 
     </span>
     <span class='ocr_line' id='line_1_101' title="bbox 1514 4091 2468 4164; baseline 0 -14"><span class='ocrx_word' id='word_1_765' title='bbox 1514 4093 1590 4164; x_wconf 90' lang='lat' dir='ltr'>apud</span> <span class='ocrx_word' id='word_1_766' title='bbox 1613 4093 1769 4164; x_wconf 89' lang='lat' dir='ltr'>Ioannem:</span> <span class='ocrx_word' id='word_1_767' title='bbox 1800 4109 1886 4164; x_wconf 89' lang='lat' dir='ltr'>super</span> <span class='ocrx_word' id='word_1_768' title='bbox 1904 4093 2020 4164; x_wconf 89' lang='lat' dir='ltr'>impiam</span> <span class='ocrx_word' id='word_1_769' title='bbox 2050 4091 2209 4162; x_wconf 88' lang='lat' dir='ltr'>civitatem,</span> <span class='ocrx_word' id='word_1_770' title='bbox 2242 4093 2319 4164; x_wconf 90' lang='lat' dir='ltr'>apud</span> <span class='ocrx_word' id='word_1_771' title='bbox 2344 4093 2468 4164; x_wconf 88' lang='lat' dir='ltr'>Lucam:</span> 
     </span>
     <span class='ocr_line' id='line_1_102' title="bbox 1514 4177 2470 4260; baseline 0 -14"><span class='ocrx_word' id='word_1_772' title='bbox 1514 4189 1593 4248; x_wconf 88' lang='lat' dir='ltr'>flevit</span> <span class='ocrx_word' id='word_1_773' title='bbox 1622 4189 1653 4246; x_wconf 92' lang='lat' dir='ltr'>in</span> <span class='ocrx_word' id='word_1_774' title='bbox 1672 4207 1772 4260; x_wconf 89' lang='lat' dir='ltr'>cmce,</span> <span class='ocrx_word' id='word_1_775' title='bbox 1802 4189 1839 4246; x_wconf 90' lang='lat' dir='ltr'>ad</span> <span class='ocrx_word' id='word_1_776' title='bbox 1859 4177 2021 4248; x_wconf 88' lang='lat' dir='ltr'>Hebraeos:</span> <span class='ocrx_word' id='word_1_777' title='bbox 2047 4213 2064 4240; x_wconf 78' lang='lat' dir='ltr'>e</span> <span class='ocrx_word' id='word_1_778' title='bbox 2078 4189 2147 4246; x_wconf 79' lang='lat' dir='ltr'>tium</span> <span class='ocrx_word' id='word_1_779' title='bbox 2166 4189 2287 4248; x_wconf 91' lang='lat' dir='ltr'>clamore</span> <span class='ocrx_word' id='word_1_780' title='bbox 2318 4191 2411 4248; x_wconf 88' lang='lat' dir='ltr'>valido</span> <span class='ocrx_word' id='word_1_781' title='bbox 2442 4189 2470 4248; x_wconf 92' lang='lat' dir='ltr'>et</span> 
     </span>
     <span class='ocr_line' id='line_1_103' title="bbox 1514 4283 2470 4360; baseline 0 -16"><span class='ocrx_word' id='word_1_782' title='bbox 1514 4285 1647 4360; x_wconf 77' lang='lat' dir='ltr'>lacrymis</span> <span class='ocrx_word' id='word_1_783' title='bbox 1664 4285 1797 4356; x_wconf 87' lang='lat' dir='ltr'>offerens,</span> <span class='ocrx_word' id='word_1_784' title='bbox 1821 4285 1967 4344; x_wconf 86' lang='lat' dir='ltr'>exauditus</span> <span class='ocrx_word' id='word_1_785' title='bbox 1988 4285 2031 4346; x_wconf 90' lang='lat' dir='ltr'>ost</span> <span class='ocrx_word' id='word_1_786' title='bbox 2051 4303 2102 4360; x_wconf 90' lang='lat' dir='ltr'>pro</span> <span class='ocrx_word' id='word_1_787' title='bbox 2126 4301 2176 4344; x_wconf 90' lang='lat' dir='ltr'>sua</span> <span class='ocrx_word' id='word_1_788' title='bbox 2197 4285 2354 4344; x_wconf 89' lang='lat' dir='ltr'>reverentia</span> <span class='ocrx_word' id='word_1_789' title='bbox 2369 4305 2400 4356; x_wconf 81' lang='lat'>»3</span> <span class='ocrx_word' id='word_1_790' title='bbox 2425 4283 2470 4344; x_wconf 90' lang='lat' dir='ltr'>fle·</span> 
     </span>
     <span class='ocr_line' id='line_1_104' title="bbox 1515 4383 2470 4458; baseline -0.001 -14"><span class='ocrx_word' id='word_1_791' title='bbox 1515 4385 1557 4444; x_wconf 91' lang='lat' dir='ltr'>vit</span> <span class='ocrx_word' id='word_1_792' title='bbox 1577 4385 1673 4456; x_wconf 89' lang='lat' dir='ltr'>eorde,</span> <span class='ocrx_word' id='word_1_793' title='bbox 1696 4403 1774 4456; x_wconf 89' lang='lat' dir='ltr'>cum,</span> <span class='ocrx_word' id='word_1_794' title='bbox 1794 4385 1894 4458; x_wconf 89' lang='lat' dir='ltr'>aperto</span> <span class='ocrx_word' id='word_1_795' title='bbox 1912 4383 2020 4454; x_wconf 89' lang='lat' dir='ltr'>latere,</span> <span class='ocrx_word' id='word_1_796' title='bbox 2046 4407 2062 4438; x_wconf 86' lang='lat'>‹&lt;</span> <span class='ocrx_word' id='word_1_797' title='bbox 2075 4383 2161 4444; x_wconf 82' lang='lat' dir='ltr'>exivit</span> <span class='ocrx_word' id='word_1_798' title='bbox 2182 4401 2256 4458; x_wconf 87' lang='lat' dir='ltr'>aqua</span> <span class='ocrx_word' id='word_1_799' title='bbox 2275 4401 2338 4444; x_wconf 88' lang='lat' dir='ltr'>oum</span> <span class='ocrx_word' id='word_1_800' title='bbox 2359 4385 2470 4458; x_wconf 85' lang='lat' dir='ltr'>saugui-</span> 
     </span>
     <span class='ocr_line' id='line_1_105' title="bbox 1515 4483 2471 4554; baseline -0.001 -12"><span class='ocrx_word' id='word_1_801' title='bbox 1515 4501 1549 4542; x_wconf 92' lang='lat' dir='ltr'>ne</span> <span class='ocrx_word' id='word_1_802' title='bbox 1564 4505 1597 4554; x_wconf 82' lang='lat'>»3</span> <span class='ocrx_word' id='word_1_803' title='bbox 1628 4483 1779 4542; x_wconf 88' lang='lat' dir='ltr'>Psalmus:</span> <span class='ocrx_word' id='word_1_804' title='bbox 1806 4507 1822 4534; x_wconf 87' lang='lat'>«</span> <span class='ocrx_word' id='word_1_805' title='bbox 1838 4483 1893 4552; x_wconf 82' lang='lat' dir='ltr'>uui</span> <span class='ocrx_word' id='word_1_806' title='bbox 1922 4483 2019 4542; x_wconf 88' lang='lat' dir='ltr'>divisit</span> <span class='ocrx_word' id='word_1_807' title='bbox 2049 4501 2127 4542; x_wconf 91' lang='lat' dir='ltr'>mare</span> <span class='ocrx_word' id='word_1_808' title='bbox 2156 4483 2274 4540; x_wconf 88' lang='lat' dir='ltr'>rubrum</span> <span class='ocrx_word' id='word_1_809' title='bbox 2301 4485 2331 4540; x_wconf 89' lang='lat' dir='ltr'>in</span> <span class='ocrx_word' id='word_1_810' title='bbox 2362 4483 2471 4542; x_wconf 82' lang='lat' dir='ltr'>divisio</span> 
     </span>
     <span class='ocr_line' id='line_1_106' title="bbox 1515 4579 2469 4654; baseline -0.002 -16"><span class='ocrx_word' id='word_1_811' title='bbox 1515 4597 1607 4650; x_wconf 75' lang='lat' dir='ltr'>nasa,</span> <span class='ocrx_word' id='word_1_812' title='bbox 1630 4581 1703 4654; x_wconf 87' lang='lat' dir='ltr'>quod</span> <span class='ocrx_word' id='word_1_813' title='bbox 1730 4581 1767 4638; x_wconf 90' lang='lat' dir='ltr'>ad</span> <span class='ocrx_word' id='word_1_814' title='bbox 1795 4579 1923 4638; x_wconf 88' lang='lat' dir='ltr'>litteram</span> <span class='ocrx_word' id='word_1_815' title='bbox 1954 4579 2075 4640; x_wconf 92' lang='lat' dir='ltr'>divisum</span> <span class='ocrx_word' id='word_1_816' title='bbox 2095 4579 2140 4638; x_wconf 89' lang='lat' dir='ltr'>est</span> <span class='ocrx_word' id='word_1_817' title='bbox 2170 4579 2200 4638; x_wconf 91' lang='lat' dir='ltr'>in</span> <span class='ocrx_word' id='word_1_818' title='bbox 2227 4579 2371 4638; x_wconf 90' lang='lat' dir='ltr'>duodecim</span> <span class='ocrx_word' id='word_1_819' title='bbox 2399 4579 2469 4648; x_wconf 92' lang='lat' dir='ltr'>viis,</span> 
     </span>
     <span class='ocr_line' id='line_1_107' title="bbox 1515 4675 2471 4750; baseline -0.002 -14"><span class='ocrx_word' id='word_1_820' title='bbox 1515 4679 1594 4736; x_wconf 88' lang='lat' dir='ltr'>iuxta</span> <span class='ocrx_word' id='word_1_821' title='bbox 1615 4679 1759 4736; x_wconf 88' lang='lat' dir='ltr'>duodecim</span> <span class='ocrx_word' id='word_1_822' title='bbox 1777 4675 1872 4736; x_wconf 90' lang='lat' dir='ltr'>tribus</span> <span class='ocrx_word' id='word_1_823' title='bbox 1891 4675 2014 4736; x_wconf 89' lang='lat' dir='ltr'>filiorum</span> <span class='ocrx_word' id='word_1_824' title='bbox 2034 4677 2136 4736; x_wconf 90' lang='lat' dir='ltr'>Israel.</span> <span class='ocrx_word' id='word_1_825' title='bbox 2161 4675 2201 4734; x_wconf 85' lang='lat' dir='ltr'>Et</span> <span class='ocrx_word' id='word_1_826' title='bbox 2226 4677 2313 4734; x_wconf 74' lang='lat' dir='ltr'>lamus</span> <span class='ocrx_word' id='word_1_827' title='bbox 2338 4675 2471 4750; x_wconf 85' lang='lat' dir='ltr'>spiritua·</span> 
     </span>
     <span class='ocr_line' id='line_1_108' title="bbox 1516 4771 2472 4846; baseline -0.002 -14"><span class='ocrx_word' id='word_1_828' title='bbox 1516 4775 1552 4832; x_wconf 90' lang='lat' dir='ltr'>lis</span> <span class='ocrx_word' id='word_1_829' title='bbox 1580 4777 1665 4832; x_wconf 88' lang='lat' dir='ltr'>maris</span> <span class='ocrx_word' id='word_1_830' title='bbox 1697 4773 1839 4834; x_wconf 88' lang='lat' dir='ltr'>duodecim</span> <span class='ocrx_word' id='word_1_831' title='bbox 1859 4771 1974 4832; x_wconf 76' lang='lat' dir='ltr'>fuerurm</span> <span class='ocrx_word' id='word_1_832' title='bbox 1996 4773 2183 4846; x_wconf 88' lang='lat' dir='ltr'>partitiones,</span> <span class='ocrx_word' id='word_1_833' title='bbox 2213 4771 2320 4830; x_wconf 88' lang='lat' dir='ltr'>scilieet</span> <span class='ocrx_word' id='word_1_834' title='bbox 2350 4771 2472 4846; x_wconf 87' lang='lat' dir='ltr'>quatuor</span> 
     </span>
     <span class='ocr_line' id='line_1_109' title="bbox 1516 4859 2472 4942; baseline -0.005 -12"><span class='ocrx_word' id='word_1_835' title='bbox 1516 4859 1675 4942; x_wconf 89' lang='lat' dir='ltr'>praedictae</span> <span class='ocrx_word' id='word_1_836' title='bbox 1697 4885 1803 4942; x_wconf 76' lang='lat' dir='ltr'>aquae,</span> <span class='ocrx_word' id='word_1_837' title='bbox 1826 4867 1853 4928; x_wconf 91' lang='lat' dir='ltr'>et</span> <span class='ocrx_word' id='word_1_838' title='bbox 1880 4867 1941 4928; x_wconf 91' lang='lat' dir='ltr'>octo</span> <span class='ocrx_word' id='word_1_839' title='bbox 1960 4869 2134 4942; x_wconf 84' lang='lat' dir='ltr'>sanpuiuis,</span> <span class='ocrx_word' id='word_1_840' title='bbox 2154 4869 2203 4942; x_wconf 83' lang='lat' dir='ltr'>qui</span> <span class='ocrx_word' id='word_1_841' title='bbox 2223 4869 2314 4940; x_wconf 92' lang='lat' dir='ltr'>primo</span> <span class='ocrx_word' id='word_1_842' title='bbox 2334 4867 2415 4924; x_wconf 89' lang='lat' dir='ltr'>iusus</span> <span class='ocrx_word' id='word_1_843' title='bbox 2441 4869 2472 4926; x_wconf 93' lang='lat' dir='ltr'>iu</span> 
     </span>
     <span class='ocr_line' id='line_1_110' title="bbox 1516 4963 2472 5038; baseline -0.002 -14"><span class='ocrx_word' id='word_1_844' title='bbox 1516 4969 1738 5036; x_wconf 84' lang='lat' dir='ltr'>circumcisione:</span> <span class='ocrx_word' id='word_1_845' title='bbox 1763 4967 1897 5034; x_wconf 88' lang='lat' dir='ltr'>secundo,</span> <span class='ocrx_word' id='word_1_846' title='bbox 1925 4967 1955 5022; x_wconf 90' lang='lat' dir='ltr'>in</span> <span class='ocrx_word' id='word_1_847' title='bbox 1976 4963 2170 5038; x_wconf 83' lang='lat' dir='ltr'>agonizatione</span> <span class='ocrx_word' id='word_1_848' title='bbox 2197 4963 2226 5020; x_wconf 87' lang='lat' dir='ltr'>ei</span> <span class='ocrx_word' id='word_1_849' title='bbox 2248 4963 2400 5036; x_wconf 80' lang='lat' dir='ltr'>sanguineo</span> <span class='ocrx_word' id='word_1_850' title='bbox 2429 4981 2472 5022; x_wconf 88' lang='lat' dir='ltr'>su·</span> 
     </span>
     <span class='ocr_line' id='line_1_111' title="bbox 1517 5059 2472 5134; baseline -0.001 -14"><span class='ocrx_word' id='word_1_851' title='bbox 1517 5065 1597 5132; x_wconf 88' lang='lat' dir='ltr'>dore:</span> <span class='ocrx_word' id='word_1_852' title='bbox 1620 5063 1713 5130; x_wconf 87' lang='lat' dir='ltr'>tertio,</span> <span class='ocrx_word' id='word_1_853' title='bbox 1734 5063 1764 5118; x_wconf 91' lang='lat' dir='ltr'>in</span> <span class='ocrx_word' id='word_1_854' title='bbox 1784 5059 1974 5134; x_wconf 81' lang='lat' dir='ltr'>flagellatione</span> <span class='ocrx_word' id='word_1_855' title='bbox 1986 5059 2016 5130; x_wconf 76' lang='lat'>⁹:</span> <span class='ocrx_word' id='word_1_856' title='bbox 2050 5059 2276 5134; x_wconf 78' lang='lat' dir='ltr'>quinquertium</span> <span class='ocrx_word' id='word_1_857' title='bbox 2308 5059 2415 5118; x_wconf 88' lang='lat' dir='ltr'>vicibus</span> <span class='ocrx_word' id='word_1_858' title='bbox 2441 5061 2472 5120; x_wconf 93' lang='lat' dir='ltr'>in</span> 
     </span>
     <span class='ocr_line' id='line_1_112' title="bbox 1517 5157 2010 5230; baseline -0.008 -14"><span class='ocrx_word' id='word_1_859' title='bbox 1517 5161 1647 5230; x_wconf 68' lang='lat' dir='ltr'>quinque,</span> <span class='ocrx_word' id='word_1_860' title='bbox 1659 5159 1811 5218; x_wconf 91' lang='lat' dir='ltr'>vulnerum</span> <span class='ocrx_word' id='word_1_861' title='bbox 1829 5157 2010 5230; x_wconf 79' lang='lat' dir='ltr'>irrogatione.</span> 
     </span>
    </p>

    <p class='ocr_par' dir='ltr' id='par_1_24' title="bbox 1517 5253 2628 5720">
     <span class='ocr_line' id='line_1_113' title="bbox 1595 5253 2628 5330; baseline 0.004 -20"><span class='ocrx_word' id='word_1_862' title='bbox 1595 5255 1772 5314; x_wconf 85' lang='lat' dir='ltr'>Moraliter:</span> <span class='ocrx_word' id='word_1_863' title='bbox 1784 5253 1894 5312; x_wconf 86' lang='lat' dir='ltr'>Debent</span> <span class='ocrx_word' id='word_1_864' title='bbox 1919 5253 2006 5312; x_wconf 90' lang='lat' dir='ltr'>dividi</span> <span class='ocrx_word' id='word_1_865' title='bbox 2024 5253 2166 5328; x_wconf 77' lang='lat' dir='ltr'>lacrymae</span> <span class='ocrx_word' id='word_1_866' title='bbox 2180 5255 2295 5314; x_wconf 90' lang='lat' dir='ltr'>nostrae</span> <span class='ocrx_word' id='word_1_867' title='bbox 2314 5271 2366 5326; x_wconf 90' lang='lat' dir='ltr'>per</span> <span class='ocrx_word' id='word_1_868' title='bbox 2383 5255 2472 5330; x_wconf 86' lang='lat' dir='ltr'>lacry·</span> <span class='ocrx_word' id='word_1_869' title='bbox 2491 5279 2570 5324; x_wconf 79' lang='lat' dir='ltr'>sensus</span> <span class='ocrx_word' id='word_1_870' title='bbox 2583 5293 2628 5326; x_wconf 86' lang='lat' dir='ltr'>mo·</span> 
     </span>
     <span class='ocr_line' id='line_1_114' title="bbox 1517 5333 2584 5424; baseline 0.004 -14"><span class='ocrx_word' id='word_1_871' title='bbox 1517 5365 1579 5410; x_wconf 88' lang='lat' dir='ltr'>mas</span> <span class='ocrx_word' id='word_1_872' title='bbox 1598 5353 1789 5422; x_wconf 87' lang='lat' dir='ltr'>contritionis,</span> <span class='ocrx_word' id='word_1_873' title='bbox 1811 5353 2012 5424; x_wconf 88' lang='lat' dir='ltr'>compassionis</span> <span class='ocrx_word' id='word_1_874' title='bbox 2037 5353 2067 5410; x_wconf 91' lang='lat' dir='ltr'>et</span> <span class='ocrx_word' id='word_1_875' title='bbox 2086 5353 2252 5412; x_wconf 90' lang='lat' dir='ltr'>devotionis.</span> <span class='ocrx_word' id='word_1_876' title='bbox 2268 5385 2310 5396; x_wconf 88' lang='lat'>-</span> <span class='ocrx_word' id='word_1_877' title='bbox 2328 5353 2403 5412; x_wconf 92' lang='lat' dir='ltr'>Huic</span> <span class='ocrx_word' id='word_1_878' title='bbox 2423 5353 2472 5414; x_wconf 92' lang='lat' dir='ltr'>tri-</span> <span class='ocrx_word' id='word_1_879' title='bbox 2525 5333 2584 5378; x_wconf 58' lang='lat'>”¹³⁸⁸</span> 
     </span>
     <span class='ocr_line' id='line_1_115' title="bbox 1517 5449 2472 5526; baseline 0.006 -20"><span class='ocrx_word' id='word_1_880' title='bbox 1517 5449 1592 5522; x_wconf 89' lang='lat' dir='ltr'>plici</span> <span class='ocrx_word' id='word_1_881' title='bbox 1605 5449 1761 5508; x_wconf 90' lang='lat' dir='ltr'>sententiae</span> <span class='ocrx_word' id='word_1_882' title='bbox 1781 5449 1967 5522; x_wconf 89' lang='lat' dir='ltr'>praeponitur</span> <span class='ocrx_word' id='word_1_883' title='bbox 1987 5449 2085 5510; x_wconf 91' lang='lat' dir='ltr'>littera</span> <span class='ocrx_word' id='word_1_884' title='bbox 2106 5451 2172 5510; x_wconf 90' lang='lat' dir='ltr'>Phe</span> <span class='ocrx_word' id='word_1_885' title='bbox 2190 5449 2309 5524; x_wconf 88' lang='lat' dir='ltr'>triplex,</span> <span class='ocrx_word' id='word_1_886' title='bbox 2336 5469 2407 5526; x_wconf 91' lang='lat' dir='ltr'>quae</span> <span class='ocrx_word' id='word_1_887' title='bbox 2428 5455 2472 5512; x_wconf 85' lang='lat' dir='ltr'>in-</span> 
     </span>
     <span class='ocr_line' id='line_1_116' title="bbox 1517 5545 2472 5622; baseline 0.005 -19"><span class='ocrx_word' id='word_1_888' title='bbox 1517 5545 1695 5620; x_wconf 88' lang='lat' dir='ltr'>terpretatur</span> <span class='ocrx_word' id='word_1_889' title='bbox 1720 5547 1799 5620; x_wconf 85' lang='lat' dir='ltr'>eris,</span> <span class='ocrx_word' id='word_1_890' title='bbox 1819 5549 1865 5606; x_wconf 84' lang='lat' dir='ltr'>uel</span> <span class='ocrx_word' id='word_1_891' title='bbox 1894 5563 1928 5606; x_wconf 92' lang='lat' dir='ltr'>os</span> <span class='ocrx_word' id='word_1_892' title='bbox 1948 5549 2074 5622; x_wconf 89' lang='lat' dir='ltr'>aperiri,</span> <span class='ocrx_word' id='word_1_893' title='bbox 2095 5549 2225 5608; x_wconf 89' lang='lat' dir='ltr'>alludens</span> <span class='ocrx_word' id='word_1_894' title='bbox 2255 5551 2346 5620; x_wconf 91' lang='lat' dir='ltr'>ipsius</span> <span class='ocrx_word' id='word_1_895' title='bbox 2372 5567 2472 5610; x_wconf 87' lang='lat' dir='ltr'>versus</span> 
     </span>
     <span class='ocr_line' id='line_1_117' title="bbox 1517 5643 2167 5720; baseline 0 -16"><span class='ocrx_word' id='word_1_896' title='bbox 1517 5645 1672 5718; x_wconf 90' lang='lat' dir='ltr'>principio,</span> <span class='ocrx_word' id='word_1_897' title='bbox 1693 5645 1881 5704; x_wconf 86' lang='lat' dir='ltr'>ubidicitur:</span> <span class='ocrx_word' id='word_1_898' title='bbox 1902 5643 2094 5720; x_wconf 83' lang='lat' dir='ltr'>Aperueremt</span> <span class='ocrx_word' id='word_1_899' title='bbox 2115 5647 2167 5704; x_wconf 91' lang='lat' dir='ltr'>ete.</span> 
     </span>
    </p>

    <p class='ocr_par' dir='ltr' id='par_1_25' title="bbox 1516 5743 2623 5914">
     <span class='ocr_line' id='line_1_118' title="bbox 1598 5743 2623 5818; baseline 0.002 -18"><span class='ocrx_word' id='word_1_900' title='bbox 1598 5743 1646 5800; x_wconf 85' lang='lat'>51.</span> <span class='ocrx_word' id='word_1_901' title='bbox 1670 5743 1930 5818; x_wconf 82' lang='lat' dir='ltr'>(Vers.49.).A1u.</span> <span class='ocrx_word' id='word_1_902' title='bbox 1948 5743 2057 5802; x_wconf 89' lang='lat' dir='ltr'>Oculus</span> <span class='ocrx_word' id='word_1_903' title='bbox 2075 5761 2155 5802; x_wconf 90' lang='lat' dir='ltr'>meus</span> <span class='ocrx_word' id='word_1_904' title='bbox 2177 5743 2319 5816; x_wconf 74' lang='lat' dir='ltr'>afflictus:</span> <span class='ocrx_word' id='word_1_905' title='bbox 2341 5761 2414 5814; x_wconf 91' lang='lat' dir='ltr'>ecce,</span> <span class='ocrx_word' id='word_1_906' title='bbox 2429 5745 2473 5804; x_wconf 86' lang='lat' dir='ltr'>de·</span> <span class='ocrx_word' id='word_1_907' title='bbox 2493 5757 2623 5804; x_wconf 81' lang='lat' dir='ltr'>secuudum.</span> 
     </span>
     <span class='ocr_line' id='line_1_119' title="bbox 1516 5839 2474 5914; baseline 0.001 -14"><span class='ocrx_word' id='word_1_908' title='bbox 1516 5839 1673 5900; x_wconf 85' lang='lat' dir='ltr'>solutionis</span> <span class='ocrx_word' id='word_1_909' title='bbox 1692 5841 1886 5914; x_wconf 79' lang='lat' dir='ltr'>vehementia:</span> <span class='ocrx_word' id='word_1_910' title='bbox 1909 5841 1983 5900; x_wconf 93' lang='lat' dir='ltr'>unde</span> <span class='ocrx_word' id='word_1_911' title='bbox 2003 5841 2088 5900; x_wconf 91' lang='lat' dir='ltr'>dicit:</span> <span class='ocrx_word' id='word_1_912' title='bbox 2115 5839 2222 5900; x_wconf 89' lang='lat' dir='ltr'>Oculus</span> <span class='ocrx_word' id='word_1_913' title='bbox 2245 5857 2324 5900; x_wconf 88' lang='lat' dir='ltr'>meus</span> <span class='ocrx_word' id='word_1_914' title='bbox 2345 5839 2474 5912; x_wconf 69' lang='lat' dir='ltr'>afflictus</span> 
     </span>
    </p>
   </div>
   <div class='ocr_carea' id='block_1_14' title="bbox 1516 5937 2473 6012">
    <p class='ocr_par' dir='ltr' id='par_1_26' title="bbox 1516 5937 2473 6012">
     <span class='ocr_line' id='line_1_120' title="bbox 1516 5937 2473 6012; baseline 0 -14"><span class='ocrx_word' id='word_1_915' title='bbox 1516 5941 1574 6012; x_wconf 89' lang='lat' dir='ltr'>est,</span> <span class='ocrx_word' id='word_1_916' title='bbox 1589 5939 1626 5998; x_wconf 90' lang='lat' dir='ltr'>ad</span> <span class='ocrx_word' id='word_1_917' title='bbox 1638 5937 1778 6008; x_wconf 90' lang='lat' dir='ltr'>litteram,</span> <span class='ocrx_word' id='word_1_918' title='bbox 1800 5939 1890 5996; x_wconf 89' lang='lat' dir='ltr'>muita</span> <span class='ocrx_word' id='word_1_919' title='bbox 1910 5939 2100 6012; x_wconf 76' lang='lat' dir='ltr'>laerymarum</span> <span class='ocrx_word' id='word_1_920' title='bbox 2114 5937 2297 6010; x_wconf 89' lang='lat' dir='ltr'>inundantia:</span> <span class='ocrx_word' id='word_1_921' title='bbox 2315 5939 2363 5998; x_wconf 91' lang='lat' dir='ltr'>vei</span> <span class='ocrx_word' id='word_1_922' title='bbox 2375 5940 2473 5998; x_wconf 88' lang='lat' dir='ltr'>oculus</span> 
     </span>
    </p>
   </div>
   <div class='ocr_carea' id='block_1_15' title="bbox 1509 6421 2475 6984">
    <p class='ocr_par' dir='ltr' id='par_1_27' title="bbox 1572 6421 2082 6488">
     <span class='ocr_line' id='line_1_121' title="bbox 1572 6421 2082 6488; baseline -0.004 -14"><span class='ocrx_word' id='word_1_923' title='bbox 1572 6421 1600 6452; x_wconf 55' lang='lat'>“⁵</span> <span class='ocrx_word' id='word_1_924' title='bbox 1616 6421 1747 6488; x_wconf 71' lang='lat' dir='ltr'>Capit,</span> <span class='ocrx_word' id='word_1_925' title='bbox 1766 6425 1798 6484; x_wconf 87' lang='lat'>8:</span> <span class='ocrx_word' id='word_1_926' title='bbox 1816 6421 1912 6476; x_wconf 90' lang='lat' dir='ltr'>deiude</span> <span class='ocrx_word' id='word_1_927' title='bbox 1931 6423 1971 6474; x_wconf 86' lang='grc' dir='ltr'>Ρε.</span> <span class='ocrx_word' id='word_1_928' title='bbox 1990 6421 2036 6484; x_wconf 81' lang='lat' dir='ltr'>nl,</span> <span class='ocrx_word' id='word_1_929' title='bbox 2056 6421 2082 6472; x_wconf 81' lang='lat'>7.</span> 
     </span>
    </p>

    <p class='ocr_par' dir='ltr' id='par_1_28' title="bbox 1511 6491 2475 6734">
     <span class='ocr_line' id='line_1_122' title="bbox 1583 6491 2475 6560; baseline -0.001 -15"><span class='ocrx_word' id='word_1_930' title='bbox 1583 6491 1594 6522; x_wconf 78' lang='lat'>⁶</span> <span class='ocrx_word' id='word_1_931' title='bbox 1614 6493 1665 6546; x_wconf 84' lang='lat' dir='ltr'>Cir.</span> <span class='ocrx_word' id='word_1_932' title='bbox 1685 6507 1710 6544; x_wconf 91' lang='lat' dir='ltr'>v.</span> <span class='ocrx_word' id='word_1_933' title='bbox 1733 6493 1773 6544; x_wconf 85' lang='lat' dir='ltr'>lb.</span> <span class='ocrx_word' id='word_1_934' title='bbox 1786 6499 1812 6544; x_wconf 86' lang='lat' dir='ltr'>et</span> <span class='ocrx_word' id='word_1_935' title='bbox 1826 6493 1868 6546; x_wconf 77' lang='lat' dir='ltr'>ln.</span> <span class='ocrx_word' id='word_1_936' title='bbox 1886 6521 1923 6534; x_wconf 86' lang='lat'>--</span> <span class='ocrx_word' id='word_1_937' title='bbox 1935 6493 2019 6556; x_wconf 86' lang='lat' dir='ltr'>Supra</span> <span class='ocrx_word' id='word_1_938' title='bbox 2040 6505 2101 6544; x_wconf 91' lang='lat' dir='ltr'>cum</span> <span class='ocrx_word' id='word_1_939' title='bbox 2116 6493 2205 6544; x_wconf 82' lang='lat' dir='ltr'>Vatli</span> <span class='ocrx_word' id='word_1_940' title='bbox 2220 6491 2314 6544; x_wconf 88' lang='lat' dir='ltr'>omittit</span> <span class='ocrx_word' id='word_1_941' title='bbox 2327 6493 2359 6544; x_wconf 91' lang='lat' dir='ltr'>lu</span> <span class='ocrx_word' id='word_1_942' title='bbox 2372 6491 2475 6560; x_wconf 84' lang='lat' dir='ltr'>plessa-</span> 
     </span>
     <span class='ocr_line' id='line_1_123' title="bbox 1512 6561 2472 6642; baseline 0 -26"><span class='ocrx_word' id='word_1_943' title='bbox 1512 6561 1575 6616; x_wconf 87' lang='lat' dir='ltr'>tis...</span> <span class='ocrx_word' id='word_1_944' title='bbox 1595 6563 1698 6618; x_wconf 72' lang='lat' dir='ltr'>Oeneius</span> <span class='ocrx_word' id='word_1_945' title='bbox 1716 6577 1808 6642; x_wconf 77' lang='lat' dir='ltr'>meus,</span> <span class='ocrx_word' id='word_1_946' title='bbox 1821 6565 1918 6616; x_wconf 90' lang='lat' dir='ltr'>deiude</span> <span class='ocrx_word' id='word_1_947' title='bbox 1936 6565 2007 6617; x_wconf 90' lang='lat' dir='ltr'>solus</span> <span class='ocrx_word' id='word_1_948' title='bbox 2026 6565 2208 6642; x_wconf 80' lang='lat' dir='ltr'>prosequitur:</span> <span class='ocrx_word' id='word_1_949' title='bbox 2224 6561 2390 6642; x_wconf 85' lang='lat' dir='ltr'>proponitur·</span> <span class='ocrx_word' id='word_1_950' title='bbox 2410 6561 2472 6628; x_wconf 87' lang='lat' dir='ltr'>Phe,</span> 
     </span>
     <span class='ocr_line' id='line_1_124' title="bbox 1511 6631 2398 6734; baseline 0 -46"><span class='ocrx_word' id='word_1_951' title='bbox 1511 6633 1556 6688; x_wconf 87' lang='lat' dir='ltr'>uel</span> <span class='ocrx_word' id='word_1_952' title='bbox 1574 6631 1648 6734; x_wconf 72' lang='lat' dir='ltr'>nebel</span> <span class='ocrx_word' id='word_1_953' title='bbox 1664 6647 1797 6702; x_wconf 87' lang='lat' dir='ltr'>propone,</span> <span class='ocrx_word' id='word_1_954' title='bbox 1815 6633 1951 6688; x_wconf 80' lang='lat' dir='ltr'>sententiis</span> <span class='ocrx_word' id='word_1_955' title='bbox 1971 6647 2026 6688; x_wconf 91' lang='lat' dir='ltr'>uon</span> <span class='ocrx_word' id='word_1_956' title='bbox 2045 6637 2173 6700; x_wconf 82' lang='lat' dir='ltr'>tantalus:</span> <span class='ocrx_word' id='word_1_957' title='bbox 2190 6631 2264 6702; x_wconf 82' lang='lat' dir='ltr'>praed</span> <span class='ocrx_word' id='word_1_958' title='bbox 2283 6633 2398 6702; x_wconf 82' lang='lat' dir='ltr'>pardem.</span> 
     </span>
    </p>

    <p class='ocr_par' dir='ltr' id='par_1_29' title="bbox 1509 6703 2474 6984">
     <span class='ocr_line' id='line_1_125' title="bbox 1572 6703 2474 6860; baseline 0.025 -57"><span class='ocrx_word' id='word_1_959' title='bbox 1572 6773 1604 6858; x_wconf 36' lang='lat' dir='ltr'>&#39;a&#39;</span> <span class='ocrx_word' id='word_1_960' title='bbox 1613 6703 1677 6840; x_wconf 54' lang='lat' dir='ltr'>53ss</span> <span class='ocrx_word' id='word_1_961' title='bbox 1690 6703 1752 6840; x_wconf 48' lang='grc' dir='ltr'>95,3ι1’.</span> <span class='ocrx_word' id='word_1_962' title='bbox 1764 6707 1920 6842; x_wconf 69' lang='grc' dir='ltr'>5ὃθευυεὴιὴι·</span> <span class='ocrx_word' id='word_1_963' title='bbox 1931 6777 1999 6860; x_wconf 85' lang='lat' dir='ltr'>inan.</span> <span class='ocrx_word' id='word_1_964' title='bbox 2011 6775 2055 6838; x_wconf 90' lang='lat' dir='ltr'>ll,</span> <span class='ocrx_word' id='word_1_965' title='bbox 2064 6775 2114 6838; x_wconf 84' lang='lat'>35:</span> <span class='ocrx_word' id='word_1_966' title='bbox 2125 6775 2187 6828; x_wconf 86' lang='lat' dir='ltr'>Luc.</span> <span class='ocrx_word' id='word_1_967' title='bbox 2201 6775 2245 6840; x_wconf 83' lang='lat' dir='ltr'>lo,</span> <span class='ocrx_word' id='word_1_968' title='bbox 2258 6775 2287 6828; x_wconf 81' lang='lat' dir='ltr'>il</span> <span class='ocrx_word' id='word_1_969' title='bbox 2298 6793 2304 6844; x_wconf 91' lang='lat'>;</span> <span class='ocrx_word' id='word_1_970' title='bbox 2315 6773 2396 6828; x_wconf 90' lang='lat' dir='ltr'>Hebr.</span> <span class='ocrx_word' id='word_1_971' title='bbox 2408 6775 2431 6840; x_wconf 84' lang='lat'>5,</span> <span class='ocrx_word' id='word_1_972' title='bbox 2441 6773 2459 6826; x_wconf 86' lang='lat'><strong>7</strong></span> <span class='ocrx_word' id='word_1_973' title='bbox 2467 6795 2474 6840; x_wconf 82' lang='lat'><em>3</em></span> 
     </span>
     <span class='ocr_line' id='line_1_126' title="bbox 1509 6847 2471 6984; baseline 0 -14"><span class='ocrx_word' id='word_1_974' title='bbox 1509 6847 2067 6982; x_wconf 51' lang='lat' dir='ltr'>butte.tu·,li.:.tt:lo¹.¹u..¹i;</span> <span class='ocrx_word' id='word_1_975' title='bbox 2082 6847 2324 6984; x_wconf 54' lang='lat' dir='ltr'>iiie-ioue...</span> <span class='ocrx_word' id='word_1_976' title='bbox 2337 6917 2471 6980; x_wconf 57' lang='lat' dir='ltr'>aaa.</span> 
     </span>
    </p>
   </div>
   <div class='ocr_carea' id='block_1_16' title="bbox 0 0 2961 8260">
    <p class='ocr_par' dir='ltr' id='par_1_30' title="bbox 0 0 2961 8260">
     <span class='ocr_line' id='line_1_127' title="bbox 0 0 2961 8260; baseline 0 0"><span class='ocrx_word' id='word_1_977' title='bbox 0 0 2961 8260; x_wconf 95' lang='lat' dir='ltr'> </span> 
     </span>
    </p>
   </div>
  </div>
 </body>
</html>
