5908 8266
821 617 876 670 lul)
1196 527 1235 592 IN
1256 523 1551 592 collhnnraalos
1574 527 1605 592 S.
1627 525 1854 592 sestaronus
2062 531 2063 534 ’
2174 617 2226 670 llis
2454 519 2517 586 779

549 715 620 762 s—
632 705 661 756 ln
674 703 771 758 iudicio
784 703 888 760 stabunt
903 703 978 768 iusti,
995 703 1043 770 qui
1055 703 1080 754 in
1095 715 1169 768 prae·
1204 701 1293 756 iudicii
1312 703 1422 754 maritum
1446 699 1527 754 debet
1549 701 1648 754 hortari
1668 703 1703 754 ad
1723 701 1844 756 timorem
1933 705 2095 758 7777777777
2111 711 2207 760 —est
2231 703 2306 780 quasi
2332 717 2399 772 777777
2417 699 2519 766 gratiae

527 763 597 846 senti
617 791 667 846 visi
682 795 783 846 77777777
798 795 891 846 cadere
911 795 951 844 vel
966 793 1050 844 iacere
1062 793 1103 850 Ι77
1116 793 1167 844 737
1205 797 1230 844 et
1248 791 1433 844 mandatorum
1448 787 1645 844 observantiam
1664 793 1697 842 99
1717 805 1742 844 7.
1763 791 1795 844 ll
1807 819 1845 830 -
1880 791 1915 844 77
1933 791 1984 844 627
2006 793 2022 844 3
2039 821 2076 832 -
2094 793 2212 846 Christus
2224 795 2320 848 missus
2336 793 2383 846 luit
2401 793 2434 846 ad
2447 793 2517 844 iusti·

530 895 558 934 7.
576 881 586 930 l
612 907 646 920 υ-
662 883 687 932 77
699 881 797 934 iudicio
809 881 932 934 tacebunt
950 877 1085 946 mali,qui
1098 893 1169 932 7777777
1205 881 1337 934 severitas
1355 879 1442 932 iudicii
1457 877 1649 932 consideranda
1661 879 1694 932 ad
1713 879 1845 944 poeniten·
1880 879 2015 932 beandum
2033 881 2139 944 acrrlpa
2158 879 2210 932 577
2225 883 2239 932 3
2255 881 2340 934 -Ad
2359 881 2518 934 iustificatio-

530 969 654 1024 videntur
673 975 741 1024 stare
757 967 819 1024 ibid.
841 997 875 1008 -
894 967 954 1022 lasti
968 965 1073 1020 stabunt
1093 967 1117 1020 in
1130 969 1168 1022 iu·
1205 969 1267 1022 tiam
1289 969 1341 1022 307
1366 969 1399 1022 73
1417 997 1452 1006 -
1473 969 1595 1020 Peccator
1616 967 1736 1032 arguitur
1762 973 1845 1020 osten·
1881 981 1941 1018 nem
1962 973 2128 1032 peccatorum
2149 969 2289 1036 requiritur
2309 969 2467 1036 poenitentia
2492 975 2519 1022 el

531 1057 601 1110 dicio
619 1057 744 1110 audacter
758 1063 786 1110 et
797 1061 945 1110 constanter
964 1061 1071 1120 propter
1091 1057 1169 1108 77776-
1205 1057 1431 1112 dendoiudicium
1446 1057 1752 1110 damnationisaelernae
1766 1057 1844 1108 6063
1881 1053 2029 1120 baptismus
2051 1057 2095 1110 Vll
2118 1057 2169 1108 780
2193 1057 2226 1108 55
2244 1087 2281 1096 -
2297 1059 2339 1110 hd
2360 1057 2518 1110 iustificatio-

531 1147 660 1210 dentiam,
678 1159 756 1210 quana
777 1143 913 1198 habebunt
931 1141 992 1198 ibid.
1010 1147 1092 1196 -ln
1110 1145 1168 1210 ipso
1205 1147 1313 1198 -Dies
1326 1147 1416 1200 iudicii
1428 1153 1489 1198 stant
1498 1145 1672 1210 exspectandi,
1685 1143 1845 1198 formidandi
1881 1159 1941 1198 nean
1961 1157 2151 1210 praeparamur
2168 1159 2217 1210 per
2234 1145 2316 1198 iidem
2336 1153 2359 1198 et
2379 1147 2518 1210 intelligen-

531 1235 627 1288 iudicio
645 1231 861 1300 praemlabantur
884 1231 948 1284 boni
975 1237 999 1286 et
1027 1235 1169 1300 punientur
1205 1241 1231 1288 ct
1248 1249 1296 1300 per
1314 1237 1407 1288 lletum
1424 1235 1599 1300 praevidendi
1619 1231 1665 1286 Vll
1683 1231 1735 1286 577
1756 1233 1790 1284 36
1807 1261 1845 1270 --
1880 1233 1943 1286 tiam
1963 1233 2079 1286 veritalis
2101 1235 2153 1286 268
2177 1235 2208 1286 57
2230 1233 2355 1286 -Fidei
2380 1233 2519 1288 credulitas

531 1323 594 1376 mali
611 1323 643 1376 96
665 1339 690 1376 7.
708 1321 726 1374 7
743 1321 858 1374 -Boni
872 1321 1110 1376 remunerabuntur
1127 1339 1169 1378 su·
1205 1323 1339 1378 Debemus
1363 1329 1434 1378 tanto
1454 1323 1590 1378 sollicitius
1607 1321 1748 1376 lormidare
1773 1321 1843 1374 diem
1882 1321 2001 1376 iustificat
2015 1321 2124 1386 impium
2146 1323 2175 1376 77
2196 1323 2223 1374 77
2248 1301 2322 1376 7.“7.
2342 1321 2394 1374 758
2413 1325 2446 1376 76

530 1427 577 1478 pra
592 1413 751 1476 condignum
766 1411 809 1462 777
821 1411 857 1462 33
872 1411 1073 1466 72-7777777777
1088 1413 1169 1478 gloria
1206 1415 1308 1478 indicii,
1327 1419 1426 1482 qrranto
1446 1427 1504 1466 eam
1522 1427 1575 1466 non
1590 1411 1845 1478 possumuspraevi·
1934 1441 1970 1450 -
1987 1411 2127 1466 lustiiicare
2147 1411 2257 1476 impium
2277 1411 2361 1480 maias
2380 1417 2417 1466 est
2436 1425 2517 1480 quam

531 1505 557 1554 et
574 1501 702 1564 gaudium
722 1499 896 1564 dispensatori
914 1499 985 1552 lideli
1003 1501 1055 1554 785
1075 1501 1109 1554 37
1207 1503 1270 1554 dere
1298 1503 1332 1552 aa
1358 1501 1392 1554 77
1412 1531 1446 1540 -
1464 1503 1498 1554 Ex
1528 1501 1734 1556 consideratione
1761 1501 1845 1554 linaiis
1881 1513 1971 1554 creare
1988 1501 2091 1552 caelum
2118 1507 2146 1552 et
2161 1505 2258 1552 terrain
2279 1499 2323 1552 Vll
2350 1501 2401 1552 386
2430 1501 2463 1554 77
2480 1531 2518 1540 -

504 1653 506 1660 Α
584 1615 618 1626 --
637 1589 706 1642 Deus
725 1587 822 1642 iudicat
841 1603 902 1642 cum
927 1591 1006 1642 milita
1033 1591 1167 1656 diligentia
1207 1591 1295 1666 iudicii
1314 1589 1486 1642 debethomo
1505 1589 1569 1642 llere
1583 1603 1663 1654 super
1679 1603 1710 1644 sc
1727 1595 1752 1642 et
1766 1603 1845 1654 snper
1882 1595 2016 1656 eslopus,
2036 1589 2064 1642 in
2087 1603 2142 1656 quo
2156 1603 2262 1642 summe
2280 1589 2457 1642 manifestatur
2475 1601 2520 1654 po·

532 1681 557 1730 77
573 1677 716 1730 7777777777
735 1677 768 1730 77
785 1677 833 1730 789
852 1691 877 1730 7.
898 1681 925 1732 77
944 1679 1120 1736 -Dominus
1133 1681 1169 1734 iu·
1206 1681 1270 1732 alios
1289 1683 1453 1744 peccatores,
1472 1693 1503 1732 nc
1528 1685 1648 1744 oporteat
1668 1681 1794 1746 plangere
1818 1679 1845 1732 in
1883 1679 1975 1744 tentia,
1992 1679 2117 1744 sapientia
2137 1683 2162 1732 et
2180 1675 2356 1730 misericordia
2379 1677 2428 1730 777
2449 1677 2481 1728 66

533 1765 629 1820 dicabit
648 1767 714 1820 iuste
734 1767 785 1820 372
803 1767 885 1822 57-
899 1771 1026 1822 Dominus
1044 1769 1170 1822 iudicabit
1207 1767 1320 1820 adventu
1340 1767 1422 1830 ipsius
1440 1765 1491 1820 577
1511 1767 1545 1820 37
1934 1771 1998 1822 iasar
2017 1795 2051 1808 -·
2071 1771 2154 1822 iustus
2171 1765 2276 1834 estqui
2293 1765 2519 1818 777777777777777777

443 1923 444 1926 Ἴ
532 1855 629 1908 iustum
647 1857 682 1910 ad
701 1859 864 1924 praemium,
882 1859 995 1924 impium
1015 1859 1048 1912 ad
1068 1859 1170 1922 suppli·
1259 1855 1408 1908 -ludicis
1431 1855 1590 1918 exspectatio
1611 1871 1666 1908 non
1688 1855 1845 1910 debetesse
1883 1853 2371 1924 Vldbq.i-·eslhonrrsib.q.l
2396 1855 2520 1906 -Deus

533 1945 603 1996 cium
626 1945 661 1996 35
686 1961 716 1998 v.
743 1945 777 2000 77
796 1975 832 1988 -
851 1949 920 2000 Deus
947 1945 1014 2000 iuste
1043 1943 1169 1998 indicabit
1206 1957 1254 1996 neo
1273 1957 1341 1996 vana
1358 1957 1410 1996 nec
1430 1945 1596 1996 somnolenta
1617 1945 1662 1996 Vll
1685 1943 1736 1998 327
1757 1945 1785 1996 57
1811 1971 1845 1982 ·—-
1883 1947 1976 2001 dicitar
2000 1947 2085 1998 iustus
2102 1943 2164 1998 ibid.
2183 1973 2219 1984 --
2242 1945 2328 1996 Homo
2354 1943 2433 2008 debet
2461 1957 2519 1996 7777

532 2033 629 2088 iustum
658 2039 682 2086 et
710 2033 819 2098 impium
848 2037 879 2086 36
905 2049 930 2100 q.
950 2035 966 2086 2
986 2063 1020 2072 —-
1040 2033 1088 2084 Dei
1106 2045 1168 2098 erga
1207 2031 1286 2084 ludex
1311 2029 1384 2082 venit
1412 2029 1581 2096 properando
1607 2033 1643 2084 ad
1668 2031 1795 2084 iudicium
1820 2037 1845 2084 et
1882 2035 1975 2098 iustus,
1994 2035 2055 2100 quia
2076 2033 2241 2086 Densiustns
2263 2031 2313 2084 789
2332 2047 2356 2084 7.
2380 2033 2411 2085 73

532 2127 695 2188 peccatorem
710 2123 855 2176 estiostum
868 2123 903 2174 77
915 2135 941 2174 v.
952 2121 1170 2174 76-777777777
1207 2119 1292 2184 pulsat
1316 2131 1364 2182 per
1392 2117 1548 2172 infirmitatis
1577 2119 1710 2182 llagellam
1729 2117 1790 2172 ibid.
1809 2145 1845 2158 -
1934 2151 1971 2160 -
1994 2121 2080 2176 Omne
2097 2121 2195 2174 iustam
2221 2119 2323 2172 bonum
2347 2127 2388 2174 est
2413 2121 2449 2172 Vl
2468 2119 2518 2172 776

532 2211 557 2264 iu
569 2211 668 2264 iudicio
680 2225 732 2264 non
744 2209 880 2264 declinata
896 2209 1109 2272 regulaiustitiae
1120 2223 1170 2272 per
1207 2191 1844 2272 ladersuscipiendusperdesideriamintimum
1883 2225 1908 2262 v.
1928 2211 1971 2264 73.
1989 2211 2041 2262 387
2061 2209 2095 2262 55
2114 2209 2244 2274 —Quod
2264 2215 2301 2260 est
2321 2223 2334 2260 7
2352 2209 2519 2262 Deoiustum

531 2299 687 2352 discordiam
713 2311 728 2350 7
745 2301 878 2352 voluntate
903 2299 984 2350 Patris
1008 2299 1059 2350 372
1082 2295 1114 2350 57
1135 2329 1169 2338 -
1207 2293 1269 2350 ibid.
1287 2325 1321 2334 —
1342 2297 1419 2348 lodex
1445 2295 1635 2360 exspectandus
1658 2301 1698 2348 est
1720 2293 1844 2362 fidenter,
1883 2305 1920 2350 cst
1933 2299 2033 2364 68q.l
2054 2325 2089 2334 --
2107 2299 2129 2350 rt
2150 2299 2203 2350 Deo
2220 2295 2283 2348 nihil
2301 2303 2341 2348 est
2357 2297 2406 2350 nisi
2419 2297 2519 2350 iustum

532 2389 602 2440 Dens
623 2387 724 2440 iudicat
749 2389 805 2440 sine
824 2387 969 2440 intellectus
995 2389 1037 2440 vel
1061 2389 1170 2440 abactas
1208 2387 1353 2450 gaudenter
1370 2389 1398 2438 et
1410 2383 1547 2450 vigilanter
1564 2381 1615 2436 325
1636 2383 1764 2436 55-777
1779 2395 1846 2436 sem·
1883 2389 1915 2440 87
1934 2387 1991 2454 (7.7

532 2475 729 2542 perturbatione
748 2477 798 2530 788
818 2491 846 2530 7.
866 2477 898 2528 78
1208 2487 1254 2540 per
1281 2473 1363 2528 simus
1392 2473 1488 2540 parati,
1517 2473 1599 2526 7777777
1627 2473 1769 2536 Dominus,
1796 2485 1845 2526 nos
1934 2503 1970 2516 -
1988 2473 2143 2528 dividuntur
2160 2473 2188 2524 iu
2207 2473 2306 2525 activos
2323 2477 2346 2524 el
2365 2473 2520 2536 contempla·

587 2593 620 2602 -
638 2565 736 2630 impios
753 2567 824 2618 Deus
844 2563 962 2618 irridebit
980 2565 1006 2616 in
1026 2563 1121 2618 iudicio
1134 2567 1168 2620 77
1208 2563 1329 2630 ignorare
1348 2565 1439 2616 horam
1460 2563 1548 2616 iudicii
1567 2559 1617 2614 377
1639 2563 1671 2614 59
1690 2561 1845 2614 -hdren-
1883 2563 1951 2618 tlvos
1968 2563 2002 2618 77
2021 2565 2053 2616 32
2075 2577 2101 2614 7.
2121 2565 2137 2614 8
2156 2591 2192 2602 —·
2210 2567 2248 2614 est
2267 2563 2311 2614 aut
2326 2563 2520 2630 portentosam
2573 2599 2574 2602 ,

536 2655 585 2708 736
605 2671 630 2706 r.
645 2655 788 2722 l8-Qui
806 2655 890 2708 credit
909 2655 933 2706 in
949 2655 1033 2708 Deum
1052 2669 1106 2706 non
1122 2669 1170 2708 ve·
1208 2659 1249 2706 tus
1274 2653 1366 2708 Christi
1388 2653 1456 2704 male
1473 2651 1590 2704 creditur
1613 2651 1775 2704 dillerendus
1792 2651 1844 2704 328
1884 2653 2050 2720 imperfectus
2076 2649 2108 2704 57
2134 2667 2159 2718 q.
2181 2653 2191 2704 7
2214 2651 2438 2704 -conturbatur
2460 2665 2520 2704 con·

533 2743 567 2796 nit
589 2745 614 2796 iu
638 2743 764 2798 iudicium
792 2745 882 2798 anoctis
902 2749 927 2798 et
945 2743 1170 2800 condemnationis
1209 2743 1241 2796 65
1262 2771 1295 2782 -
1314 2741 1364 2810 Qui
1383 2743 1440 2796 vult
1465 2743 1578 2794 evadere
1596 2741 1686 2794 iudicii
1712 2739 1797 2804 diem,
1818 2745 1846 2794 ut
1884 2743 2031 2796 turbatione
2057 2739 2247 2806 compassionis
2266 2737 2328 2794 ibid.
2346 2767 2382 2778 —-
2400 2739 2426 2792 ln
2455 2755 2520 2806 qaro-

533 2833 580 2884 317
605 2833 636 2884 78
1208 2845 1259 2884 non
1289 2837 1393 2896 pereat,
1422 2831 1594 2896 despiciendo
1627 2831 1760 2884 mundana
1789 2845 1846 2896 per·
1884 2831 1948 2886 libet
1965 2831 2032 2884 iusto
2050 2831 2181 2896 reperitur
2199 2827 2333 2894 plenitudo
2348 2829 2520 2882 sufficientiae

586 2923 887 2988 -nonnocethisqui
907 2927 967 2974 saint
983 2923 1170 2986 inarca,quia
1208 2921 1419 2974 severantissime
1446 2921 1587 2974 tendatad
1613 2927 1718 2972 aelerna
1741 2917 1846 2972 77757
1886 2921 1935 2974 538
1956 2923 1970 2974 7
1988 2949 2025 2958 -
2042 2925 2082 2972 est
2099 2921 2231 2984 perlectus
2260 2917 2387 2982 ingratia
2414 2917 2520 2970 modico

534 3009 924 3074 eoslnvenitparalasvuttl
950 2997 1171 3076 iS-Quiloris
1209 3037 1242 3046 -
1261 3009 1299 3062 hd
1319 3011 1436 3062 laturum
1463 3009 1589 3062 iudicium
1608 3009 1778 3062 evadendum
1805 3023 1847 3062 ne·
1885 3007 2070 3074 temporei35
2088 3023 2113 3060 7.
2137 3005 2361 3070 la-plnshoni
2382 3007 2520 3060 7777777777-

534 3101 594 3148 sont
612 3109 661 3160 per
678 3099 776 3148 malam
794 3097 875 3148 vitain
896 3097 1022 3150 iudicabit
1043 3097 1170 3152 Dominus
1210 3097 1338 3150 cessarlus
1350 3103 1389 3150 est
1408 3097 1499 3172 mundi
1514 3103 1678 3162 contemptus
1699 3103 1723 3150 et
1740 3097 1847 3150 divinus
1886 3113 1951 3164 poce
1971 3097 2077 3152 modico
2089 3109 2169 3164 quam
2183 3097 2293 3148 iniustus
2307 3101 2424 3162 tempore
2440 3097 2520 3150 multo

533 3183 566 3236 77
587 3185 637 3236 777
665 3185 696 3236 77
717 3211 750 3224 -
770 3187 795 3236 u
815 3185 912 3238 777777
936 3173 1025 3238 raiano
1043 3187 1170 3240 7777777
1209 3187 1286 3238 aanor
1304 3185 1356 3238 aar
1376 3187 1410 3238 aa
1887 3187 1935 3240 777
1955 3203 1981 3240 v.
2005 3187 2035 3238 la

534 3271 698 3326 sententiabit
717 3287 763 3340 per
783 3275 867 3338 legem
888 3273 1035 3326 iudicialem
1055 3273 1169 3328 777708
1261 3275 1346 3328 lanian
1364 3305 1401 3312 —-
1418 3275 1466 3328 luit
1485 3271 1623 3328 benedicta
1644 3275 1686 3328 777
1707 3275 1737 3326 29
1759 3275 1792 3328 73
1811 3303 1847 3316 ...
1937 3277 2030 3328 -Per
2042 3275 2166 3328 iustitiam
2181 3275 2241 3329 lidei
2257 3277 2340 3328 iustus
2358 3277 2473 3328 salvatur
2487 3277 2520 3328 77

435 3365 439 3376 ’
497 3399 498 3402 ,
536 3361 565 3412 76
588 3389 621 3400 ·-
639 3361 687 3412 Per
713 3359 930 3427 approbationem
958 3361 1118 3426 Angelorum
1146 3371 1170 3416 et
1208 3375 1303 3414 ornans
1324 3377 1352 3414 se
1370 3377 1422 3414 non
1442 3361 1719 3428 estreprehenslbilis,
1738 3363 1847 3430 [7777777-
1885 3367 1935 3418 758
1952 3363 2519 3430 76-77777777777777777777777777777777778

534 3451 687 3504 Sanctorum
708 3451 840 3504 7777777777
851 3451 998 3516 praemium
1018 3463 1170 3514 correspon·
1208 3447 1292 3502 ciebat
1310 3463 1359 3514 pro
1373 3447 1445 3502 bono
1465 3451 1496 3502 Vl
1517 3451 1550 3502 77
1570 3465 1596 3502 r.
1614 3449 1632 3502 7
1651 3481 1685 3488 -
1705 3457 1847 3504 comesset
1884 3469 1910 3506 7.
1922 3455 1955 3506 75
1968 3483 2002 3492 -
2013 3453 2147 3506 confidunt
2158 3453 2186 3504 ln
2197 3453 2318 3506 Deumin
2327 3455 2456 3518 praesenti
2469 3455 2520 3506 728

534 3539 681 3592 deusdona
698 3539 819 3592 inutiliter
838 3537 924 3592 habito
947 3535 1008 3592 ibid.
1025 3537 1074 3590 785
1089 3539 1170 3592 37-
1209 3537 1324 3600 infirma,
1342 3537 1464 3592 liberavit
1484 3539 1630 3590 bethuliam
1650 3537 1682 3590 ab
1709 3539 1846 3592 llololerne
1884 3543 2066 3592 777-’7777
2081 3543 2208 3594 iustorum
2222 3541 2367 3594 sollicitudo
2378 3549 2402 3596 et
2414 3543 2520 3596 intentio

428 3625 429 3630 ’
535 3629 558 3680 77
579 3627 675 3680 iudicio
695 3627 755 3680 mali
773 3625 1019 3680 condemnabuntur
1037 3641 1170 3694 compara·
1209 3625 1335 3692 sapientia
1353 3641 1401 3678 sua
1420 3625 1455 3678 78
1473 3641 1499 3678 v.
1523 3627 1553 3678 75
1883 3643 1930 3694 per
1944 3631 2022 3682 iidem
2036 3635 2076 3682 est
2087 3629 2160 3692 apud
2180 3631 2264 3682 Deam
2278 3629 2329 3682 772
2342 3645 2370 3682 7.
2390 3631 2421 3682 76
2435 3661 2469 3670 -
2482 3645 2522 3684 so·

535 3717 602 3770 tione
620 3717 759 3770 meliorum
786 3717 836 3768 738
863 3717 950 3768 66-
971 3719 996 3770 ln
1017 3715 1113 3770 iudicio
1132 3733 1170 3770 re·
1261 3715 1338 3768 777077
1355 3743 1391 3754 -
1410 3715 1554 3768 dilectionis
1568 3715 1674 3768 adiurat
1694 3715 1727 3768 ad
1740 3721 1846 3782 portan·
1882 3721 1935 3772 lum
1955 3719 1987 3770 de
2001 3719 2067 3782 Deo,
2087 3719 2129 3770 vel
2146 3717 2180 3770 de
2195 3719 2223 3768 iis
2243 3731 2311 3784 quae
2324 3717 2357 3770 ad
2377 3721 2462 3784 ipsum
2477 3721 2520 3772 ha·

533 3805 609 3870 probi
627 3811 705 3860 erant
724 3805 824 3868 iniusti,
843 3805 974 3858 77777777777
986 3811 1012 3858 77
1031 3805 1081 3858 7777
1093 3807 1169 3860 Belial
1209 3805 1274 3856 dum
1291 3817 1358 3856 ontis
1376 3805 1420 3856 Vll
1442 3805 1491 3856 335
1513 3805 1545 3856 37
1742 3829 1743 3832 “
1883 3805 2520 3874 bendumconterunt,cogitantibid.-quilibet

534 3895 585 3946 352
605 3895 637 3946 58
653 3924 686 3934 -
699 3895 727 3946 ln
739 3895 837 3947 iudicio
855 3895 925 3946 finali
937 3901 1089 3960 peccatores
1101 3909 1170 3948 com·
1262 3895 1372 3946 lulianus
1391 3921 1424 3934 -
1444 3895 1591 3946 haereticas
1612 3895 1718 3960 nuptias
1739 3895 1845 3948 damna·
1883 3895 2017 3948 scientiam
2035 3895 2082 3948 Dei
2094 3895 2175 3948 habet
2195 3897 2218 3948 in
2238 3895 2369 3950 intellectu
2384 3897 2433 3948 722
2447 3911 2472 3948 r.
2487 3899 2519 3950 73

436 3983 437 3988 ’
533 3983 682 4036 minuentur
701 3985 735 4036 38
755 3983 784 4036 77
807 4011 844 4024 --
861 3985 933 4036 777777
953 3985 981 4036 iil
998 3985 1170 4048 sempiterna·
1209 3981 1245 4034 rit
1264 3983 1295 4034 77
1316 3985 1366 4036 272
1387 3985 1419 4036 75
1884 3983 2035 4052 -qnilibel
2048 3985 2117 4036 67777
2131 3985 2175 4036 Dei
2192 3989 2229 4036 est
2249 3997 2295 4050 per
2315 3985 2423 4048 gratiam
2442 3985 2467 4036 in
2486 3987 2520 4038 al·

533 4073 562 4126 lis
588 4071 721 4126 damnatio
747 4073 783 4124 93
810 4071 845 4126 77
869 4075 950 4126 -ln
978 4073 1076 4126 indicio
1100 4082 1169 4128 recte
1206 4071 1209 4078 ’
1265 4071 1580 4126 lurion—'debelcedcre
1590 4073 1680 4124 maiori
1692 4073 1735 4124 777
1748 4071 1799 4124 593
1812 4073 1844 4124 73
1883 4075 1950 4126 lectu
1967 4071 2030 4126 ibid.
2045 4103 2082 4112 --
2099 4075 2250 4128 sustentare
2261 4075 2358 4128 iustum
2378 4075 2404 4128 in
2423 4075 2520 4128 iustitia

533 4161 689 4216 darnuantur
709 4161 784 4232 impii
801 4161 853 4214 660
870 4159 905 4214 52
1148 4165 1149 4168 ’
1262 4163 1318 4214 luno
1338 4191 1371 4202 -
1391 4165 1492 4216 Partem
1512 4159 1661 4216 interiorem
1679 4161 1749 4214 aeris
1768 4161 1845 4216 idolo·
1883 4159 1980 4216 bonurn
2001 4167 2039 4216 est
2058 4165 2091 4216 60
2110 4177 2137 4216 v.
2156 4165 2189 4214 73

585 4251 724 4318 -Quem
751 4251 822 4302 Deus
846 4249 957 4316 despicit
978 4251 1170 4316 reprobationis
1208 4251 1288 4302 latrae
1306 4249 1436 4304 siccabant
1455 4253 1579 4304 lunonem
1598 4253 1632 4304 Vl
1652 4251 1703 4302 732
1721 4253 1782 4304 7.7
1934 4283 1969 4292 -
1988 4257 2148 4306 concurrunt
2174 4251 2208 4306 ad
2235 4251 2366 4306 Christum
2394 4257 2519 4318 unquam

429 4363 431 4370 ⁴
494 4411 496 4418 J
533 4339 628 4392 iudicio
650 4351 726 4390 nemo
744 4339 848 4392 reducit
859 4339 894 4392 77
914 4339 947 4390 58
961 4357 987 4392 r.
1008 4339 1170 4394 li-Clari·
1262 4341 1358 4392 77777777
1377 4369 1412 4378 -
1430 4339 1583 4394 idololatrae
1600 4345 1701 4402 partem
1720 4339 1845 4392 aerissa·
1883 4341 1913 4396 ad
1928 4341 2095 4408 magistrum,
2110 4345 2139 4394 ut
2151 4341 2295 4394 doceantur
2308 4341 2460 4406 sapientiam
2475 4339 2519 4392 Vll

533 4433 588 4482 stus
597 4429 735 4494 contpellet
743 4429 828 4480 malos
836 4429 993 4482 descendere
1003 4429 1030 4482 in
1039 4429 1167 4482 infernum
1208 4429 1338 4494 puriorem
1352 4429 1530 4492 intelligebant
1547 4443 1596 4494 per
1607 4429 1698 4480 7777777
1712 4427 1845 4480 lulmiuan·
1883 4429 1934 4484 777
1946 4433 1976 4484 78
1987 4460 2023 4468 -
2032 4431 2156 4494 hiartyres
2168 4431 2290 4494 dicuntur
2304 4431 2448 4496 specialiter
2459 4429 2520 4484 iusti

533 4531 579 4582 per
593 4519 669 4570 777777
686 4517 813 4570 iudicium
828 4519 870 4570 777
890 4517 941 4568 352
962 4519 994 4570 58
1014 4545 1048 4558 -
1068 4519 1092 4568 77
1106 4519 1170 4570 indi·
1208 4523 1261 4570 tem
1282 4519 1314 4570 77
1335 4518 1385 4570 797
1403 4531 1429 4570 v.
1451 4521 1466 4570 7
1883 4521 1914 4574 77
1926 4521 1936 4570 l
1945 4519 1976 4572 75
1988 4535 2014 4572 7.
2025 4520 2034 4571 7
2046 4517 2194 4572 ——Christo
2203 4519 2256 4572 dati
2265 4523 2365 4572 tantum
2376 4519 2519 4572 sectandum

533 4605 572 4660 cio
587 4607 657 4658 hnali
673 4605 713 4658 ira
725 4605 771 4656 Dei
789 4605 877 4670 impiis
890 4605 1058 4668 superveniat
1071 4603 1120 4658 773
1136 4607 1168 4658 57
1261 4591 1424 4660 7077777777
1447 4631 1482 4644 -
1506 4609 1591 4658 iurare
1613 4610 1653 4658 est
1679 4605 1794 4672 aliquem
1820 4605 1844 4656 in
1883 4613 2045 4674 praesentem
2067 4609 2189 4662 iustitiam
2207 4609 2355 4672 perduntur
2375 4607 2425 4660 379
2445 4607 2478 4660 67

533 4723 566 4732 -
587 4695 662 4760 impii
680 4693 822 4758 punientur
842 4695 903 4758 igne
920 4699 946 4746 et
965 4695 1089 4760 sulphure
1106 4691 1169 4746 ibid.
1208 4699 1298 4748 testem
1325 4699 1350 4746 et
1372 4693 1455 4746 robur
1472 4693 1603 4746 adducere
1625 4695 1657 4746 Vl
1676 4693 1711 4746 66
1729 4693 1786 4760 (7.7
1811 4679 1856 4732 -’
1935 4723 1970 4734 -
1988 4697 2059 4748 Deus
2080 4709 2133 4746 uon
2158 4695 2275 4748 similiter
2304 4695 2363 4746 lacit
2390 4693 2463 4748 iustis
2493 4699 2520 4748 ut

532 4783 699 4848 —Superbi
721 4781 1170 4846 elimpiitenebrosoturbinein·
1208 4789 1246 4834 est
1265 4783 1404 4848 promissio
1428 4795 1488 4834 cam
1509 4781 1669 4836 attestatione
1694 4781 1731 4834 rei
1757 4795 1845 4834 sacrae
1883 4783 1983 4836 iniustis
2003 4781 2034 4832 Vl
2066 4783 2116 4834 780
2144 4797 2170 4834 7.
2191 4783 2222 4834 75
2242 4811 2276 4822 -·
2295 4783 2378 4836 Nemo
2396 4789 2436 4836 est
2453 4783 2519 4834 adeo

533 4873 683 4938 volventur,
709 4871 870 4924 revideant
897 4871 999 4924 Domini
1029 4873 1168 4924 claritatem
1210 4873 1259 4924 789
1279 4885 1304 4924 r.
1325 4873 1352 4924 27
1377 4877 1412 4912 -4
1431 4875 1470 4924 est
1495 4869 1601 4924 assertio
1626 4885 1692 4936 pura
1712 4873 1737 4922 et
1756 4869 1845 4936 firma,
1883 4873 1978 4934 instare,
2005 4871 2050 4938 qai
2069 4871 2151 4936 possit
2168 4885 2197 4924 se
2213 4871 2353 4924 iustificare
2373 4871 2397 4922 in
2423 4869 2520 4924 iudicio

533 4963 584 5018 780
604 4967 637 5018 72
1208 4975 1260 5028 qua
1278 4961 1347 5014 nulla
1371 4961 1472 5012 tirmior
1490 4973 1548 5012 esse
1574 4963 1658 5024 potest
1682 4959 1716 5010 66
1734 4973 1764 5026 q.
1784 4959 1845 5008 l-
1883 4975 1944 5014 cum
1961 4959 2017 5012 Deo
2035 4959 2070 5012 53
2088 4973 2117 5012 v.
2137 4959 2169 5010 70
2190 4987 2221 4996 -·
2241 4959 2317 5026 qlrasi
2329 4959 2428 5026 impius
2447 4969 2520 5022 repu-

587 5083 619 5094 --
639 5055 754 5106 lutrarum
775 5059 813 5106 est
832 5053 959 5108 incertum
983 5053 1017 5106 77
1037 5053 1070 5104 36
1090 5067 1116 5106 7.
1136 5055 1168 5106 22
1208 5059 1246 5104 est
1266 5051 1299 5104 ad
1324 5049 1468 5104 taciendam
1498 5053 1596 5102 certam
1615 5049 1697 5102 iidem
1723 5045 1785 5102 ibid.
1813 5077 1845 5086 —
1883 5055 1951 5104 tatur
1968 5047 2003 5102 58
2022 5061 2049 5100 7.
2067 5049 2097 5100 76

532 5173 567 5184 -
587 5143 647 5196 Dies
664 5143 752 5196 iudicii
773 5143 897 5206 omnibus
917 5149 957 5196 est
980 5143 1095 5196 incertus
1118 5143 1169 5196 737
1209 5143 1339 5204 lucernae,
1360 5139 1469 5206 qraando
1493 5143 1592 5192 certam
1613 5139 1699 5192 iacere
1722 5139 1845 5214 volumus
1935 5165 1971 5176 -
2001 5137 2084 5190 Valde
2110 5151 2236 5200 magnum
2263 5141 2315 5200 est,
2336 5137 2408 5202 quad
2438 5137 2520 5188 iustus

532 5235 580 5284 ul
597 5261 632 5274 ·-
646 5233 735 5284 ludicii
753 5239 857 5296 tempus
869 5245 921 5286 non
938 5231 1170 5298 comprehenditur
1208 5229 1286 5282 tidem
1299 5227 1413 5282 audienti
1433 5225 1496 5282 ibid.
1509 5257 1540 5266 -
1554 5227 1614 5280 linis
1633 5233 1670 5280 est
1686 5227 1771 5280 oannis
1783 5239 1845 5278 con·
1882 5227 1949 5282 vivit
1973 5227 2128 5292 impollutas
2153 5227 2220 5280 inter
2240 5231 2390 5294 peccatores
2409 5225 2442 5276 77
2467 5221 2518 5276 737

532 5325 654 5372 amente
680 5321 794 5372 humana
822 5321 867 5374 777
898 5319 948 5372 737
974 5317 1062 5372 37-
1081 5319 1169 5374 ludicii
1209 5319 1350 5370 troversiae
1370 5315 1432 5370 ibid.
1883 5331 1908 5368 7.
1932 5317 1964 5370 70
1992 5343 2027 5356 -
2054 5317 2121 5368 inter
2146 5319 2297 5380 peccatores
2325 5321 2365 5368 est
2390 5313 2465 5380 quasi
2494 5313 2520 5364 li·

532 5413 636 5472 tempus
655 5407 724 5460 Deus
746 5407 774 5460 in
800 5423 849 5462 sno
872 5413 972 5462 secreto
997 5409 1107 5462 occultat
1136 5407 1168 5464 ib.
1260 5433 1297 5445 -
1315 5407 1341 5456 in
1354 5405 1409 5456 Deo
1421 5417 1476 5456 non
1495 5403 1569 5456 addit
1581 5417 1660 5468 super
1673 5403 1844 5456 assertionem
1881 5405 1946 5458 llum
1969 5403 2034 5459 inter
2054 5405 2158 5470 spinas,
2183 5417 2235 5456 non
2255 5403 2374 5456 amittens
2390 5417 2454 5454 suae
2472 5415 2519 5464 pu·

533 5497 564 5548 36
586 5521 618 5534 -·
638 5497 777 5548 convenil
794 5495 1053 5552 cnmobservatione
1072 5497 1121 5548 738
1137 5495 1169 5550 37
1208 5493 1352 5560 simplicem
1373 5493 1520 5546 7777777777
1531 5507 1602 5554 rem,
1621 5491 1695 5546 addit
1708 5497 1794 5544 lamen
1808 5505 1845 5546 se·
1882 5495 1962 5548 ritalis
1979 5493 2122 5546 candorem
2144 5507 2195 5546 nec
2217 5505 2281 5546 suae
2306 5495 2390 5544 lamae
2408 5491 2518 5544 odorem

532 5581 625 5638 -sub
636 5583 790 5636 certitudine
801 5585 1005 5648 exspectandum
1019 5589 1056 5636 est
1071 5581 1121 5634 537
1136 5587 1167 5638 52
1208 5583 1323 5634 candum
1338 5587 1454 5634 nostram
1466 5581 1681 5646 appretiationem
1696 5581 1726 5634 77
1741 5581 1774 5632 66
1787 5581 1839 5648 (7.7
1883 5581 1945 5638 ibid.
1964 5611 2001 5622 -
2021 5581 2095 5650 impii
2123 5583 2198 5650 quasi
2218 5581 2395 5634 tortitudinem
2415 5593 2463 5646 pro
2483 5579 2519 5632 iu·

532 5701 566 5710 -
586 5673 717 5734 Tempore
735 5669 826 5722 iudicii
850 5669 969 5722 transibit
993 5671 1108 5722 mortalis
1128 5685 1169 5736 ge·
1208 5671 1302 5722 -Per
1321 5671 1500 5722 iuramentum
1518 5671 1564 5722 Dei
1582 5669 1682 5722 tirmior
1707 5669 1734 5722 67
1754 5671 1779 5722 in
1797 5683 1845 5722 no·
1883 5671 1950 5726 stitia
1976 5671 2075 5724 habeut
2103 5671 2148 5722 727
2183 5687 2208 5722 v.
2237 5671 2269 5722 lll
2294 5699 2328 5710 -
2346 5669 2421 5734 impii
2446 5669 2518 5736 qtaod

533 5761 630 5812 necatio
649 5771 697 5824 per
716 5759 933 5810 resurrectionem
953 5755 1015 5810 ibid.
1208 5755 1248 5808 bis
1268 5757 1333 5808 fides
1350 5755 1413 5808 ibid.
1432 5785 1467 5794 -
1486 5757 1556 5808 Deus
1575 5757 1654 5824 iurat,
1674 5761 1704 5810 ut
1725 5763 1842 5810 nostram
1882 5773 1935 5812 non
1956 5767 2068 5824 possunt
2088 5761 2174 5812 lacere
2198 5773 2247 5824 per
2273 5759 2396 5812 iustitiam
2429 5757 2519 5812 volunt

584 5847 751 5900 -Stultum
776 5851 816 5898 est
834 5845 964 5898 sollicitari
992 5845 1026 5898 de
1053 5845 1168 5898 adventu
1209 5845 1287 5896 fidem
1316 5845 1408 5898 reddat
1431 5849 1542 5908 certam,
1572 5851 1674 5898 nostrae
1703 5845 1843 5898 iulirmitati
1883 5851 1967 5900 lacere
1992 5863 2037 5912 per
2066 5847 2214 5902 uiolentiam
2245 5845 2278 5902 777.
2308 5863 2334 5900 r.
2365 5847 2390 5900 ll
2424 5875 2458 5886 ·-
2487 5847 2519 5900 de

531 5937 584 5992 diei
602 5937 681 5998 illiue,
701 5935 857 6002 inquirendo
881 5939 980 5986 certum
1006 5941 1169 5986 momontum
1208 5931 1420 5984 condescendens
1448 5929 1512 5984 ibid.
1533 5959 1571 5968 -—
1592 5933 1642 5984 Per
1668 5933 1843 5984 iuramentum
1883 5935 1938 5988 suis
1955 5935 2054 5988 meritis
2076 5949 2248 5998 praesumens
2272 5935 2394 5989 iustitiam
2408 5949 2460 5988 non
2480 5947 2520 5986 ac·

532 6025 658 6092 temporis
682 6025 724 6076 777
755 6023 804 6076 733
835 6023 866 6074 72
887 6049 921 6062 -
941 6023 1001 6074 Dies
1019 6021 1106 6074 indicii
1127 6037 1169 6074 ve·
1208 6019 1254 6070 Dei
1273 6019 1416 6070 ostenditur
1445 6019 1491 6070 Dei
1516 6019 1548 6070 ad
1568 6031 1617 6070 nos
1644 6019 1710 6070 mira
1727 6019 1844 6084 dignatio
1883 6027 1968 6088 ceptat
1996 6023 2037 6076 777
2068 6021 2119 6074 700
2147 6021 2181 6074 77
2208 6049 2244 6062 -
2273 6023 2309 6076 de
2337 6025 2391 6076 suis
2420 6021 2518 6074 meritis

531 6115 585 6168 niet
600 6115 686 6166 subito
701 6125 780 6176 super
798 6111 963 6164 carnalesad
981 6111 1169 6174 ipsorunrper·
1208 6105 1270 6160 ibid.
1286 6135 1324 6142 -
1343 6107 1411 6160 Deus
1430 6093 1476 6170 per
1501 6107 1671 6172 semetipsum
1696 6107 1764 6160 iurat
1781 6105 1845 6160 ibid.
1883 6125 2054 6176 praesumens
2081 6109 2233 6174 indignatur
2260 6117 2348 6162 contra
2377 6109 2519 6162 misericor·

532 6201 659 6254 dltionem
677 6201 853 6254 unirersalem
873 6199 918 6252 777
947 6201 977 6252 78
997 6199 1110 6252 -Dias
1135 6201 1170 6254 iu·
1261 6223 1296 6234 -
1315 6195 1436 6248 Deierare
1449 6199 1487 6246 est
1505 6207 1569 6248 rere
1581 6195 1666 6248 iurare
1687 6195 1717 6248 77
1736 6193 1771 6248 72
1788 6199 1844 6250 72
1883 6199 1953 6250 diam
1973 6199 2019 6250 Dei
2037 6195 2099 6250 ibid.
2120 6225 2153 6236 --
2173 6199 2343 6250 praesumens
2368 6199 2401 6250 de
2425 6197 2518 6250 iustitia
2579 6189 2581 6194 ’

532 6289 594 6340 dicii
611 6289 670 6340 licet
689 6289 723 6340 sit
734 6289 818 6352 iuxta,
838 6296 925 6341 tamen
945 6289 1086 6340 mundanis
1097 6289 1169 6342 venit
1207 6285 1339 6338 —lurare
1357 6299 1407 6338 non
1427 6283 1682 6350 conreuttperlectis
1701 6283 1797 6352 66777
1820 6283 1845 6336 7*
1883 6291 1907 6340 77
1934 6285 2075 6352 indignans
2101 6299 2150 6352 pro
2170 6285 2350 6338 misericordia
2378 6285 2449 6338 tratri
2474 6283 2519 6338 lm·

533 6391 562 6430 77
581 6377 727 6440 improviso
756 6377 805 6428 323
827 6377 858 6428 66
878 6405 913 6416 -
932 6377 1022 6430 ludicii
1049 6377 1105 6430 dies
1124 6391 1170 6432 re·
1207 6375 1351 6428 -Passim
1368 6375 1458 6428 iurans
1475 6373 1766 6438 caderepotestinDei
1784 6387 1845 6426 con·
1883 6391 1962 6442 pensa
1987 6391 2037 6430 nun
2064 6375 2179 6428 ambalat
2203 6375 2349 6430 secundum
2378 6373 2518 6438 iustitium,

532 6463 762 6528 uietrepentehis
779 6465 932 6530 quiscnon
947 6475 1169 6530 praeparaverunt
1207 6469 1337 6530 templum
1358 6463 1421 6518 ibid.
1443 6463 1625 6514 -Dominus
1648 6475 1701 6514 non
1724 6463 1846 6526 prohibet
1883 6465 1929 6518 sed
1949 6463 2093 6518 secundum
2115 6463 2265 6518 iniustitiam
2285 6461 2346 6518 ibid.
2366 6493 2400 6502 -
2420 6463 2467 6530 Qui
2490 6477 2518 6516 se

532 6555 621 6604 eontra
632 6553 719 6616 ipsum
732 6553 783 6604 538
797 6551 975 6604 56-77777777
988 6553 1068 6606 timor
1080 6555 1169 6608 sollici·
1206 6555 1382 6606 iuramentum
1396 6535 1647 6620 tanquarnmaluna,
1666 6551 1713 6604 sed
1731 6553 1845 6616 pronita·
1883 6553 2004 6608 iustificat
2021 6565 2112 6606 coram
2133 6553 2285 6606 hominibus
2304 6559 2328 6604 et
2349 6565 2400 6606 non
2429 6565 2517 6604 coram

532 6645 568 6692 lat
578 6645 691 6692 mentem
703 6639 734 6692 ad
746 6641 957 6704 procurationem
967 6639 1077 6694 remedii
1090 6639 1168 6694 7055
1208 6647 1260 6694 tem
1278 6641 1314 6694 ad
1332 6641 1472 6694 iurandum
1493 6641 1590 6706 passim
1610 6639 1674 6696 illd.
1883 6645 1937 6696 Deo
1954 6657 2008 6696 uon
2024 6649 2065 6696 est
2081 6643 2163 6698 iustus
2183 6643 2233 6694 772
2254 6643 2287 6694 27
2300 6669 2334 6681 ·-
2346 6655 2394 6706 per
2409 6647 2519 6694 ostenta·
2582 6681 2583 6684 ,

585 6757 619 6766 —
644 6725 782 6780 liemorari
805 6727 885 6782 debet
907 6733 987 6782 honlo
1011 6729 1114 6792 iudicii,
1141 6737 1167 6784 ut
1261 6733 1351 6784 lus-
1370 6729 1560 6786 Nullusdebet
1582 6731 1659 6786 alicui
1684 6733 1784 6784 77777777
1803 6731 1844 6784 ius
1883 6733 1977 6786 tionem
1997 6739 2022 6786 et
2049 6747 2100 6786 non
2127 6745 2214 6784 coram
2241 6733 2295 6784 Deo
2321 6733 2389 6796 parit
2411 6733 2516 6796 culpam

531 6815 620 6868 timeat
641 6817 715 6868 7737
738 6829 768 6868 7.
787 6817 814 6868 8.
836 6817 867 6868 93
889 6831 913 6868 v.
935 6817 1166 6872 i—ilecordatio
1206 6833 1282 6872 suum
1304 6819 1337 6874 77
1355 6821 1390 6872 87
1408 6835 1436 6886 q.
1457 6821 1464 6870 l
1504 6883 1505 6886 Ἴ
1886 6817 2088 6876 ibid-Deus
2108 6823 2166 6886 plns
2186 6823 2276 6886 pensat
2295 6819 2515 6874 unamhumilem
