5900 8266
761 657 824 712 Al>0
1148 569 1185 636 IN
1208 567 1499 636 COMMENTARIUS
1524 569 1552 634 S.
1577 567 1802 638 SCRIPTURAE
1985 623 1986 626 4
2122 661 2184 716 Apo
2406 577 2469 642 669

474 747 562 802 omnia
581 745 632 800 463
652 745 687 800 34
704 777 741 788 -
758 753 878 814 tempore
903 747 1037 802 missionis
1059 745 1115 812 Spi·
1151 761 1203 800 uon
1224 751 1345 814 poterant
1356 747 1477 800 resistere
1493 745 1539 800 Vll
1551 745 1604 800 350
1617 745 1696 800 40-
1709 745 1791 802 Nemo
1880 775 1917 786 --
1934 747 1988 802 duo
2007 751 2112 802 luerunt
2124 749 2211 814 primo
2224 751 2295 804 missi
2309 751 2344 804 ad
2360 763 2470 802 conver·

473 837 539 890 ritus
557 835 638 890 sancti
656 839 744 904 palam
762 845 944 904 coguoverunt
964 835 1113 890 1144444464
1151 837 1272 890 444144444
1291 841 1376 902 444444
1395 835 1544 902 4144144114,
1562 849 1643 904 quem
1666 849 1719 890 uon
1736 835 1791 888 vin·
1827 835 1937 890 tendum
1951 839 2082 892 mundum
2099 841 2124 890 44
2139 839 2251 892 maxime
2263 839 2469 904 populumgen-

473 927 516 988 39,
537 925 1114 994 40-4444444484141444444444444444
1151 931 1210 980 cant
1220 929 1327 990 propter
1339 925 1454 980 veritatis
1464 925 1686 978 annuntiationem
1697 925 1748 976 548
1757 925 1791 976 44
1829 925 1893 976 tium
1913 925 1956 976 Vll
1969 925 2027 994 ,488
2045 923 2080 976 45
2098 953 2135 964 --
2153 925 2207 978 444
2225 927 2331 982 luerunt
2343 925 2415 978 missi
2432 925 2468 976 ad

473 1017 534 1066 runt
552 1017 691 1080 praeterita
709 1019 841 1070 44444444
861 1013 912 1066 459
931 1015 964 1066 40
984 1041 1018 1054 -
1037 1015 1113 1080 plene
1202 1043 1239 1052 -—
1256 1011 1389 1078 Apostolis
1409 1015 1470 1066 data
1487 1017 1605 1078 44444144
1616 1013 1651 1066 44
1663 1009 1791 1066 miracula
1829 1013 2070 1066 commendandum
2092 1025 2187 1066 nexum
2211 1013 2336 1080 caritatis,
2354 1015 2468 1078 relpro·

472 1109 656 1166 cognorerunt
674 1119 721 1170 per
740 1103 867 1168 Spiritum
878 1105 999 1156 sanctum
1017 1103 1113 1156 uerita·
1151 1099 1329 1168 iacienda,ad
1343 1101 1550 1154 confirmandam
1567 1095 1790 1168 praedicationem
1827 1104 1885 1168 pter
1905 1101 2038 1166 duplicem
2048 1099 2168 1152 ordinem
2187 1099 2408 1164 praedicantium,
2425 1113 2468 1152 se-

473 1197 525 1246 tem
546 1193 719 1246 necessariam
738 1191 772 1246 44
791 1191 914 1254 salutern,
932 1197 1056 1258 quaeest
1073 1205 1113 1246 se
1149 1189 1242 1244 diuino
1260 1189 1541 1244 44441444414944417
1559 1191 1585 1254 4,
1604 1191 1669 1242 3-
1681 1189 1791 1256 Aposto·
1827 1189 1946 1244 cundum
1966 1189 2098 1254 duplicem
2110 1188 2238 1252 populum
2258 1189 2466 1242 convertendum

473 1279 589 1336 cundum
611 1281 734 1348 pietatem
757 1277 912 1332 460454*
934 1309 965 1318 -
983 1293 1113 1346 cognoce·
1150 1279 1180 1332 lis
1208 1279 1296 1346 primo
1327 1285 1367 1332 est
1394 1279 1536 1332 auctoritas
1564 1279 1709 1332 commissa
1735 1283 1791 1330 tan·
1827 1277 1888 1334 414144.
1910 1305 1941 1316 -
1961 1277 2015 1330 444
2034 1275 2185 1330 missisunt
2204 1275 2238 1330 ad
2258 1277 2466 1342 praedicandum

472 1375 534 1422 runt
551 1369 688 1422 veritatem
701 1367 851 1432 doctrinae,
869 1367 938 1420 vitae
956 1373 984 1420 el
1000 1369 1113 1422 iustitiae
1149 1381 1231 1436 quam
1248 1369 1424 1432 praecedens,
1446 1367 1544 1420 deinde
1561 1369 1683 1420 honestas
1708 1365 1791 1420 iniuu·
1826 1373 1934 1432 propter
1962 1365 2098 1420 seientiam
2125 1363 2241 1418 veritatis
2266 1371 2290 1418 el
2308 1365 2466 1420 munditiam

472 1455 534 1512 4444.
553 1487 588 1498 -
607 1459 641 1510 Ex
659 1469 771 1510 numero
784 1459 964 1522 superantium
984 1459 1113 1522 444444444-
1150 1463 1188 1510 cta
1215 1461 1342 1522 tanquam
1368 1455 1560 1522 concomitans,
1591 1457 1666 1510 tertio
1693 1453 1791 1508 utilitas
1826 1457 1916 1522 operis
1932 1459 1961 1508 st
1972 1461 2080 1522 propter
2093 1453 2214 1518 geminae
2226 1453 2369 1506 dilectionis
2382 1467 2466 1506 sacra·

472 1551 559 1598 torum
577 1559 678 1610 panum
702 1543 855 1608 intelligitur
876 1545 995 1598 doctrina
1013 1545 1113 1598 duode·
1150 1545 1271 1598 adiuncta
1286 1543 1637 1612 nuquamconseqneusr'h.
1654 1543 1790 1594 l-Ilata
1828 1551 1947 1596 mentum
1966 1549 2022 1596 toto
2039 1541 2105 1594 orbe
2122 1541 2332 1608 praedicandum
2350 1537 2411 1594 r'lrr'd.

472 1633 522 1684 cim
542 1633 727 1700 Apostolorum
746 1633 793 1684 344
818 1633 865 1696 48,
888 1635 933 1684 10.
950 1633 1002 1686 344
1023 1635 1056 1686 43
1075 1661 1113 1674 -
1149 1637 1188 1684 est
1210 1633 1342 1698 Apostolis
1366 1633 1449 1684 virtus
1468 1635 1590 1696 respectu
1613 1631 1790 1696 spiritualium
1879 1633 2036 1684 -excitati
2053 1637 2114 1686 sunt
2132 1645 2148 1684 4
2167 1629 2465 1696 Dominoadpeccato·
2563 1675 2564 1678 ,

468 1721 583 1774 invicem
607 1719 774 1774 rurrferebaut
799 1721 970 1786 evangellum
1001 1721 1046 1774 Vll
1076 1721 1111 1774 59
1148 1719 1270 1774 eliciendi
1283 1721 1588 1786 daemoniaetpotestas
1601 1725 1721 1786 respectu
1734 1733 1790 1774 cor·
1825 1735 1881 1774 rem
1902 1717 2259 1774 4444144444441440030

473 1807 523 1860 409
542 1835 577 1848 -
596 1807 717 1860 Doctrina
731 1809 915 1874 Apostolorum
933 1815 994 1876 post
1011 1811 1113 1864 adven·
1148 1809 1281 1876 poralium
1301 1807 1412 1862 curandi
1423 1807 1542 1864 infirmos
1553 1807 1590 1864 th.
1605 1811 1716 1864 amad
1727 1823 1790 1862 con·
1877 1837 1915 1848 —
1941 1807 2109 1874 baptizabant
2135 1807 2279 1864 ministerio
2302 1813 2329 1862 et
2352 1805 2470 1860 euterius·

470 1903 527 1968 turn
548 1897 660 1962 Spiritus
678 1897 757 1952 sancti
777 1903 832 1950 erat
858 1897 986 1952 mirabilis
1006 1899 1057 1952 405
1076 1897 1110 1950 67
1148 1897 1321 1950 firmationem
1343 1897 1459 1950 veritatis
1478 1897 1644 1964 praedicatae
1663 1897 1790 1950 curabant
1826 1897 1860 1952 114
1878 1897 1930 1950 486
1950 1897 1995 1964 45,
2018 1897 2048 1948 48
2068 1897 2239 1952 -Christus
2259 1897 2333 1950 dedit
2354 1897 2394 1948 eis
2420 1897 2466 1950 do·

522 2017 559 2026 -
576 1993 637 2040 sunt
656 1987 683 2038 in
699 1987 802 2042 Christo
820 1991 851 2040 ut
867 1989 988 2054 palmites
1006 1989 1042 2040 Vl
1059 1987 1112 2038 447
1148 1987 1268 2038 infirmos
1288 1983 1320 2040 th.
1335 1987 1350 2038 3
1364 2013 1400 2024 -
1412 1987 1438 2038 14
1451 1987 1557 2040 nomine
1574 1987 1669 2040 Christi
1682 1987 1790 2038 daemo·
1825 2001 1890 2040 num
1905 1987 2016 2052 Spiritus
2029 1985 2109 2038 sancti
2128 1987 2163 2040 44
2174 1985 2331 2038 remittenda
2343 1991 2464 2052 peccata,

461 2077 541 2128 5-
560 2083 695 2128 manentes
714 2077 740 2128 in
762 2075 865 2128 Christo
888 2075 1033 2140 plurimum
1061 2077 1112 2128 hrr-
1148 2075 1191 2126 nla
1210 2071 1350 2128 eliciebant
1367 2075 1420 2128 403
1437 2073 1483 2128 57.
1495 2077 1543 2128 494
1560 2073 1789 2128 45-4414444114
1825 2077 1962 2130 conferens
1979 2079 2135 2140 potestatem
2149 2075 2262 2128 clarium
2282 2075 2333 2128 513
2353 2075 2402 2140 44,
2420 2077 2463 2144 43,

470 2169 543 2218 ctum
557 2166 695 2218 attulerrmt
712 2163 891 2218 convertendo
911 2163 1032 2216 homines
1052 2177 1113 2216 rer·
1148 2167 1299 2216 attestantes
1322 2163 1448 2216 virtutem
1477 2161 1569 2218 Christi
1597 2169 1789 2228 superaverunt
1827 2163 1909 2218 44·-
1922 2161 2050 2218 Omnibus
2069 2163 2202 2228 Apostolis
2219 2163 2332 2218 dataest
2348 2171 2464 2230 potestas

470 2251 505 2304 bo
524 2257 551 2306 et
567 2255 687 2318 exemplo
705 2253 741 2306 ad
758 2251 891 2306 Christum
912 2251 962 2304 448
983 2253 997 2302 9
1148 2251 1298 2306 resistentes
1315 2251 1418 2316 gratiae
1435 2251 1487 2304 490
1506 2251 1542 2304 50
1553 2281 1591 2290 -
1604 2251 1731 2304 Dominus
1745 2251 1789 2304 de·
1826 2251 1974 2308 dimittendi
1986 2251 2043 2304 sire
2055 2251 2174 2304 solvendi
2187 2251 2239 2304 514
2252 2251 2295 2304 51.
2305 2253 2349 2306 Vll
2363 2253 2414 2304 470
2429 2253 2462 2304 48

523 2369 560 2378 -
576 2341 633 2392 41114
651 2345 711 2394 4444
724 2341 858 2404 invitam,
876 2341 934 2392 aliis
951 2339 980 2392 in
998 2345 1110 2392 mortem
1147 2341 1185 2392 dit
1203 2339 1340 2404 discipulis
1358 2339 1392 2392 de
1406 2353 1433 2394 se
1445 2341 1645 2394 testificantibus
1664 2339 1788 2392 4144444444
1824 2371 1859 2380 -
1871 2341 1989 2394 Christus
2012 2341 2077 2394 dans
2098 2339 2228 2406 Apostolis
2245 2345 2413 2404 potestatem,
2433 2347 2464 2394 ut

470 2429 513 2484 Vll
533 2431 561 2482 61
584 2427 619 2482 77
637 2435 836 2484 -sustentant
854 2431 1001 2482 humanum
1026 2443 1110 2494 genus
1148 2427 1332 2482 miraculorum
1355 2429 1457 2482 114394
1478 2429 1565 2482 57-
1586 2431 1789 2494 pluralecerunt
1826 2429 1920 2484 faciant
1941 2431 2015 2496 quod
2039 2433 2064 2482 el
2092 2429 2148 2494 ipse
2174 2429 2246 2490 fecit,
2275 2431 2463 2482 sacerdotalem

470 2519 567 2572 uirtute
586 2517 728 2570 divinavi
749 2517 801 2570 444
818 2515 837 2570 b
857 2531 894 2584 sq.
1147 2515 1274 2572 miracula
1297 2531 1377 2584 quarn
1403 2517 1521 2572 Christus
1548 2531 1597 2584 per
1619 2531 1663 2582 44,
1685 2523 1713 2572 44
1732 2531 1788 2570 ma·
1824 2519 1943 2572 ordinem
1964 2517 2001 2572 eis
2021 2517 2126 2572 tradidit
2145 2519 2187 2572 1144
2207 2515 2259 2572 547
2279 2515 2311 2570 47
2430 2579 2431 2582 ,

523 2607 706 2660 -Orationes
725 2605 912 2672 Apostolorum
924 2605 1043 2658 exaudiri
1057 2619 1110 2656 me·
1147 2607 1200 2660 iura
1222 2611 1350 2674 quantum
1368 2607 1404 2660 ad
1422 2607 1533 2662 modum
1551 2607 1662 2660 faciendi
1680 2605 1733 2658 440
1752 2609 1783 2658 41
1875 2635 1911 2646 -
1928 2605 2118 2672 spernebantur
2144 2605 2319 2660 anarisaeis
2338 2611 2462 2674 tanquam

470 2701 561 2752 rentur
578 2695 630 2748 464
651 2695 764 2748 44470
785 2695 825 2747 15.
842 2695 886 2746 474
914 2695 959 2760 47,
981 2695 1011 2746 49
1026 2695 1110 2746 -41-
1145 2723 1182 2734 -
1211 2707 1264 2746 nou
1295 2693 1423 2750 faciebant
1453 2695 1580 2748 miracula
1612 2695 1646 2746 ad
1674 2693 1787 2758 gloriam
1823 2695 2258 2764 41444444441444414444441441
2279 2693 2463 2748 observatione

468 2791 564 2840 cuntur
582 2785 642 2836 ruali
663 2783 860 2850 coutparatione
877 2783 984 2836 divinae
1007 2781 1110 2836 4444144-
1147 2797 1236 2848 suam,
1254 2783 1302 2838 444
1320 2781 1418 2836 Christi
1434 2781 1496 2838 t'bt'd.
1556 2821 1558 2826 -
1824 2785 1866 2838 Vll
1887 2785 1937 2836 434
1962 2783 1992 2836 80
2012 2813 2047 2822 -
2066 2797 2118 2836 non
2144 2781 2286 2836 ieiunantes
2309 2797 2364 2836 nou
2389 2789 2463 2836 orant

469 2875 516 2938 tis,
536 2875 577 2926 vel
600 2879 708 2940 propter
734 2879 840 2940 peccata
866 2871 978 2926 venialia
995 2871 1038 2924 Vll
1057 2871 1110 2924 487
1199 2903 1236 2910 --
1253 2879 1444 2938 acceperunta
1465 2871 1566 2926 Christo
1586 2871 1729 2926 claritatem
1742 2887 1788 2938 po·
1823 2873 1964 2938 spernendi
1982 2869 2043 2926 4044.
2056 2887 2157 2926 -uon
2174 2877 2346 2938 possuntnec
2364 2871 2462 2928 debent

374 2987 375 2990 ¹
469 2963 503 3016 34
520 2989 558 3002 -
575 2963 702 3028 gerebant
722 2977 862 3028 personam
881 2961 1108 3028 praedicatorum,
1146 2961 1241 3016 tentiae
1259 2961 1287 3014 in
1305 2961 1423 3016 iaciendo
1440 2961 1580 3026 miracula,
1600 2961 1740 3026 sapientiae
1758 2961 1787 3012 in
1823 2963 1937 3016 ieiunare
1962 2961 2088 3016 ieiunium
2111 2961 2238 3016 moeroris
2261 2967 2286 3016 et
2309 2961 2463 3028 alllictioniS,

468 3053 586 3106 virorum
601 3053 776 3116 perfectorum
788 3057 812 3104 et
820 3051 998 3116 praelatorum
1009 3049 1060 3104 443
1074 3051 1109 3106 85
1146 3049 1324 3104 44444444444
1338 3051 1509 3118 4444444444,
1523 3049 1679 3104 etbouitatis
1692 3049 1719 3102 in
1733 3051 1788 3102 uni·
1822 3049 1950 3120 quamdiu
1970 3067 2031 3106 cum
2048 3049 2098 3104 illis
2116 3055 2156 3106 est
2174 3051 2292 3116 Sponsus
2312 3051 2362 3106 433
2377 3053 2406 3104 84
2423 3079 2461 3088 -

521 3139 648 3190 —electi
668 3139 702 3190 ad
721 3137 921 3206 praedicandum
946 3139 991 3190 1144
1016 3139 1066 3196 489
1093 3141 1109 3192 4
1145 3145 1197 3194 4444
1217 3141 1329 3194 caritatis
1343 3143 1375 3196 Vl
1397 3139 1449 3194 474
1467 3141 1515 3204 38,
1533 3139 1564 3194 39
1579 3139 1787 3194 -44444114444444
1822 3139 2083 3196 conveniensesteis
2104 3139 2243 3194 consolatio
2267 3155 2296 3194 44
2315 3139 2463 3206 praesentia

468 3255 504 3266 ·-
524 3225 656 3292 Apostolis
687 3225 838 3290 impositum
869 3231 909 3278 444
937 3227 1053 3280 oflicium
1083 3233 1110 3282 et
1145 3229 1258 3280 filiorum
1271 3229 1444 3296 spiritualium
1458 3229 1638 3294 procreatione
1658 3229 1785 3282 virtutum
1821 3229 1916 3296 sponsi
1939 3229 2007 3282 sicut
2026 3235 2050 3282 et
2078 3229 2202 3284 desolatio
2229 3243 2260 3284 eu
2288 3229 2404 3282 absentia
2426 3229 2463 3286 414.

467 3315 528 3370 data
548 3313 688 3366 auctoritas
705 3313 849 3378 praecipua
868 3313 1037 3378 praedicandi
1057 3315 1108 3368 444
1145 3317 1286 3384 varietate,
1303 3317 1469 3382 praelationis
1481 3317 1653 3382 sublimitate,
1672 3323 1786 3370 contem·
1822 3319 1855 3370 84
1872 3349 1910 3358 -
1930 3319 2038 3386 quando
2057 3317 2160 3372 ablatus
2183 3319 2231 3372 luit
2259 3319 2296 3372 eis
2321 3319 2463 3382 Dominus,

469 3401 617 3458 304473
638 3429 673 3440 -
690 3401 762 3454 missi
776 3405 836 3454 suut
849 3401 882 3452 ad
900 3401 1109 3466 praedicandum
1144 3403 1269 3470 piatione,
1283 3405 1426 3468 sapientiae
1443 3405 1633 3470 profunditate,
1648 3405 1709 3458 4441
1728 3409 1785 3458 lun·
1820 3407 2004 3460 ieiunarerunt
2027 3403 2091 3460 r'frr'd.
2113 3435 2151 3446 —-
2172 3419 2225 3460 non
2249 3413 2323 3460 erant
2346 3407 2463 3460 arclaudi

469 3489 686 3544 inmundumad
704 3501 765 3542 eum
780 3491 989 3542 convertendum
1008 3489 1059 3544 488
1073 3489 1109 3544 45
1145 3493 1263 3556 datione,
1278 3493 1686 3558 praedicationisexercitatione,
1700 3505 1786 3546 erem·
1820 3495 1855 3548 ad
1876 3493 2004 3546 ieiunium
2030 3509 2059 3546 er
2088 3493 2171 3548 tribus
2195 3493 2341 3548 rationibus
2363 3493 2400 3550 lh.
2417 3495 2462 3548 83.

468 3607 503 3620 —-
527 3579 602 3634 electi
627 3583 688 3632 sunt
712 3577 746 3632 ad
770 3577 882 3630 aliorum
905 3579 1108 3632 conversionem
1144 3581 1248 3646 plorum
1268 3583 1416 3644 honestate,
1434 3581 1514 3634 lolius
1528 3581 1657 3634 Ecclesiae
1674 3593 1786 3646 suppor-
1823 3581 1873 3634 434
1895 3581 1928 3634 85

467 3683 514 3736 444
539 3667 760 3736 praedicationem
785 3665 976 3720 rerbilleiVl
1001 3667 1107 3720 45143
1145 3669 1370 3742 44414441114444
1396 3669 1429 3720 49
1580 3671 1583 3676 “
1818 3703 1820 3706 -
1872 3699 1910 3708 ·--
1926 3675 1956 3724 ut
1968 3669 2064 3722 infirmi
2084 3671 2247 3724 consolantur
2264 3685 2280 3724 a
2297 3669 2400 3724 Christo
2412 3685 2462 3736 per

518 3787 556 3796 —
583 3757 681 3808 debent
706 3769 815 3822 pascere
843 3769 952 3822 gregem
982 3759 1107 3824 tanquam
1196 3787 1234 3796 -
1251 3759 1350 3810 virtute
1367 3757 1430 3812 41441
1451 3757 1674 3822 praedicationem
1698 3757 1786 3812 crucis
1820 3759 2042 3824 dispensationem
2060 3765 2262 3826 praeceptorum
2281 3759 2403 3826 legalium
2417 3761 2462 3814 Vll

357 3863 358 3866 ¹
443 3843 1108 3912 Ἰ44441441141444444-4414444144444444-
1143 3847 1330 3900 4444441444
1354 3847 1495 3900 Ecclesiam
1514 3847 1632 3924 gentium
1652 3847 1786 3900 transtule-
1822 3849 1872 3902 134
1892 3847 1926 3902 79
1944 3877 1980 3886 -
1997 3849 2146 3916 Antequam
2164 3849 2202 3900 eis
2215 3847 2357 3916 spiritualia
2375 3849 2459 3902 iniun-

466 3933 549 3988 ctrina
575 3933 712 3988 credentes
732 3933 877 3986 illuminare
905 3933 938 3986 ad
968 3933 1107 4000 intelligen·
1142 3941 1203 3988 runt
1223 3937 1344 3988 docendo
1356 3943 1380 3988 44
1400 3937 1524 3990 miracula
1541 3935 1660 3988 faciendo
1674 3937 1719 3988 Vll
1733 3935 1780 3988 434
1821 3943 2079 4004 gerentnr‚necesse
2093 3943 2160 4004 4444,
2178 3943 2208 3990 ut
2221 3937 2299 3992 corda
2313 3951 2406 3990 eorum
2419 3951 2462 3990 re-

467 4023 531 4078 414444Ι
560 4025 611 4078 496
634 4023 670 4076 44
687 4051 724 4062 -
742 4021 798 4076 41114
816 4021 915 4076 debent
936 4023 1041 4076 tradere
1061 4023 1107 4076 do·
1144 4023 1178 4076 47
1195 4053 1233 4064 --
1250 4039 1303 4078 non
1321 4027 1417 4078 4444444
1439 4025 1662 4090 praedicaverunt
1683 4025 1785 4078 ludaeis
1820 4030 1980 4078 morarentur
1999 4025 2051 4078 134
2070 4025 2105 4078 84
2122 4055 2159 4066 ·-
2176 4033 2249 4078 erant
2275 4027 2389 4090 benigne
2413 4033 2462 4078 tra·

466 4113 576 4166 4414444
595 4113 711 4180 auditam
734 4111 783 4164 497
803 4111 836 4164 47
850 4111 1106 4166 -debentdoctri-
1143 4113 1194 4166 484
1226 4115 1256 4168 48
1289 4143 1323 4152 -
1352 4115 1410 4168 1144
1439 4115 1572 4180 principes
1600 4113 1784 4178 Apostolorum
1820 4115 1908 4168 ctandi
1931 4119 2040 4180 propter
2063 4129 2157 4168 eorum
2178 4115 2319 4168 ruditatem
2348 4119 2405 4168 lum
2428 4129 2460 4168 44

466 4209 528 4254 nam
548 4201 744 4256 communicare
762 4201 941 4260 49543197
962 4201 996 4252 49
1014 4229 1050 4240 -
1063 4201 1107 4254 44
1142 4207 1267 4270 tanquam
1288 4203 1423 4270 praecipui
1440 4201 1636 4268 praedicatores
1660 4207 1684 4256 et
1702 4203 1785 4256 duces
1819 4203 2133 4270 4444444444444414414,
2152 4211 2209 4258 tum
2222 4219 2252 4256 ex
2272 4207 2345 4268 parte
2360 4203 2459 4266 carnis,

466 4289 565 4342 bebaut
576 4289 732 4354 praedicare
743 4287 1013 4342 omnibusveritatem
1026 4303 1106 4344 evan·
1142 4291 1216 4344 missi
1229 4297 1290 4346 sunt
1301 4291 1335 4344 ad
1349 4291 1555 4356 praedicandum
1568 4291 1671 4344 ludaeis
1682 4295 1710 4344 et
1723 4303 1784 4354 gen·
1820 4297 1875 4346 lum
1895 4309 1925 4346 44
1949 4298 2025 4360 44444
2042 4293 2137 4346 mentis
2156 4291 2189 4348 44.
2209 4291 2241 4344 85
2261 4321 2295 4330 -
2314 4297 2390 4346 erant
2406 4291 2460 4346 dis·

464 4379 576 4444 gelisam
595 4379 641 4432 501
668 4381 738 4432 2-
754 4377 906 4444 praedicant
918 4393 1032 4444 reguum
1058 4379 1105 4432 Dei
1141 4381 1213 4434 tibus
1232 4381 1283 4432 483
1301 4381 1331 4432 34
1356 4411 1390 4418 -
1410 4385 1596 4434 converterunt
1612 4381 1782 4444 gentilesltltl
1819 4381 1921 4448 pensati
1937 4381 1974 4434 ab
1990 4381 2174 4436 observatione
2193 4381 2300 4434 Sabbati
2321 4381 2406 4432 4373

466 4467 517 4520 447
539 4471 554 4522 3
572 4495 610 4508 ·-
626 4467 815 4520 circumeundo
827 4481 888 4520 curn
908 4465 1010 4522 Christo
1030 4469 1106 4522 colla·
1142 4465 1177 4520 47
1194 4497 1231 4508 ·-
1248 4473 1485 4534 congregaverunt
1504 4481 1599 4522 ornnes
1616 4473 1708 4532 gentes
1730 4465 1782 4520 353
1870 4499 1907 4510 ·-
1924 4467 1962 4522 ob
1979 4469 2158 4522 necessitatem
2176 4467 2307 4522 vellebant
2325 4469 2411 4534 spicas
2429 4469 2458 4522 144

465 4555 595 4610 borabunt
614 4555 636 4606 in
650 4555 793 4620 Evangelio
812 4555 897 4606 4894
917 4583 951 4594 -
970 4555 1107 4622 praedica·
1142 4557 1171 4608 61
1193 4555 1405 4608 -14444444444444
1428 4555 1553 4620 gentilem
1572 4557 1700 4622 populum
1721 4555 1783 4608 otio·
1819 4555 1940 4612 sabbatis
1959 4559 2002 4612 1144
2018 4555 2066 4610 434
2087 4559 2291 4610 4-4444444444
2309 4557 2458 4624 441444,44-

464 4651 560 4698 varunt
577 4643 678 4714 ubique
696 4647 729 4698 Vl
748 4645 800 4698 584
820 4643 835 4696 4
854 4673 889 4684 -
909 4643 1008 4714 ubique
1033 4659 1107 4714 prae
1141 4657 1201 4698 sum
1222 4649 1246 4698 at
1264 4659 1311 4708 per
1330 4645 1450 4698 diversas
1472 4645 1527 4698 rias
1541 4649 1564 4696 et
1577 4647 1662 4696 sectas
1674 4645 1784 4696 idolola-
1820 4645 1869 4698 mis
1888 4645 2043 4700 necessitate
2059 4645 2189 4710 compulsi
2211 4645 2261 4698 135
2281 4645 2304 4710 3,
2319 4645 2336 4696 4
2353 4675 2389 4684 -
2407 4659 2460 4700 non

463 4735 588 4788 dicabant
608 4739 632 4786 et
643 4733 783 4800 ornabant,
797 4735 936 4788 excitantes
947 4735 983 4786 ad
1000 4735 1107 4790 audien·
1140 4739 1251 4786 nantem
1273 4733 1322 4786 400
1345 4733 1376 4786 48
1395 4763 1431 4772 -
1448 4735 1554 4786 solvunt
1577 4737 1671 4798 gentes
1691 4739 1719 4786 et
1736 4733 1784 4786 ad·
1818 4739 1891 4788 erant
1907 4733 2116 4800 reprehendendi
2129 4735 2163 4788 de
2175 4735 2381 4798 transgressione
2399 4733 2460 4786 Sab-

463 4825 530 4878 dum
549 4825 635 4876 studio
653 4821 780 4878 etverbo
800 4829 825 4876 44
843 4825 919 4890 signo
938 4825 1050 4878 1144440
1070 4825 1104 4876 40
1141 4823 1242 4876 4444444
1257 4823 1294 4876 44
1310 4823 1397 4876 lesum
1418 4821 1468 4876 489
1489 4821 1522 4876 46
1542 4851 1575 4862 κ
1595 4821 1725 4876 duxerunt
1747 4823 1782 4876 ad
1818 4823 1885 4890 bati,
1910 4825 1973 4890 quia
1996 4837 2045 4888 per
2071 4823 2251 4876 necessitatem
2282 4823 2357 4876 lamis
2385 4829 2460 4876 crant

517 4917 631 4966 -sunt
656 4925 786 4966 messores
809 4911 835 4964 in
860 4917 979 4978 tempore
1004 4913 1106 4978 gratiae
1140 4909 1273 4966 Christum
1297 4913 1414 4976 pullum,
1441 4911 1555 4978 figuram
1584 4911 1701 4976 gentium
1730 4909 1777 4962 494
1817 4911 1932 4966 excusati
1962 4909 2012 4966 137
2041 4913 2110 4962 8-
2128 4915 2202 4964 44444
2223 4913 2331 4978 1444444,
2357 4917 2387 4964 44
2411 4925 2459 4966 nec

465 5003 500 5056 Vl
519 5001 570 5054 300
596 5003 627 5054 68
656 5029 691 5042 -
717 5005 778 5056 sunt
803 5001 974 5056 seminatores
996 5001 1104 5066 messis,
1141 4999 1188 5064 51,
1217 4999 1250 5052 54
1279 5029 1314 5038 --
1342 4999 1474 5064 Apostolis
1500 4999 1650 5054 volentibus
1678 5001 1782 5054 solvere
1817 4999 2459 5068 44444144444144444444444444411414354-
2567 5069 2568 5072 Ἴ

428 5111 429 5114 “
464 5103 535 5158 quae
553 5091 602 5144 4414
620 5091 644 5142 14
659 5095 777 5158 tempore
791 5089 888 5156 gloriae
908 5089 971 5146 illd.
988 5117 1023 5130 —
1037 5103 1106 5144 mes·
1141 5093 1233 5154 gentes
1259 5089 1383 5142 resistunt
1412 5089 1553 5140 daemones
1574 5095 1601 5142 et
1626 5095 1734 5152 peccata
1756 5095 1783 5142 et
1818 5089 1917 5144 fortiter
1935 5089 2012 5142 illecti
2027 5089 2145 5144 arerbis
2163 5087 2258 5142 Christi
2271 5087 2460 5142 oblivisceban-

464 5185 573 5232 suerunt
584 5179 659 5246 quod
673 5179 871 5232 seminaverunt
882 5179 1042 5244 Prophetae,
1055 5177 1105 5230 Do·
1139 5177 1238 5230 diaboli
1256 5177 1374 5230 membra
1391 5177 1440 5230 490
1455 5177 1488 5230 50
1501 5207 1539 5216 --
1550 5191 1600 5242 444
1612 5175 1680 5230 bona
1696 5191 1782 5232 enem-
1817 5185 1860 5232 tur
1878 5179 2040 5232 manducare
2057 5175 2120 5234 t'bt'd.

464 5269 529 5320 mini
548 5267 722 5338 beneficiost
740 5269 852 5332 imperio
871 5269 903 5322 Vl
924 5269 975 5320 498
995 5267 1044 5332 57,
1060 5269 1104 5320 58.
1139 5269 1183 5332 414
1208 5271 1398 5320 converterunt
1423 5271 1529 5332 gentem
1553 5265 1600 5318 491
1623 5267 1653 5320 54
1676 5297 1713 5304 *-
1737 5281 1782 5320 su-
1869 5297 1907 5308 --
1923 5269 2076 5320 auctoritate
2100 5265 2193 5324 Christi
2216 5267 2386 5336 requirebant
2413 5269 2458 5320 lto·

464 5356 514 5408 300
537 5357 569 5408 68
583 5359 706 5410 —missi
725 5361 828 5410 luerunt
848 5355 882 5410 ad
899 5357 1043 5410 Ecclesiam
1056 5357 1105 5410 Dei
1139 5371 1187 5422 per
1205 5357 1314 5408 asellum
1343 5361 1489 5422 posuerunt
1506 5355 1663 5408 vestimenta
1686 5371 1734 5410 sua
1753 5357 1782 5408 in
1817 5357 1924 5424 spitium
1943 5371 1959 5410 a
1976 5357 2146 5410 samaritanis
2164 5357 2208 5410 Vll
2226 5357 2278 5410 447
2297 5357 2331 5410 96
2349 5387 2385 5396 -
2403 5371 2458 5410 non

463 5443 626 5496 fundandam
644 5445 689 5500 Vll
708 5447 759 5500 444
780 5447 813 5500 30
1139 5443 1252 5510 figuram
1273 5443 1491 5498 documentorum
1506 5443 1630 5508 gentibus
1649 5443 1782 5510 imposito·
1816 5445 1949 5500 debebant
1967 5447 2004 5500 ire
2017 5447 2050 5500 ad
2069 5447 2245 5500 Samaritanus
2258 5447 2294 5500 ad
2305 5447 2457 5512 praedican-

515 5561 552 5572 —
569 5533 670 5586 Utilitas
691 5533 892 5600 praedicationis
917 5533 1104 5600 Apostolorum
1138 5547 1198 5586 rum
1220 5533 1269 5584 494
1297 5531 1329 5584 54
1349 5559 1384 5572 -
1403 5531 1565 5584 Vestimenta
1594 5533 1781 5598 Apostolorum
1816 5535 1881 5588 dum
1901 5533 2017 5588 1444-
2036 5535 2091 5586 nelo
2109 5533 2307 5602 reprehensibili
2330 5535 2458 5602 indignati

462 5621 507 5675 Vll
536 5623 585 5674 449
618 5623 648 5674 40
671 5651 702 5660 -
723 5625 830 5688 Propter
857 5637 946 5676 eorum
977 5623 1103 5676 miracula
1139 5625 1200 5674 sunt
1220 5621 1339 5686 exempla
1358 5621 1487 5674 virtutum
1506 5621 1554 5674 494
1578 5619 1611 5674 54
1815 5629 1876 5678 4444
1900 5627 1989 5676 4444444
2015 5623 2190 5676 Samaritanus
2215 5629 2239 5674 et
2265 5623 2387 5678 volebant
2411 5637 2457 5678 eos

460 5723 555 5764 omnes
572 5709 696 5764 volabaut
714 5724 807 5764 eorum
824 5713 972 5766 doctrinam
995 5711 1102 5776 audire,
1192 5739 1227 5750 -
1240 5725 1293 5764 non
1301 5715 1422 5776 poterant
1439 5709 1535 5762 eiicere
1544 5707 1698 5764 daemonem
1719 5725 1782 5776 pro·
1815 5711 1927 5778 perdere
1945 5713 1980 5766 de
1997 5717 2065 5764 terra
2080 5719 2186 5778 propter
2207 5717 2386 5778 contemptum
2404 5725 2457 5764 ma-

461 5797 521 5852 41444
539 5813 591 5852 non
616 5813 708 5852 omnes
734 5807 857 5864 caperent
875 5799 936 5854 t'lrt'd.
956 5829 993 5842 -
1010 5801 1103 5856 fideles
1136 5805 1195 5866 pler
1215 5799 1424 5854 incredulitatem
1441 5799 1487 5852 Vll
1504 5799 1555 5852 439
1574 5797 1618 5852 74.
1638 5799 1689 5854 440
1709 5799 1743 5852 75
1815 5801 1914 5854 14444414
1931 5799 2026 5854 Christi
2044 5799 2078 5854 rh.
2097 5803 2130 5854 98
2150 5831 2184 5840 -
2204 5803 2256 5856 duo
2277 5801 2400 5856 volebant
2422 5803 2458 5854 ol·

461 5891 566 5940 luerunt
590 5889 786 5954 praedicatores
795 5889 936 5942 ‘immunes
953 5891 990 5942 ab
1013 5891 1103 5944 otiosi·
1190 5917 1227 5926 -
1244 5889 1272 5940 ln
1286 5875 1387 5944 deserto
1401 5887 1571 5940 consulebant
1584 5887 1715 5940 dimittere
1727 5893 1780 5940 tur·
1815 5889 1878 5942 cisci
1903 5889 1935 5942 de
1961 5889 2130 5944 samaritanis
2156 5889 2359 5956 despicientibus
2384 5889 2455 5944 Chri·

460 5983 527 6040 tate,
548 5977 580 6028 ab
599 5977 718 6040 elatione,
738 5989 753 6028 4
770 5977 922 6040 nugacitate
938 5983 966 6030 et
981 5993 995 6030 4
1013 5991 1103 6042 perso·
1137 5977 1186 6028 bas
1203 5991 1256 6030 non
1276 5977 1437 6030 detrahendo
1450 5975 1557 6028 divinae
1574 5977 1719 6040 potentiae,
1732 5977 1780 6028 sed
1815 5977 2080 6042 slum‚sicutlecerat
2092 5977 2160 6032 Elias
2172 5977 2224 6030 448
2242 5981 2278 6030 98
2290 6009 2325 6018 -
2339 5993 2391 6032 non
2404 5991 2458 6030 mo·

460 6081 555 6120 narum
581 6065 807 6130 4444441444440
833 6065 867 6116 40
884 6091 921 6102 -
939 6079 1032 6118 eorum
1054 6065 1102 6118 do·
1136 6065 1298 6120 consulendo
1310 6067 1441 6118 humanae
1454 6063 1614 6130 indigentiae
1622 6063 1667 6118 Vll
1679 6065 1731 6118 444
1745 6065 1773 6114 41
1816 6063 1944 6116 rebantur
1973 6065 2104 6130 aspiritu
2132 6065 2306 6132 rectitudinis,
2332 6067 2378 6118 sed
2402 6065 2456 6118 zelo

458 6157 543 6210 ctrina
564 6157 630 6208 lacta
648 6139 689 6208 est
706 6151 855 6208 authentica
873 6165 939 6204 voce
951 6153 1053 6216 prolata
1065 6153 1101 6206 de
1135 6183 1173 6190 -
1189 6155 1217 6206 ln
1236 6153 1340 6208 deserto
1359 6157 1470 6218 apparet
1484 6153 1668 6216 Apostolorum
1688 6151 1778 6214 1444414
1814 6151 1996 6202 amaritudinis
2015 6149 2048 6204 44.
2068 6151 2103 6202 99

459 6247 531 6298 44414
558 6247 609 6298 438
634 6243 668 6296 40
686 6271 722 6282 --
740 6243 767 6294 in
786 6241 981 6308 praedicatione
1005 6241 1102 6304 glorifi·
1136 6241 1172 6294 ad
1183 6243 1355 6296 reficiendam
1367 6241 1473 6296 turbam
1487 6239 1520 6292 r'lr.
1541 6243 1572 6292 44
1867 6269 1904 6276 *-
1922 6237 2055 6292 debebant
2073 6237 2172 6292 habere
2189 6241 2311 6304 spiritum
2336 6253 2457 6292 mansue·

458 6337 585 6386 caverunt
605 6331 738 6386 Christum
760 6331 895 6384 evidenter
915 6329 947 6380 l't
968 6327 1014 6380 614
1042 6331 1100 6394 4,3
1188 6331 1398 6394 ——principales
1417 6331 1521 6382 luerunt
1542 6331 1647 6396 Petrus,
1669 6327 1779 6382 lacobus
1814 6327 1913 6382 tudinis
1932 6331 2058 6392 tanquam
2076 6325 2140 6378 boni
2164 6325 2285 6394 discipuli
2306 6333 2333 6382 et
2348 6327 2457 6382 imitato·

458 6449 495 6460 ·-
511 6421 696 6486 Apostolorum
723 6421 831 6484 piscatio
859 6421 897 6472 est
922 6417 1100 6482 praelatorum
1135 6423 1163 6470 et
1177 6419 1301 6482 loannes,
1319 6419 1365 6484 qtri
1378 6419 1487 6472 assumti
1500 6417 1600 6470 suntin
1612 6416 1779 6480 transfigura·
1814 6429 1858 6468 res
1875 6415 1970 6468 Christi
1989 6415 2033 6468 Vll
2051 6415 2103 6466 448
2122 6415 2171 6478 99,
2192 6415 2237 6468 104
2262 6415 2456 6480 -11144444114

458 6507 620 6576 praedicatio
637 6507 673 6558 Vl
691 6507 744 6560 644
763 6507 779 6558 6
1135 6505 1204 6558 41444
1224 6511 1249 6558 el
1268 6505 1295 6556 ln
1307 6505 1475 6558 suscitatione
1489 6505 1592 6568 puellae
1609 6505 1652 6558 Vll
1667 6503 1719 6556 444
1733 6505 1776 6556 90.
1814 6503 1989 6568 persuadetur
2007 6505 2093 6570 pietas
2110 6505 2226 6558 humana
2245 6503 2296 6556 404
2317 6505 2343 6556 4.
2359 6503 2409 6556 403
2429 6505 2457 6556 4.

510 6593 1100 6660 π-44444144444144441444444444444444
1136 6593 1188 6646 430
1208 6593 1249 6646 45.
1269 6593 1321 6646 544
1344 6595 1374 6646 44
1394 6619 1431 6632 -
1448 6591 1565 6646 Christus
1577 6593 1645 6646 inter
1665 6591 1779 6658 discipu·
1814 6591 1867 6646 407
1888 6593 1920 6646 43

458 6697 507 6750 444
524 6697 570 6736 444
590 6679 687 6736 lactum
707 6685 758 6742 est,
778 6681 961 6736 ostenderetur
980 6681 1100 6734 asserir·
1135 6681 1175 6736 lus
1193 6679 1272 6746 elegit
1296 6681 1489 6744 familiariores,
1512 6693 1604 6734 coram
1626 6679 1726 6748 qulbus
1749 6679 1777 6734 iu
1865 6709 1904 6724 -
1921 6689 1994 6736 erant
2014 6683 2099 6738 timidi
2118 6685 2152 6736 114
2170 6679 2456 6736 39817-11444414444

435 6757 519 6828 444414
539 6773 723 6836 4141444444
743 6771 873 6822 humanae
889 6769 1047 6836 prudentiae
1064 6769 1099 6824 Vl
1134 6775 1226 6824 monte
1252 6769 1452 6836 transfiguratus
1478 6775 1529 6834 444,
1547 6777 1575 6824 ut
1601 6775 1685 6826 essent
1703 6783 1778 6838 prae
1813 6773 1953 6828 confirmat
1972 6773 2115 6838 discipulos
2144 6775 2233 6826 444444
2263 6769 2459 6826 tribulationem

456 6863 508 6914 468
528 6863 574 6916 404
599 6889 632 6900 -
648 6857 789 6924 Discipulls
802 6857 894 6914 Christi
913 6859 1098 6926 sapientissimi
1133 6865 1222 6914 sentes
1241 6859 1352 6912 orationi
1370 6859 1396 6912 iu
1417 6863 1491 6914 horto
1509 6859 1561 6914 556
1582 6861 1611 6916 54
1816 6861 1867 6916 444
1888 6865 1899 6916 l
