5908 8266
829 625 885 680 ltili
1203 533 1242 602 ΙΝ
1262 531 1556 602 comministros
1578 535 1610 600 S.
1632 533 1860 602 sceleratas
2191 619 2245 674 ltili
2474 521 2538 590 775
2562 557 2563 560 ¹

536 713 610 778 ipsos
636 713 810 778 detegebant,
836 713 901 766 dum
931 709 1034 764 veritati
1059 721 1086 762 se
1107 709 1179 774 ipsos
1268 735 1305 750 -··
1322 707 1426 762 ludaeis
1443 705 1581 762 obduratis
1598 707 1717 764 Christus
1735 723 1761 762 sa
1782 707 1859 764 tradi·
1895 707 2037 762 eludebant
2054 713 2081 760 et
2100 713 2187 760 tamen
2213 707 2306 764 laisum
2333 705 2441 760 evidens
2462 719 2540 774 repu-

535 789 787 866 opponebamus.
907 831 909 840 .
1076 855 1077 858 ,
1215 797 1254 848 ott
1272 797 1308 850 vt
1326 797 1374 850 usi
1398 797 1428 848 44
1451 823 1487 834 --
1505 803 1692 860 percusserunt
1711 797 1859 860 caeterum,
1895 795 1986 848 tahani
2003 795 2057 848 aas
2078 797 2111 848 aa

590 917 626 926 -
643 889 802 944 ludaeorum
828 887 982 954 reprobatio
1005 887 1139 952 plangitur
1164 899 1179 938 a
1215 887 1278 952 44444
1298 887 1356 950 4444
1373 887 1456 940 volarit
1475 885 1518 938 llll
1533 885 1583 938 663
1598 887 1860 952 li—hustraper·
1946 911 1984 926 ·-
2001 898 2097 938 eorum
2120 885 2280 950 perversitas
2297 891 2408 952 apparet
2424 887 2453 938 in
2472 887 2538 948 hoc,

535 977 666 1044 Propheta
686 977 730 1032 vll
749 979 803 1032 607
820 981 850 1030 24
868 1003 903 1022 -
917 977 1071 1030 4464444444
1091 987 1181 1040 repro·
1215 975 1298 1028 secuti
1317 981 1379 1028 suunt
1397 973 1531 1030 Christum
1551 981 1612 1028 ante
1628 979 1736 1040 4444444
1754 977 1788 1028 vt
1805 973 1859 1028 347
1894 973 1970 1040 quod
1986 971 2151 1040 quaerebant
2168 975 2237 1026 mala
2259 975 2404 1028 intentione
2422 977 2466 1028 Vll
2484 973 2538 1028 666

536 1065 607 1118 batio
627 1067 756 1132 liguratur
773 1067 802 1118 in
821 1079 920 1118 novem
938 1065 1049 1130 leprosis
1073 1063 1125 1116 436
1143 1065 1178 1118 33
1217 1065 1245 1118 lt
1268 1093 1305 1106 -
1325 1079 1378 1118 non
1406 1069 1551 1130 potuerunt
1575 1063 1698 1118 occidere
1727 1063 1858 1118 Christum
1895 1061 1984 1116 84-
2008 1061 2169 1118 Pervarsitas
2196 1063 2337 1118 voluntatis
2363 1077 2456 1118 eorum
2480 1077 2539 1130 per·

536 1181 572 1192 -·
588 1153 723 1218 reprobati
752 1157 858 1206 luerunt
884 1157 993 1218 propter
1019 1165 1113 1206 eorsum
1138 1167 1181 1206 su·
1215 1159 1275 1208 ante
1296 1161 1400 1220 tempus
1420 1153 1536 1220 patiendi
1555 1155 1603 1206 334
1628 1151 1796 1208 4233260
1894 1151 2014 1206 vertebat
2034 1151 2160 1204 iudicium
2187 1149 2250 1206 4646.
2269 1153 2397 1220 -quod
2419 1151 2538 1206 Christus

536 1239 657 1306 perbiam
679 1237 730 1292 467
751 1241 783 1292 24
1268 1271 1305 1284 -·
1321 1243 1411 1296 ludaei
1425 1241 1587 1298 tradiderunt
1606 1241 1738 1296 Christum
1753 1253 1785 1298 es
1802 1257 1859 1294 ma·
1895 1241 1995 1294 dixerat
2012 1239 2096 1292 dubie
2112 1239 2269 1306 arguebant,
2287 1241 2375 1306 ipsum
2395 1239 2538 1298 asseruisse

589 1331 627 1370 ·'-
644 1343 694 1394 pru
713 1331 826 1382 maxima
847 1335 921 1394 parte
939 1331 1045 1384 luerunt
1056 1329 1179 1384 obdurati
1215 1333 1332 1400 lignitate
1352 1337 1377 1386 et
1402 1331 1500 1386 invidia
1525 1331 1559 1384 ll
1583 1331 1635 1384 646
1659 1333 1668 1382 4
1690 1359 1728 1372 --
1745 1331 1858 1384 tradide
1895 1327 1958 1383 4646.
1985 1357 2020 1368 -
2047 1329 2205 1394 reportabant
2239 1327 2373 1382 Christum
2411 1337 2536 1398 tanquam

537 1421 580 1472 Vll
602 1417 651 1470 482
674 1417 705 1470 28
728 1445 760 1456 -
779 1417 902 1472 obdurati
924 1421 1028 1472 luerunt
1046 1421 1179 1474 incorum
1217 1427 1276 1476 runt
1305 1421 1437 1474 Christum
1466 1435 1496 1472 ex
1526 1421 1623 1474 invidia
1654 1421 1698 1472 604
1726 1437 1749 1472 v.
1771 1421 1800 1472 24
1822 1449 1859 1460 -
1895 1419 2081 1486 blasphemum
2101 1425 2184 1472 morta
2203 1419 2315 1484 dignum
2337 1415 2399 1472 4446.

536 1505 646 1574 perfidia
666 1503 717 1558 624
740 1505 765 1558 44
791 1535 824 1544 -
851 1521 942 1562 eorum
966 1507 1108 1562 obduratio
1131 1525 1180 1578 44-
1216 1511 1380 1564 tradiderunt
1398 1509 1532 1564 Christum
1552 1523 1581 1564 an
1600 1511 1695 1562 malitia
1711 1509 1859 1562 43424-
1946 1537 1984 1550 -
2001 1509 2160 1562 ludaeorum
2185 1507 2327 1562 multitudo
2355 1509 2478 1562 contenit
2501 1509 2537 1562 ad

517 1599 624 1666 paret,
635 1595 697 1662 qrria
710 1599 780 1646 tanta
800 1595 960 1662 benignitate
979 1597 1073 1652 Christi
1092 1601 1180 1652 nolue-
1215 1601 1378 1654 tradiderunt
1396 1599 1530 1652 Christum
1550 1599 1601 1652 488
1619 1601 1664 1666 62,
1682 1599 1716 1652 63
1895 1597 2070 1664 multipliciter
2084 1597 2216 1652 Christum
2228 1595 2407 1652 accusandum
2426 1597 2470 1650 Vll
2483 1597 2535 1650 666

536 1681 598 1736 ruunt
617 1683 726 1736 emolliri
746 1683 798 1736 367
816 1683 878 1736 74’
1174 1739 1175 1742 ,
1267 1715 1305 1728 -··
1321 1689 1423 1742 Duritia
1450 1689 1629 1754 perversitatis
1659 1689 1684 1740 in
1706 1689 1808 1742 ludaeis
1833 1693 1859 1742 et
1896 1689 1967 1742 3·-
1984 1687 2145 1742 accusabant
2168 1685 2298 1742 Christum
2326 1691 2451 1754 tanquam
2478 1685 2536 1740 aius

589 1799 625 1808 -
643 1777 753 1838 propter
770 1787 847 1828 suam
875 1777 1053 1832 carnalitatem
1079 1777 1179 1842 repulsi
1216 1775 1319 1842 negatio
1349 1777 1467 1830 veritatis
1494 1777 1543 1830 luit
1570 1791 1652 1832 causa
1682 1777 1859 1832 damnationis
1894 1777 2037 1832 adversarii
2054 1775 2301 1832 totu-accusent
2320 1775 2453 1830 Christum
2468 1775 2535 1830 sicul

536 1867 596 1914 stunt
611 1875 625 1914 a
642 1877 726 1928 regno
746 1865 792 1916 liei
812 1865 856 1918 Vll
875 1865 927 1920 353
945 1867 975 1918 64
992 1873 1118 1918 -erunt
1130 1879 1177 1918 uo·
1216 1863 1309 1918 Christi
1328 1865 1364 1916 Vl
1383 1865 1435 1916 433
1455 1865 1498 1928 46,
1519 1867 1551 1918 46
1570 1893 1608 1908 -
1625 1879 1719 1918 aortrm
1738 1867 1859 1932 proposi·
1895 1871 2047 1930 peccantem
2075 1865 2103 1918 iu
2129 1867 2274 1934 populum,
2293 1867 2319 1918 in
2340 1865 2484 1932 principem
2510 1871 2536 1916 et

536 1949 637 2006 vissimi
657 1957 765 2018 propter
784 1953 936 2020 superbiam
954 1953 991 2008 46.
1009 1955 1044 2006 62
1217 1957 1271 2004 tum
1292 1951 1423 2018 originem
1441 1951 1518 2006 444444
1535 1967 1566 2006 eu
1585 1955 1694 2006 avaritia
1715 1961 1741 2008 et
1757 1955 1857 2006 invidia
1895 1955 1923 2006 in
1940 1955 2026 2006 Deum
2048 1951 2110 2006 4046.
2133 1985 2171 1992 -
2195 1953 2316 2008 subversi
2346 1961 2370 2008 44
2398 1953 2536 2008 subverso·

530 2115 532 2120 Ι
589 2071 626 2080 -
643 2041 807 2108 qtraarebant
822 2043 976 2112 Dominum
1003 2055 1057 2094 non
1085 2041 1119 2094 ad
1137 2043 1181 2092 ha·
1216 2041 1258 2092 Vll
1280 2039 1331 2092 607
1353 2039 1383 2090 43
1406 2067 1440 2078 -
1458 2041 1617 2094 ludaeorum
1635 2041 1795 2106 conspiratio
1818 2057 1859 2094 ro·
1895 2057 1936 2094 res
1955 2047 2051 2096 vocant
2068 2041 2201 2096 Christum
2221 2043 2408 2098 subversorem
2424 2041 2535 2098 ibid-

538 2219 572 2270 24
590 2245 627 2256 --
643 2223 802 2282 quaerentes
814 2215 945 2270 Christum
965 2217 1000 2270 46
1018 2229 1181 2282 persequen·
1219 2215 1268 2268 440
1299 2217 1309 2268 4
1334 2243 1369 2288 *1*
1397 2215 1485 2282 gavisi
1506 2221 1567 2270 sunt
1596 2217 1629 2270 64
1657 2215 1752 2270 malitia
1781 2217 1859 2270 iudae
1895 2217 2043 2270 sidiaudum
2063 2221 2091 2270 44
2108 2219 2286 2270 accusandum
2303 2219 2366 2274 4646.
2387 2249 2424 2258 -
2441 2235 2535 2286 aggra-

537 2307 602 2360 dum
622 2319 675 2358 uon
693 2309 814 2370 poterant
831 2319 892 2358 eum
915 2305 1034 2358 invenire
1052 2305 1077 2356 in
1098 2305 1181 2370 gloria
1217 2307 1258 2358 Vll
1281 2303 1327 2358 644
1352 2307 1367 2356 6
1895 2309 1958 2360 vant
1976 2305 2169 2358 accusationem
2187 2309 2279 2358 contra
2296 2305 2427 2360 Christum
2447 2309 2498 2360 667
2520 2309 2535 2360 6

537 2395 588 2448 360
610 2395 636 2446 34
655 2395 691 2432 ·-’
703 2393 731 2446 in
749 2395 860 2449 Galilaea
878 2409 933 2448 non
951 2393 1181 2462 persequebantur
1268 2423 1304 2432 —
1322 2407 1384 2448 carm
1406 2393 1500 2460 gladiis
1518 2399 1650 2462 quaerunt
1668 2393 1739 2446 illurn
1758 2393 1804 2462 qui
1823 2393 1859 2446 ul·
1894 2423 1930 2432 —
1948 2393 2043 2446 iniuste
2067 2399 2191 2446 accusant
2216 2393 2347 2446 Christum
2364 2395 2401 2448 de
2417 2407 2537 2448 commo·

537 2483 685 2546 Christum,
703 2483 765 2550 utria
785 2483 821 2536 ibi
841 2473 894 2538 uon
907 2489 981 2536 arant
998 2485 1123 2536 zelatores
1135 2485 1181 2536 Le·
1216 2489 1255 2538 tro
1275 2497 1304 2536 44
1321 2483 1401 2536 444644
1431 2483 1473 2536 Vll
1491 2483 1544 2536 660
1562 2485 1597 2534 66
1615 2511 1653 2524 --
1670 2483 1697 2534 in
1717 2489 1793 2536 nocte
1810 2495 1859 2546 per
1896 2483 1968 2534 tione
1985 2479 2047 2534 thid.
2066 2509 2103 2522 -
2119 2495 2214 2534 eorum
2237 2483 2382 2536 constantia
2411 2497 2463 2536 non
2486 2483 2536 2536 tuit

539 2573 579 2636 gis
599 2573 648 2626 330
671 2573 816 2626 2-0444
835 2573 944 2642 quidam
965 2571 1089 2626 volebant
1108 2571 1182 2624 Chri·
1217 2573 1377 2640 proditorem
1408 2579 1539 2644 quaerunt
1568 2585 1650 2640 quam
1678 2573 1797 2640 quotidie
1821 2573 1858 2624 vi·
1895 2573 1987 2636 virtus,
2006 2569 2052 2624 sed
2082 2571 2226 2636 pertinacia
2254 2573 2305 2626 668
2337 2573 2368 2624 42
2390 2601 2423 2612 —-
2441 2585 2535 2626 eorum

538 2669 609 2716 stum
623 2663 1180 2732 caperetauquammalum‚quidamrer0
1217 2663 1314 2720 dabant
1340 2663 1367 2716 in
1394 2663 1494 2728 templo
1523 2663 1662 2716 docentem
1689 2663 1737 2716 664
1772 2663 1803 2714 66
1823 2693 1859 2700 -
1896 2659 2039 2716 constantia
2056 2673 2109 2712 uon
2125 2659 2248 2714 veniebat
2263 2675 2293 2714 ex
2305 2675 2398 2714 amore
2410 2661 2535 2726 iustitiae,

539 2753 671 2806 dimittere
696 2759 822 2822 44444444
853 2753 967 2818 bonurn,
996 2755 1117 2808 frustrata
1141 2759 1181 2806 ast
1217 2759 1349 2822 qrraerunt
1374 2753 1466 2808 virum
1492 2753 1590 2806 iustum
1618 2753 1685 2806 sicut
1717 2753 1858 2816 latronam,
1897 2751 1941 2804 sed
1962 2765 1991 2804 ea
2010 2749 2094 2802 livore
2111 2749 2227 2804 invidiae
2245 2747 2307 2804 4646.

540 2843 696 2898 machinatio
706 2845 906 2898 Pharisaeorum
919 2845 964 2898 364
979 2843 1179 2912 til-Quidam
1217 2845 1344 2898 inermem
1364 2857 1425 2898 cum
1444 2843 1541 2908 armis,
1558 2843 1647 2896 lumen
1667 2855 1761 2896 verum
1782 2843 1806 2894 iu
1826 2847 1859 2896 te·
1948 2867 1984 2880 --
2001 2837 2134 2892 habebant
2153 2839 2369 2894 consuetudinem
2387 2839 2535 2912 dimittendi

538 2933 651 2984 maiores
683 2933 845 3000 quaerebant
874 2933 1005 2986 Christum
1036 2937 1181 3008 apprehen·
1218 2933 1386 2988 4444444046.
1896 2929 1923 2982 in
1941 2931 2053 2996 pascha,
2072 2929 2100 2982 44
2111 2941 2166 2996 quo
2177 2927 2417 2982 erantaservitute
2433 2927 2535 2982 liberati

538 3021 615 3088 dere,
632 3035 685 3074 non
702 3023 819 3074 scalentes
838 3021 923 3074 verbo
940 3023 1062 3074 resistere
1080 3023 1131 3076 347
1146 3023 1176 3076 44
1268 3053 1306 3062 -
1333 3039 1364 3076 ex
1393 3023 1508 3076 versutia
1537 3037 1602 3090 praa
1628 3023 1725 3076 timore
1750 3021 1858 3088 populi,
1897 3023 1928 3074 Vl
1949 3019 1998 3074 436
2019 3017 2147 3072 72-44
2164 3017 2354 3072 consuetudine
2370 3017 2536 3072 dimittebant

593 3137 627 3148 -
645 3111 866 3172 conspiraverunt
878 3109 1114 3182 contra-Christum
1127 3125 1181 3164 non
1217 3113 1290 3176 quod
1309 3125 1358 3176 per
1375 3125 1405 3164 se
1424 3125 1476 3164 uon
1502 3119 1614 3176 possunt
1638 3113 1742 3164 allicere
1767 3112 1859 3164 volunt
1897 3111 1923 3164 in
1932 3109 1977 3164 die
1985 3111 2049 3162 testo
2059 3109 2173 3174 paschae
2183 3121 2306 3160 unomen
2317 3107 2368 3162 reis
2382 3107 2423 3160 Vll
2438 3107 2488 3160 670
2500 3109 2530 3162 24

540 3197 750 3264 alligamentis,
770 3197 943 3252 sedexcarta
963 3197 1180 3252 malitiaVll506
1218 3199 1341 3252 manibus
1367 3199 1497 3264 praesidis
1526 3201 1569 3252 Vll
1590 3199 1641 3252 610
1661 3201 1693 3254 26
1713 3227 1748 3238 «-
1766 3199 1859 3252 volvant
1896 3229 1930 3236 -
1947 3199 2096 3264 noluerunt,
2112 3197 2243 3252 Christum
2258 3197 2361 3251 liberari
2381 3203 2487 3266 propter
2501 3197 2535 3250 in·

542 3285 573 3338 43
592 3315 627 3324 -
645 3285 804 3338 ludaeorum
823 3287 984 3350 conspiratio
998 3287 1028 3338 in
1041 3287 1181 3338 Dominum
1217 3287 1351 3340 immunes
1367 3301 1497 3352 apparere
1524 3303 1539 3338 a
1566 3293 1653 3340 morte
1679 3287 1776 3342 Christi
1796 3285 1860 3342 4046.
1897 3287 2043 3340 nocentiam
2061 3301 2111 3340 nac
2129 3299 2177 3352 per
2196 3287 2358 3342 clausentiam
2376 3289 2411 3342 Vl
2429 3287 2479 3340 433
2499 3287 2534 3342 73

449 3371 453 3382 ’
539 3381 720 3428 consummata
749 3383 789 3440 est
815 3389 864 3440 444
887 3375 1091 3428 obstinationem
1111 3377 1182 3428 mali·
1218 3405 1252 3416 -
1271 3377 1410 3430 dolositate
1433 3377 1539 3440 culpam
1562 3377 1656 3430 mortis
1676 3375 1771 3430 Christi
1790 3377 1858 3428 vole·
1946 3407 1983 3414 -
2000 3377 2068 3428 mira
2088 3375 2183 3430 malitia
2204 3377 2331 3430 latronem
2346 3377 2450 3430 Christo
2463 3391 2535 3442 prae-

540 3465 591 3518 4444
612 3463 643 3516 l'l
665 3461 716 3516 444
737 3463 969 3530 tt-requtront
987 3463 1119 3518 Christum
1133 3467 1181 3518 sol·
1218 3465 1280 3518 bant
1299 3465 1438 3518 retundere
1458 3465 1485 3518 in
1503 3465 1628 3528 Pilatum,
1649 3467 1693 3518 sed
1715 3479 1767 3518 non
1786 3479 1859 3518 ercu-
1895 3467 2009 3518 tulerunt
2037 3463 2070 3516 Vl
2099 3463 2151 3516 aaa
2168 3463 2258 3516 73μὴ
2277 3467 2397 3530 piissimo
2422 3465 2535 3538 Domino

539 3551 609 3606 licite
634 3553 671 3606 ad
687 3545 937 3618 reprehendendum
958 3553 1008 3608 376
1031 3555 1062 3604 48
1082 3581 1117 3592 -
1136 3555 1182 3604 im·
1218 3561 1307 3606 santur
1325 3555 1359 3608 Vl
1379 3553 1431 3606 487
1449 3553 1646 3606 bii-tantum
1658 3553 1782 3606 sitiebant
1793 3567 1859 3606 ntor·
1895 3555 2074 3618 praetulerunt
2098 3553 2283 3620 impiissimum
2303 3555 2465 3608 homicidam
2489 3557 2535 3608 Vll

540 3647 661 3708 pugnant
680 3643 858 3696 excellentiam
878 3641 975 3696 Christi
992 3641 1110 3696 docentis
1129 3641 1181 3692 363
1220 3647 1269 3694 tarn
1285 3641 1392 3706 Christi,
1412 3643 1485 3710 qood
1499 3641 1545 3694 diu
1563 3657 1616 3696 non
1634 3647 1758 3706 poterant
1771 3655 1858 3706 caspe
1896 3641 1947 3692 670
1968 3641 1999 3694 22
2021 3669 2053 3680 -
2075 3641 2203 3694 salvatori
2226 3645 2406 3706 praetulerunt
2429 3643 2535 3696 seditio·

540 3727 573 3782 ta
584 3731 857 3796 -conspiraverant
869 3743 960 3784 omnes
971 3731 1122 3784 confitentes
1132 3731 1181 3782 Do·
1219 3739 1290 3784 ctare
1307 3731 1359 3782 486
1379 3731 1414 3784 62
1433 3759 1470 3770 -
1486 3743 1539 3782 non
1555 3729 1711 3784 introierunt
1733 3729 1762 3782 in
1787 3743 1858 3794 prae·
1895 3743 1970 3794 sum,
1987 3727 2151 3784 benefactori
2168 3731 2251 3782 iuram
2267 3737 2291 3784 et
2302 3731 2403 3784 auctori
2416 3731 2485 3784 vitae
2498 3731 2536 3784 vi·

540 3819 642 3872 minum
662 3827 789 3888 tanquam
806 3819 939 3874 Christum
952 3821 1048 3874 eiicere
1061 3833 1095 3874 ex
1107 3833 1181 3884 syna·
1217 3821 1329 3884 tarium,
1343 3833 1374 3872 ne
1388 3819 1627 3874 contaminarentur
1643 3821 1771 3884 sanguine
1789 3817 1858 3872 Chri·
1895 3823 1948 3872 tam
1968 3819 2115 3872 homicidae
2141 3817 2174 3874 46.
2195 3821 2226 3872 23
2246 3849 2283 3860 --
2300 3821 2422 3886 impietas
2442 3835 2535 3874 eorum

541 3923 611 3974 goga
632 3907 681 3960 344
699 3909 735 3962 44
754 3939 789 3950 -
806 3911 1032 3976 44444444444444,
1046 3911 1182 3964 credentes
1219 3911 1249 3964 sti
1268 3907 1332 3964 ibid.
1475 3921 1476 3924 ¹
1896 3907 1942 3962 luit
1961 3923 2064 3962 summa
2085 3909 2220 3962 reddendo
2239 3907 2397 3964 destructori
2414 3909 2535 3962 vitamet

450 3989 451 3992 ’
540 3995 567 4050 44
584 3997 717 4052 Christum
736 4013 750 4052 4
768 4013 908 4064 synagoga
926 3999 1020 4052 eiicere
1040 4003 1064 4052 et
1082 4013 1182 4052 nomen
1271 4027 1306 4040 --
1319 3999 1484 4052 tradiderunt
1493 3997 1623 4052 Christum
1637 3999 1719 4052 Pilato
1731 4001 1857 4066 tanquam
1895 3999 2037 4052 auterendo
2054 3999 2139 4052 vitam
2156 3999 2220 4052 ionii
2237 4001 2318 4052 totius
2337 3999 2405 4052 44444
2422 3995 2485 4052 ibid.
2500 4029 2536 4038 -

542 4085 635 4142 Christi
655 4089 743 4142 delere
761 4089 812 4142 378
833 4091 866 4142 28
1219 4089 1413 4142 malefactorem
1441 4091 1474 4142 Vl
1502 4089 1553 4142 480
1583 4089 1615 4142 20
1636 4115 1670 4124 -
1688 4085 1859 4154 imponebant
1896 4101 1986 4142 aarum
2008 4101 2132 4154 perversa
2158 4089 2279 4142 voluutas
2296 4087 2472 4154 multipliciter
2489 4103 2534 4154 ap·

593 4203 629 4214 —
646 4175 771 4230 volebant
795 4175 927 4232 Christum
952 4177 1073 4232 occidere
1092 4181 1181 4232 contra
1219 4177 1335 4244 Christo,
1354 4177 1428 4244 quod
1445 4177 1524 4232 vallet
1541 4193 1569 4232 se
1588 4191 1679 4242 regem
1699 4181 1858 4232 lacerecou·
1895 4175 2036 4244 44444674
2060 4177 2095 4230 26

541 4265 618 4330 Legis
635 4265 792 4320 mandatum
809 4265 845 4321 Vl
863 4265 917 4318 346
935 4265 970 4320 27
989 4293 1025 4306 -
1043 4281 1073 4320 ex
1096 4265 1182 4320 cordia
1219 4271 1257 4320 tra
1277 4265 1416 4322 Caesarem
1439 4265 1489 4318 488
1518 4267 1551 4320 64
1580 4295 1615 4304 -
1639 4265 1740 4322 Christo
1759 4265 1858 4320 crimen
1947 4295 1983 4306 —-
2003 4267 2183 4320 clamaverunt
2207 4265 2241 4318 ad
2263 4265 2394 4322 Christum
2410 4265 2533 4320 occidan-

444 4367 446 4372 ·
541 4355 637 4408 malitia
667 4355 840 4420 praevaricati
868 4361 930 4410 sunt
947 4355 1048 4422 Legem
1065 4355 1127 4410 4646.
1147 4385 1182 4394 -
1220 4357 1312 4410 falsum
1340 4357 1480 4420 imponunt
1499 4355 1550 4410 486
1569 4355 1614 4408 63.
1636 4355 1686 4408 487
1707 4355 1740 4408 64
1760 4355 1859 4410 -im
1896 4355 1962 4408 dum
1979 4355 2024 4406 Vll
2042 4355 2095 4408 607
2113 4355 2148 4406 20
2165 4381 2203 4394 -
2219 4367 2274 4408 444
2291 4357 2377 4408 solum
2404 4361 2534 4422 quaeruut

542 4443 641 4496 crimen
670 4443 726 4496 lesu
752 4445 925 4498 interficiendi
955 4457 1008 4496 non
1041 4457 1182 4508 agnascen-
1219 4451 1323 4510 ponunt
1350 4445 1444 4508 Pilato,
1464 4445 1485 4496 si
1503 4445 1637 4498 Christum
1657 4445 1785 4512 dimittat,
1802 4445 1860 4496 inti·
1896 4445 2018 4496 occidere
2043 4443 2193 4506 Christum,
2216 4457 2308 4498 verum
2338 4445 2414 4496 etiam
2433 4445 2533 4498 crucifi·

542 4535 595 4596 tea,
614 4529 665 4598 ipsi
692 4533 812 4598 arguenti
842 4533 1022 4586 conviciantur
1040 4529 1074 4586 46.
1094 4535 1126 4586 28
1146 4559 1181 4572 -
1220 4535 1351 4588 delitatem
1376 4539 1467 4586 contra
1484 4531 1622 4586 Caesarem
1644 4533 1695 4586 432
1717 4535 1747 4586 43
1769 4561 1802 4574 --
1822 4535 1858 4586 et·
1897 4543 1959 4596 gere
1977 4529 2025 4582 674
2054 4529 2090 4582 26
2105 4557 2144 4570 -
2164 4527 2287 4584 volabaut
2311 4529 2442 4584 subiicere
2462 4529 2534 4584 Chri·

540 4621 669 4674 invidiam
686 4619 786 4674 diaboli
804 4623 936 4676 imitantes
955 4623 1096 4676 voluerunt
1111 4619 1182 4676 Chri·
1218 4625 1269 4676 lato
1288 4621 1384 4674 volenti
1397 4619 1510 4674 liberare
1528 4621 1661 4674 Christum
1677 4623 1802 4676 resistunt
1820 4637 1869 4686 ac·¹
1896 4627 1965 4674 stum
1983 4633 2086 4684 poenae
2104 4619 2292 4674 maledictionis
2312 4624 2435 4688 tanquam
2456 4623 2533 4674 male·
2587 4619 2588 4622 ’

542 4715 610 4762 stum
628 4709 775 4764 interficere
794 4709 846 4764 367
865 4713 894 4764 64
913 4725 976 4764 -a
993 4711 1101 4766 diabolo
1116 4711 1182 4764 exci·
1218 4711 1379 4766 4444446444
1399 4709 1651 4764 44444444464434
1673 4709 1743 4764 7-
1763 4711 1859 4764 malitia
1896 4709 2011 4776 dictum,
2037 4723 2070 4760 ex
2096 4709 2250 4762 crudelitate
2274 4715 2299 4760 et
2318 4709 2453 4762 iracundia
2469 4707 2534 4762 4446.

542 4799 585 4850 tati
605 4797 768 4866 quaerebant
788 4799 921 4854 Christum
938 4799 1086 4854 interficere
1100 4799 1180 4852 3302
1218 4803 1352 4854 nolentem
1369 4799 1481 4852 Pilatum
1499 4799 1628 4854 inducunt
1641 4799 1674 4852 ad
1687 4799 1858 4854 iudicandum
1897 4827 1930 4836 —
1950 4799 2163 4864 praetenderant,
2182 4795 2256 4862 quod
2275 4795 2394 4850 Christus
2405 4805 2434 4850 ut
2446 4811 2532 4862 repro-

595 4915 629 4928 -
642 4889 747 4952 peiores
758 4889 864 4942 diabolo
875 4895 957 4952 erant,
977 4889 1092 4942 volendo
1109 4903 1182 4954 prae·
1220 4897 1243 4944 et
1256 4891 1390 4944 volantem
1410 4887 1542 4942 Christum
1559 4889 1673 4942 liberare
1686 4889 1813 4942 inducunt
1826 4889 1858 4942 ad
1897 4885 1947 4940 bus
1966 4885 2112 4952 patiebatur
2133 4883 2184 4938 676
2206 4885 2237 4936 38

542 4973 651 5042 44444444
670 4975 801 5030 Christum
820 4979 864 5030 Vll
883 4979 933 5032 403
954 4979 987 5032 60
1006 5007 1043 5018 -
1060 4991 1114 5030 444
1136 4993 1182 5032 va·
1220 4979 1452 5034 condemnandum
1473 4977 1524 5030 486
1543 4979 1572 5032 64
1592 5007 1625 5018 --
1644 4979 1769 5032 resistunt
1781 4979 1858 5030 Pilato
1949 5003 1983 5018 -
2002 4973 2094 5028 taciem
2123 4973 2219 5044 Christi
2246 4975 2400 5028 velaverunt
2417 4977 2461 5028 Vll
2479 4975 2531 5028 663
2557 4975 2558 4980 ’

542 5069 645 5120 luerunt
665 5065 838 5132 praecipitare
857 5067 989 5120 Christum
1004 5067 1068 5122 4646.
1082 5097 1116 5108 -
1129 5081 1183 5120 non
1220 5069 1310 5122 nitenti
1330 5069 1463 5122 Christum
1481 5065 1595 5122 liberare
1613 5065 1664 5120 483
1691 5069 1726 5120 70
1900 5065 1929 5118 44
1950 5093 1984 5104 -
2003 5063 2141 5128 velabant,
2162 5063 2344 5128 conspuebant
2361 5069 2388 5118 et
2405 5065 2534 5130 percutie-

542 5161 685 5222 potuerunt
702 5155 835 5210 Christum
861 5157 989 5222 attingere
1013 5171 1061 5210 nac
1079 5157 1183 5210 laedere
1272 5187 1307 5198 -
1339 5171 1392 5210 non
1423 5155 1555 5210 habebant
1583 5161 1737 5222 potestatam
1768 5157 1860 5210 interfi-
1897 5153 1961 5208 baut
1986 5153 2080 5208 taciem
2106 5151 2204 5206 Christi
2229 5151 2281 5206 663
2310 5153 2345 5206 76
2369 5153 2535 5206 —illudunt

545 5243 595 5296 404
607 5243 648 5304 ,63
1219 5247 1305 5302 ciendi
1323 5251 1431 5312 propter
1451 5247 1523 5300 diam
1547 5249 1659 5310 festum,
1685 5247 1728 5300 vel
1752 5251 1860 5312 propter
1896 5243 2040 5306 Christum,
2052 5243 2114 5310 quia
2129 5243 2241 5308 ditarat,
2254 5255 2281 5294 sa
2293 5255 2350 5294 esse
2369 5255 2463 5294 verum
2475 5243 2535 5296 Pro·

597 5359 631 5372 -
651 5331 738 5386 ludaei
756 5333 891 5390 habebant
909 5335 1080 5390 intentionem
1097 5349 1185 5390 carna·
1220 5337 1362 5404 imperium
1383 5339 1563 5390 Romanorum
1586 5335 1616 5390 Vl
1637 5335 1686 5390 488
1708 5337 1740 5390 60
1762 5365 1793 5374 -
1814 5337 1860 5390 Le·
1898 5337 2004 5402 phetam
2023 5329 2056 5388 46.
2071 5333 2103 5386 76
2118 5329 2293 5402 -inquinati
2307 5337 2334 5386 et
2345 5329 2535 5384 abominabiles
2588 5341 2589 5346 ¹

543 5425 596 5476 lem
614 5421 648 5474 ad
666 5421 799 5478 Christum
826 5425 950 5478 veniendi
972 5425 1005 5480 Vl
1034 5423 1086 5480 672
1114 5425 1182 5478 4-
1222 5441 1282 5494 gem
1301 5429 1415 5492 allegant
1431 5441 1481 5492 pro
1499 5441 1542 5494 se,
1559 5441 1622 5482 cum
1637 5427 1668 5480 sit
1680 5433 1773 5480 contra
1789 5427 1860 5492 ipsos
1898 5425 2019 5480 dictinum
2037 5429 2117 5490 caput
2136 5421 2228 5476 Christi
2248 5429 2435 5488 percusserunt
2453 5419 2486 5476 46.
2500 5419 2535 5474 77

544 5511 699 5564 ludaeorum
719 5513 859 5566 consilium
876 5519 968 5566 contra
986 5513 1118 5568 Christum
1132 5513 1182 5566 407
1222 5519 1268 5570 434
1292 5519 1306 5570 8
1327 5545 1362 5558 -·
1381 5523 1463 5570 totam
1481 5517 1587 5582 culpam
1605 5515 1697 5570 mortis
1710 5517 1802 5570 Christi
1822 5531 1862 5570 su·
1952 5543 1985 5552 -
2004 5513 2066 5566 victi
2085 5511 2224 5564 vivacitate
2243 5511 2350 5564 rationis
2361 5517 2535 5580 rectae,con·

545 5599 578 5652 67
591 5625 625 5638 -
638 5597 691 5650 iam
705 5611 753 5662 444
765 5603 989 5666 conspirationem
1008 5603 1102 5654 mortis
1114 5601 1184 5656 Chri·
1223 5619 1271 5672 per
1289 5619 1317 5658 se
1336 5603 1499 5672 recipiebant
1520 5605 1569 5658 433
1592 5605 1623 5658 42
1898 5605 2003 5658 vertunt
2022 5615 2049 5654 se
2069 5601 2103 5656 ad
2120 5613 2213 5668 preces
2224 5601 2269 5654 Vll
2284 5599 2332 5654 674
2354 5603 2390 5654 27
2408 5629 2444 5640 -·
2461 5599 2535 5670 qttod

544 5687 577 5742 sti
596 5687 746 5752 repulerant
764 5689 875 5754 gratiam
895 5689 940 5742 Dei
967 5689 1018 5742 447
1037 5691 1071 5742 36
1090 5719 1124 5728 --
1144 5703 1185 5744 44·
1275 5719 1310 5732 -
1332 5699 1514 5746 convenerunt
1541 5707 1634 5748 omnes
1661 5693 1688 5746 in
1717 5709 1799 5746 unum
1829 5693 1861 5748 ad
1898 5705 1952 5744 non
1969 5693 2111 5756 potueruut
2131 5689 2294 5744 criminando
2314 5697 2340 5744 et
2355 5691 2535 5744 ratiocinando

545 5777 694 5844 gitaverunt
713 5775 846 5830 Christum
863 5777 1019 5840 interficere,
1037 5777 1108 5830 nullo
1125 5793 1185 5832 con·
1222 5795 1302 5834 unam
1331 5783 1458 5834 malitiam
1485 5783 1724 5836 consummandam
1746 5783 1791 5836 Vll
1811 5783 1861 5834 664
1899 5781 2018 5834 obtinere
2048 5781 2142 5834 volvant
2165 5779 2292 5846 perlicere
2322 5781 2475 5846 postulanda
2512 5783 2537 5834 et

545 5863 759 5920 4446444444408
780 5867 808 5918 74
1222 5869 1310 5922 78-
1334 5869 1467 5922 duxerunt
1492 5867 1624 5924 Christum
1653 5871 1678 5922 in
1708 5871 1862 5934 concilium,
1900 5867 2068 5922 vociferando
2086 5865 2148 5920 4646.
2165 5897 2202 5906 --
2219 5881 2327 5934 semper
2343 5867 2490 5924 institerunt
2503 5867 2537 5922 ad

599 5987 634 5996 -
653 5955 725 6008 444444
746 5955 906 6008 ludaeorum
932 5953 1114 6008 veneruntad
1138 5957 1186 6008 Pa·
1222 5971 1276 6010 uon
1294 5957 1329 6010 ad
1346 5955 1529 6022 iudicandum,
1545 5959 1594 6012 sed
1612 5959 1648 6012 ad
1664 5957 1862 6012 observandum
1901 5957 2014 6010 mortain
2032 5955 2126 6008 Christi
2144 5953 2208 6010 40444.

545 6047 609 6106 scha
627 6059 657 6098 se
675 6043 789 6098 exterius
800 6043 944 6106 mundare,
958 6043 1003 6096 sed
1018 6043 1125 6096 interius
1138 6059 1185 6110 per
1223 6043 1286 6098 4446.
1304 6071 1340 6084 -
1358 6045 1386 6096 lu
1406 6045 1517 6100 concilio
1544 6045 1676 6098 denudata
1706 6051 1744 6098 ast
1772 6059 1862 6098 eorum
1953 6069 1988 6084 -
2007 6057 2058 6096 non
2078 6045 2181 6094 luerunt
2205 6041 2319 6110 inclinati
2339 6045 2372 6098 ad
2391 6043 2538 6098 misericor·

546 6133 687 6188 uoluntatis
700 6133 872 6188 homicidium
886 6131 1025 6200 inquinare
1037 6131 1068 6184 Vl
1088 6131 1185 6184 40373
1223 6133 1319 6188 malitia
1334 6135 1446 6196 occulta,
1462 6147 1542 6200 quam
1555 6139 1647 6188 contra
1659 6131 1792 6188 Christum
1805 6147 1864 6188 con·
1901 6131 1972 6184 diam
1997 6131 2090 6196 poenis
2106 6137 2134 6182 at
2151 6129 2301 6196 opprobriis
2320 6131 2413 6188 christi
2432 6131 2466 6184 Vl
2486 6131 2537 6184 433

546 6253 581 6262 -
600 6223 761 6290 quaerebant
782 6225 919 6278 bominum
932 6223 1147 6290 adpardendum
1160 6223 1186 6274 in
1224 6227 1347 6290 ceperant
1363 6219 1427 6278 4646.
1451 6251 1487 6260 ·-
1510 6237 1562 6276 non
1581 6229 1742 6290 quaeruuta
1763 6221 1863 6278 Christo
1901 6221 1929 6272 44
1955 6249 1987 6260 -
2007 6219 2172 6284 pertinaciter
2201 6219 2332 6284 petierunt
2357 6221 2453 6274 Christi
2469 6233 2538 6272 mor·

546 6311 644 6378 templo
663 6311 744 6366 ihil
762 6341 798 6356 -·-
810 6319 981 6378 erraverunt,
992 6313 1056 6380 quta
1067 6327 1120 6368 non
1135 6315 1187 6368 lue·
1224 6313 1371 6378 veritatem,
1391 6317 1419 6366 ut
1437 6311 1611 6380 instruantur,
1630 6311 1676 6366 sad
1697 6317 1725 6366 ut
1742 6311 1862 6366 insidian-
1901 6313 1955 6362 4444
1968 6309 2015 6360 434
2038 6309 2065 6362 6.
2087 6307 2138 6362 493
2159 6307 2193 6360 46
2206 6335 2240 6344 -
2254 6309 2424 6374 perversitate
2438 6313 2538 6376 petunt,

547 6407 609 6452 runt
626 6401 776 6466 Scripturas
793 6403 901 6458 44444444
922 6401 975 6456 363
992 6401 1030 6456 75
1046 6433 1083 6444 -
1101 6403 1187 6470 magis
1225 6408 1267 6457 tur
1284 6401 1318 6458 40.
1338 6401 1371 6456 73
1391 6429 1428 6442 -··
1445 6399 1609 6470 quaerebant
1637 6407 1665 6454 ut
1684 6401 1811 6454 increduli
1830 6397 1863 6454 40.
1901 6395 2032 6452 Christum
2050 6395 2169 6452 damnari
2189 6403 2274 6452 morte
2288 6397 2468 6452 crudelissima
2486 6397 2538 6452 433

547 6491 688 6544 voluerunt
707 6491 792 6544 lacere
814 6497 907 6544 contra
923 6491 1009 6546 Deum
1029 6507 1110 6560 quam
1128 6505 1188 6544 con·
1226 6493 1258 6546 80
1277 6521 1312 6532 —-
1331 6489 1494 6560 quaerebant
1513 6497 1542 6544 ut
1559 6491 1652 6544 discoli
1669 6489 1704 6544 th.
1723 6491 1753 6542 84
1903 6485 1945 6538 46.
1964 6485 2016 6538 436
2034 6487 2068 6538 26
2087 6515 2123 6526 -·
2141 6485 2274 6542 Christum
2297 6485 2540 6542 condemnaverunt

536 6583 588 6646 tra
606 6577 740 6630 hominem
760 6579 811 6632 407
831 6581 864 6632 66
877 6607 914 6620 -
929 6579 1020 6634 ludaei
1036 6579 1188 6634 nesciebant
1278 6609 1313 6622 -
1327 6595 1374 6636 nec
1387 6581 1496 6636 credere
1506 6581 1656 6644 voluerunt,
1664 6577 1797 6634 Christum
1807 6593 1864 6632 essa
1901 6575 2072 6640 persuasione
2098 6575 2151 6628 424
2179 6591 2206 6630 4.
2232 6577 2267 6628 20
2295 6605 2331 6614 -
2356 6575 2540 6630 crucifixerunt

547 6679 621 6720 sacra
646 6671 672 6720 44
695 6675 795 6734 secreta
820 6669 929 6722 consilia
954 6675 981 6722 et
1004 6671 1188 6734 dispositiones
1224 6671 1359 6736 blessiam,
1378 6683 1427 6726 nec
1445 6669 1606 6736 respondere
1624 6671 1650 6722 ei
1666 6683 1716 6722 nac
1733 6667 1865 6722 dimittere
1901 6663 2033 6718 Christum
2051 6681 2099 6730 per
2127 6665 2265 6732 iuvidiam,
2281 6681 2336 6720 uon
2353 6681 2402 6734 per
2419 6665 2540 6732 ignoran-
2597 6681 2598 6684 ¹

548 6755 582 6808 de
606 6755 729 6820 passione
755 6763 782 6810 et
806 6757 998 6812 resurrectione
1017 6757 1110 6814 Christi
1137 6759 1188 6812 424
1225 6761 1270 6812 Vll
1289 6761 1341 6812 664
1361 6761 1390 6814 84
1420 6787 1457 6800 -
1479 6759 1668 6824 malignitatem
1687 6773 1765 6812 suam
1782 6763 1865 6812 osten·
1902 6755 1965 6808 iiam
1983 6755 2027 6808 vu
2039 6755 2091 6808 606
2105 6755 2117 6808 4
2125 6757 2275 6824 3--44444
2292 6755 2417 6810 iatronem
2432 6757 2544 6824 affigunt

549 6859 576 6898 v.
598 6847 630 6898 22
864 6875 870 6884 -
1226 6847 1291 6902 6444
1310 6849 1338 6902 44
1361 6847 1513 6916 replicando
1532 6845 1566 6902 46.
1586 6849 1618 6902 83
1638 6875 1674 6890 ·-·
1691 6863 1786 6902 avarum
1805 6863 1866 6906 con·
1903 6845 1974 6898 cruci
1992 6845 2111 6900 omnium
2131 6845 2334 6910 Redemptoram
2352 6845 2404 6900 676
2424 6847 2457 6900 38
