5908 8266
576 623 640 686 770
773 637 774 642 ’
1438 611 1552 680 INDEX
1579 609 1708 680 RERUM

2219 695 2275 752 108

574 761 714 846 occasione
726 791 834 846 rideant
846 703 921 860 siigsiri
939 797 966 846 et
980 793 1095 856 correpti
1106 791 1215 844 credant
1251 791 1296 844 hal
1323 791 1355 844 ad
1381 791 1541 856 baptismam
1571 789 1627 840 lesa
1652 785 1747 842 Christi
1772 785 1836 842 1818.
1857 819 1894 828 -
1932 789 1995 844 dere
2022 787 2056 840 de
2078 785 2571 842 8888811888-8188818888-

467 1021 471 1026 ,
572 967 690 1032 ritatem,
711 971 737 1018 ut
755 967 805 1034 ipsi
827 969 1033 1028 certificarentur
1052 981 1102 1032 per
1120 967 1214 1020 888118·
1250 965 1473 1020 medicinaeibc'd.
1490 993 1527 1004 -
1544 961 1696 1028 baptizabat
1709 965 1732 1016 in
1747 965 1804 1016 loco
1825 977 1893 1016 com·
1930 995 1965 1006 --
1983 971 2009 1018 et
2027 963 2138 1026 lacobus
2156 965 2281 1016 ultionem
2303 965 2570 1020 tacerevolehantde

572 1061 624 1108 tem
652 1061 675 1106 et
705 1055 839 1108 certificati
864 1055 1007 1110 redderent
1033 1055 1213 1108 testimonium
1252 1055 1341 1118 muni,
1358 1055 1405 1106 881
1430 1055 1505 1106 malti
1523 1049 1715 1106 concurrebant
1732 1053 1769 1104 Vl
1786 1053 1838 1104 958
1857 1051 1892 1106 57
1931 1055 2097 1108 samaritanis
2126 1053 2246 1118 exemplo
2267 1055 2335 1106 Eliae
2354 1053 2418 1110 ibid.
2438 1083 2470 1094 -
2490 1061 2514 1106 et
2533 1055 2568 1106 la·

573 1145 675 1196 veritali
704 1141 768 1198 idid.
794 1172 831 1184 -
856 1145 904 1198 dat
931 1143 1070 1210 discipulis
1100 1145 1213 1196 locatam
1261 1131 1262 1136 ¹
1303 1169 1341 1182 ·-
1357 1143 1419 1208 quic
1440 1143 1513 1196 venit
1538 1153 1599 1194 cunt
1630 1139 1778 1194 8081811818
1803 1141 1893 1206 poeni·
1929 1141 2013 1196 cobus
2030 1143 2184 1212 credebant,
2202 1157 2231 1196 se
2259 1145 2363 1198 moveri
2381 1157 2394 1196 a
2414 1145 2508 1210 spiritu
2525 1157 2569 1196 re·

574 1231 720 1302 quaerendi
738 1233 791 1286 878
809 1235 844 1286 36
1251 1229 1360 1294 tentiae,
1381 1231 1441 1284 ideo
1460 1229 1530 1282 venit
1548 1229 1616 1280 sicut
1641 1229 1785 1282 lamentans
1804 1235 1830 1282 et
1847 1241 1892 1292 ge·
1929 1229 2076 1296 8111881818,
2099 1239 2128 1286 81
2150 1233 2327 1286 movebantur
2344 1235 2398 1286 zelo
2418 1235 2568 1286 amaritudi-

623 1349 661 1364 -
678 1335 730 1374 non
743 1321 772 1376 in
784 1337 821 1386 se,
835 1323 879 1376 sed
895 1323 919 1374 in
932 1321 1069 1388 discipulis
1084 1319 1214 1374 dubitavit
1253 1317 1891 1384 8888888881888818181888881191118159
1929 1321 1968 1374 nis
1988 1319 2038 1370 918
2060 1321 2091 1372 99
2120 1321 2364 1378 711188188811118.

574 1413 607 1464 do
626 1409 851 1464 0881818911178
871 1411 905 1464 37
923 1439 960 1450 -
977 1407 1213 1476 88888881188888
1252 1437 1286 1448 -
1307 1409 1335 1460 ln
1351 1407 1430 1460 beato
1451 1409 1542 1460 loanne
1563 1419 1624 1460 curn
1643 1409 1723 1460 malla
1743 1403 1890 1458 innocentia
1980 1423 2050 1460 -a
2069 1409 2124 1466 Deo
2141 1415 2240 1466 electus
2258 1419 2283 1466 el
2307 1413 2469 1480 praeelectus
2489 1417 2513 1466 02
2530 1413 2568 1466 dr.

575 1497 718 1552 dubitantis
743 1499 779 1552 ad
805 1499 989 1552 certitudinem
1022 1499 1213 1562 discipularum
1252 1501 1307 1550 erat
1327 1509 1422 1560 magna
1446 1493 1600 1548 abstinentia
1631 1493 1662 1546 86
1691 1493 1890 1546 98-18818-
1927 1499 2053 1550 18888888
2071 1499 2178 1564 speciali
2204 1515 2316 1556 manere
2343 1501 2444 1566 gratiae
2468 1501 2566 1556 dilatus

530 1609 533 1614 ·
571 1583 636 1640 illd.
656 1613 691 1624 —-
710 1599 765 1638 non
782 1585 912 1642 dubitavit
929 1587 1065 1652 deprimo
1084 1585 1212 1648 adventu,
1251 1589 1321 1636 serto
1339 1581 1454 1638 ducebat
1470 1583 1553 1634 811888
1572 1581 1721 1646 religiosam
1743 1581 1890 1634 83888-
1928 1585 2094 1640 1811111980
2117 1589 2565 1656 9·-1811888118811811888188188

572 1675 606 1730 de
623 1689 678 1742 qao
692 1677 780 1728 certus
796 1681 859 1740 8881,
869 1675 916 1728 888
929 1675 965 1728 de
982 1675 1111 1728 descensu
1130 1675 1161 1728 ad
1176 1673 1213 1726 in·
1251 1675 1277 1726 ln
1295 1685 1329 1724 eo
1346 1673 1395 1724 luit
1412 1685 1511 1736 magna
1528 1671 1665 1724 austeritas
1682 1685 1743 1724 cam
1757 1671 1890 1724 sanctitate
1928 1679 1998 1730 dono
2015 1675 2198 1742 intelligentiae
2214 1677 2280 1732 tha
2302 1709 2335 1718 -
2357 1679 2468 1744 Spiritus
2485 1679 2566 1734 saneti

571 1769 642 1818 leros
659 1761 767 1816 tntu.-
784 1777 839 1816 nan
853 1763 983 1818 dubitavit
1003 1777 1033 1816 ex
1052 1763 1212 1826 infidelitate,
1250 1750 1321 1814 vitae
1344 1765 1371 1814 et
1384 1759 1543 1816 „innocentia
1565 1761 1595 1812 88
1616 1759 1649 1814 91
1669 1791 1704 1800 -
1721 1761 1890 1814 cummenda-
1927 1763 2050 1820 unctione
2067 1763 2190 1818 intellexit
2207 1767 2295 1832 utilia,
2322 1769 2441 1834 angelica
2468 1769 2566 1822 revela·

572 1859 615 1906 aul
635 1851 768 1916 tarditate,
781 1859 808 1906 ut
822 1853 956 1918 discipuli,
968 1855 1017 1906 sed
1030 1852 1146 1920 quadam
1159 1853 1213 1918 pie·
1251 1857 1292 1904 tur
1310 1849 1336 1904 in
1352 1849 1406 1902 8118
1427 1855 1556 1916 quantam
1576 1849 1609 1902 ad
1630 1849 1789 1904 existentiam
1811 1851 1890 1904 virta-
1927 1851 2169 1916 tioneabscondita‚
2179 1853 2271 1910 Christi
2284 1857 2432 1910 eruditione
2443 1859 2566 1912 sublimia

573 1947 623 1996 tate
643 1939 705 1994 1818.
722 1967 760 1982 -·
777 1943 834 1994 eius
851 1943 918 1996 lides
938 1943 984 1996 luit
1001 1943 1142 2008 perfectior
1159 1943 1212 1994 ilde
1251 1941 1282 1994 tis
1302 1943 1328 1992 et
1344 1939 1381 1992 ad
1398 1939 1559 1994 evidentiam
1578 1937 1719 1994 sanctitatis
1738 1939 1773 1996 ib.
1792 1943 1834 2006 93,
1854 1939 1888 1994 98
1927 1941 1990 2000 ilict.
2006 1973 2043 1980 -
2062 1939 2180 1994 Christus
2197 1939 2304 1996 beatam
2323 1947 2447 1996 loannem
2466 1947 2565 2012 specia-

472 2071 474 2076 ·
573 2029 831 2096 81881881888111175
843 2017 993 2084 ‘au-non
1007 2031 1134 2096 cognorit
1143 2031 1212 2084 Chri·
1250 2055 1284 2068 -
1304 2027 1395 2082 habuit
1413 2029 1535 2094 spiritum
1555 2029 1887 2084 88881108811881899839
1926 2035 1983 2088 11188
2002 2031 2117 2088 88881818
2133 2035 2159 2084 81
2172 2031 2315 2096 intelligere
2327 2033 2386 2084 iecit
2399 2031 2510 2086 ibid.-
2529 2033 2562 2086 ad

572 2125 642 2174 stam
659 2121 745 2174 solum
769 2121 795 2172 in
821 2121 937 2186 generali
962 2127 1021 2174 ante
1037 2119 1095 2174 eius
1114 2119 1214 2188 baptis·
1250 2147 1284 2158 -
1304 2119 1351 2174 luit
1370 2119 1552 2174 sanctissimas
1575 2117 1626 2172 877
1646 2119 1680 2172 88
1698 2149 1734 2158 ...
1752 2121 1815 2188 quia
1832 2135 1889 2174 san·
1928 2135 2060 2178 summam
2081 2135 2146 2188 prae
2167 2119 2290 2174 omnibus
2310 2119 2455 2174 trininitatis
2475 2123 2565 2186 cogni-

569 2223 654 2276 mum‚
677 2207 724 2262 sed
749 2211 828 2264 etiarn
853 2209 1023 2274 personaliter
1052 2209 1207 2264 11196171
1252 2207 1444 2274 ctissimas‚ab
1455 2209 1526 2264 omni
1547 2209 1653 2264 mollitie
1673 2211 1829 2264 carnalitatis
1841 2209 1889 2264 1811
1928 2213 2022 2268 tionem
2043 2211 2158 2266 ascendit
2178 2209 2240 2266 ilict.

571 2299 1212 2354 -88818888188881888188881888888888
1252 2299 1420 2354 8118888178
1443 2301 1654 2360 89-888888
1681 2315 1791 2354 numeru
1819 2299 1889 2354 viro·
1980 2331 2014 2342 -
2033 2303 2072 2356 Ad
2091 2303 2207 2356 officium
2235 2299 2435 2366 praedicationis
2461 2315 2567 2366 praeor-

572 2387 716 2456 discipulus
734 2387 785 2444 398
806 2389 840 2444 87
858 2387 889 2444 9*
1250 2403 1310 2444 rum
1328 2391 1542 2456 evangelicorum
1572 2395 1701 2458 quautam
1725 2391 1759 2444 ad
1777 2403 1889 2456 pauper·
1928 2393 2025 2470 88888118
2047 2397 2149 2444 8818888
2170 2397 2194 2444 81
2209 2391 2289 2444 881811
2302 2391 2451 2444 commissio
2466 2391 2564 2444 111939

623 2507 658 2516 -
677 2483 845 2546 contemptus
863 2479 910 2534 luit
930 2493 945 2532 8
963 2479 1109 2534 9888188818
1135 2485 1158 2534 81
1179 2485 1212 2534 le·
1251 2483 1328 2534 tatem
1345 2477 1410 2534 toll.
1929 2483 1944 2534 9
1961 2509 1998 2522 -·
2014 2481 2130 2548 88888811
2146 2479 2261 2534 alliciam
2282 2479 2485 2546 praedicationis
2505 2495 2562 2532 nun

573 2567 703 2634 gisperitis
718 2567 934 2636 superbientibus
954 2571 995 2622 Vll
1016 2571 1067 2622 880
1079 2571 1212 2624 55-18·
1302 2595 1338 2608 -
1356 2569 1497 2636 minuitur,
1516 2572 1651 2632 amputata
1682 2567 1765 2630 888188
1784 2567 1887 2620 111987
1928 2569 1959 2622 88
1989 2569 2099 2634 gloriam
2126 2583 2217 2630 stram,
2246 2571 2293 2622 sed
2319 2571 2356 2622 ad
2387 2569 2505 2622 divinam
2538 2573 2565 2621 ut

572 2657 630 2710 daei
649 2657 713 2708 certi
730 2665 806 2724 sunt,
827 2661 950 2712 loannem
968 2661 1126 2724 prophetam
1145 2673 1211 2724 esse,
1251 2657 1283 2708 53
1303 2685 1336 2696 -
1356 2657 1464 2708 81188118
1483 2657 1585 2710 loannis
1598 2655 1756 2720 proponitur
1773 2653 1851 2706 nobis
1864 2655 1887 2704 in
1928 2669 2019 2708 servus
2040 2657 2089 2708 988
2111 2659 2182 2708 9-
2198 2657 2308 2708 Ratione
2336 2657 2442 2720 triplicis
2471 2657 2564 2710 inlelli-
2612 2725 2613 2728 ,
2710 2705 2718 2720 ,

557 2751 681 2812 8888188
700 2745 922 2800 evidentissimam
943 2747 1105 2800 sanctitatem
1126 2749 1176 2800 509
1196 2747 1211 2798 7
1250 2747 1399 2810 exemplum
1420 2743 1643 2796 88881118808558
1665 2743 1676 2794 8
1928 2743 2030 2808 gantiae
2049 2741 2203 2796 sublimatas
2225 2743 2270 2796 1811
2289 2745 2321 2798 88
2346 2745 2499 2808 dignitatem
2518 2745 2564 2798 da·

571 2835 789 2890 -11881888188
800 2837 939 2900 prudentia
950 2837 1209 2900 8881888118881876
1304 2829 1888 2898 -988888118188188880888888888-
1927 2831 2022 2884 ctrinae
2051 2835 2179 2898 quantum
2207 2831 2241 2882 88
2268 2833 2421 2884 cathedram
2443 2835 2563 2898 aposloli·

551 2923 942 2978 -tn-commendataratas
957 2925 1040 2978 virtus
1055 2939 1116 2976 cirin
1129 2925 1212 2978 militi·
1250 2921 1311 2988 pliis
1337 2927 1377 2972 est
1394 2925 1519 2982 vocatas,
1538 2923 1566 2972 81
1582 2917 1727 2982 virginitati
1746 2915 1804 2970 eius
1820 2915 1888 2970 testi·
1926 2933 1999 2986 caim,
2017 2919 2447 2986 denuntiationempropheticam,
2469 2921 2564 2974 doctri-

575 3011 669 3064 88877
686 3015 713 3064 38
727 3013 1211 3076 -Commendalareiasprudentia,
1250 3009 1368 3062 monium
1386 3005 1507 3072 perhibet
1518 3005 1615 3060 Christi
1631 3005 1765 3058 lamiliaris
1784 3005 1896 3086 dilectio
1928 3023 1989 3062 narn
2006 3009 2186 3072 evangelicam
2204 3007 2274 3062 the
2379 3053 2380 3056 ,

576 3101 719 3152 innocentia
741 3107 767 3152 et
783 3101 907 3164 patientia
928 3101 961 3154 75
980 3101 1014 3152 99
1027 3127 1064 3140 -
1076 3097 1212 3152 Conamen·
1250 3103 1274 3150 et
1292 3095 1380 3150 lllalris
1397 3093 1551 3148 commissio
1577 3095 1612 3146 Vl
1640 3095 1726 3146 9858
1747 3121 1779 3132 -
1799 3107 1887 3146 amore
1980 3125 2015 3134 -
2035 3097 2235 3150 commendatur
2252 3113 2266 3150 8
2287 3099 2421 3168 sanctitate
2438 3099 2523 3162 ritae,
2549 3113 2562 3150 a

572 3189 648 3242 datar
666 3189 723 3240 8188
739 3189 904 3254 8811888881
931 3185 962 3240 88
1250 3185 1296 3238 081
1314 3183 1418 3252 reliquit
1445 3191 1547 3248 patrem
1575 3187 1605 3236 et
1630 3191 1742 3236 matrem
1764 3187 1792 3236 et
1809 3181 1887 3236 etiarn
1927 3185 2041 3238 claritate
2060 3185 2256 3250 intelligentiae,
2284 3185 2317 3238 ab
2347 3187 2493 3242 excellentia
2519 3189 2563 3242 du·

626 3303 660 3314 -
685 3275 731 3328 luit
760 3291 875 3340 magnas
900 3291 949 3342 per
976 3277 1046 3328 vitae
1074 3275 1209 3338 meritam,
1249 3287 1374 3342 sponsam
1392 3271 1445 3326 988
1463 3273 1480 3326 3
1496 3275 1596 3326 ·-8881
1614 3287 1727 3338 8888888
1746 3271 1771 3324 18
1791 3273 1887 3338 nuptiis
1926 3275 2024 3326 ctrinae
2052 3275 2085 3326 Vl
2114 3275 2166 3326 939
2189 3275 2197 3326 8
2224 3275 2370 3330 -dicitur
2399 3291 2491 3330 serras
2518 3275 2563 3328 Dei

534 3363 535 3366 ’
573 3365 656 3416 maior
676 3377 723 3428 per
752 3365 886 3418 doctrinae
910 3365 1107 3428 aregisleriam,
1134 3365 1212 3416 maxi·
1249 3365 1352 3416 Canaan
1371 3361 1422 3414 979
1443 3361 1476 3414 15
1494 3391 1529 3398 -
1548 3375 1599 3414 non
1619 3363 1751 3416 consensit
1767 3361 1795 3412 in
1809 3375 1888 3428 copu-
1926 3365 2026 3416 ratione
2045 3361 2179 3430 obsequii,
2195 3365 2298 3418 ratione
2325 3365 2406 3416 ollieii
2427 3365 2562 3430 praedica-

574 3453 1211 3518 8188888888688881811881888111187959-
1248 3455 1301 3506 lam
1319 3451 1449 3504 carnalem
1469 3449 1597 3512 absolate,
1616 3449 1657 3502 vel
1677 3449 1745 3504 licite
1757 3451 1887 3506 consensit
1926 3451 2016 3514 tionis,
2038 3451 2135 3504 ratione
2156 3451 2275 3506 benellcii
2300 3455 2421 3518 specialis
2438 3451 2474 3506 ib.
2492 3455 2507 3504 9
2528 3479 2562 3492 -

573 3553 626 3590 non
647 3539 746 3592 dicitnr
772 3541 855 3594 maior
875 3541 1015 3606 omnibus,
1035 3549 1065 3596 at
1086 3541 1212 3596 omnibus
1248 3539 1373 3596 11111.-
1395 3539 1474 3604 virgo
1491 3539 1647 3608 permansit,
1668 3539 1713 3594 8888
1734 3553 1809 3594 meas
1827 3553 1887 3594 can·
1926 3539 2375 3614 88811188188881188888119858

573 3629 745 3692 praeferatur,
758 3631 806 3682 sed
818 3631 890 3698 quod
899 3631 966 3684 alius
979 3645 1029 3684 nou
1043 3631 1121 3684 luerit
1129 3633 1212 3684 maiar
1249 3633 1356 3686 sentiret
1374 3627 1437 3684 told.
1979 3657 2013 3668 -u
2033 3635 2070 3682 est
2090 3629 2176 3694 figura
2192 3633 2460 3696 contemplativorum
2487 3637 2513 3682 et
2538 3631 2563 3682 in

574 3731 620 3790 co,
639 3731 689 3770 nec
705 3719 741 3770 88
759 3717 884 3772 omnibus
901 3721 1083 3772 universaliter
1103 3719 1211 3774 111111.-
1302 3723 1393 3772 -est
1412 3717 1569 3784 discipulae,
1582 3731 1665 3786 quem
1678 3715 1804 3784 diligebat
1815 3719 1886 3772 lesus
1925 3731 1956 3770 eo
1978 3719 2148 3784 designantur
2166 3719 2284 3784 virgines
2303 3719 2346 3774 Vll
2366 3721 2418 3772 938
2438 3719 2473 3770 85
2484 3745 2521 3758 «-
2534 3719 2564 3770 si·

574 3819 628 3858 non
638 3805 733 3860 dicitur
746 3807 829 3860 maior
838 3815 960 3874 respecta
971 3803 1113 3876 utriusque
1123 3821 1211 3872 sexus,
1249 3807 1348 3862 111980
1369 3809 1383 3860 9
1404 3835 1438 3846 -·
1455 3815 1511 3860 8881
1531 3809 1617 3872 caragis
1634 3803 1812 3860 dilectas'Vll
1834 3807 1886 3860 583
1926 3807 2034 3872 gnificat
2051 3807 2130 3860 vitam
2153 3809 2382 3874 contemplativam
2405 3809 2436 3860 111
2457 3809 2507 3862 598
2530 3809 2557 3862 58

573 3895 734 3948 sedtanlum
755 3895 837 3950 virilis
857 3895 919 3950 illd.
934 3899 1212 3950 -exlstimataresse
1250 3899 1278 3948 ll
1304 3923 1337 3936 -
1357 3901 1413 3950 erat
1430 3897 1575 3962 specialiter
1604 3895 1713 3948 dilectas
1741 3897 1887 3948 abomino
1926 3893 1955 3948 9*
1973 3921 2007 3934 -
2028 3897 2074 3948 Per
2095 3899 2216 3950 loannem
2233 3897 2481 3962 populnslndaicus
2498 3895 2565 3950 desi·

572 3983 706 4048 Christus,
726 3997 786 4038 carn
807 3985 837 4038 sit
858 3987 915 4040 eius
935 3985 1052 4040 minister
1068 3985 1102 4036 78
1122 3985 1156 4038 35
1178 4015 1212 4024 -
1250 3983 1754 4038 7189988-08818188818188818
1785 3985 1887 4036 tanrilla·
1926 3989 2020 4050 gnatnr
2040 3983 2092 4036 507
2112 3986 2144 4036 86

572 4073 1212 4142 8818118818810881818811195686-88881,
1249 4073 1353 4130 ritatem
1380 4071 1520 4126 exhibebat
1548 4073 1650 4136 loanni,
1679 4073 1741 4142 quia
1769 4073 1886 4138 iuvenis,
1979 4103 2013 4110 -
2033 4073 2208 4126 8881088818
2228 4071 2326 4128 188118
2346 4073 2440 4130 atrium
2460 4073 2565 4140 pontit-

573 4175 601 4214 se
622 4175 680 4214 esse
697 4161 827 4216 Christum
847 4163 891 4216 1111
910 4163 944 4216 78
963 4163 1048 4216 36-
1065 4179 1119 4218 nan
1136 4179 1212 4218 usur-
1250 4163 1326 4230 virgo
1349 4169 1375 4216 el
1402 4163 1527 4216 innocens
1552 4163 1710 4214 59959-
1729 4163 1887 4216 revelatione
1926 4161 1964 4214 818
1982 4165 2007 4214 88
2027 4163 2130 4214 Petrrrm
2151 4175 2181 4214 eo
2201 4163 2344 4216 introduxit
2360 4163 2395 4216 Vl
2414 4161 2465 4214 889
2481 4163 2562 4214 99-

572 4257 620 4316 881
637 4251 750 4314 gloriam
767 4251 871 4306 Christo
883 4251 1000 4306 debitam
1018 4251 1056 4308 18.
1070 4253 1106 4306 35
1250 4255 1292 4306 881
1311 4253 1393 4306 cerlis·
1407 4253 1490 4318 signis
1505 4257 1629 4318 noverat,
1642 4265 1672 4304 88
1684 4253 1767 4304 amari
1788 4253 1839 4304 598
1853 4253 1881 4304 51
1925 4249 2010 4304 818881
2030 4251 2100 4304 iuxta
2111 4263 2217 4304 cracem
2231 4253 2256 4304 et
2268 4265 2322 4304 noa
2334 4251 2447 4306 recessit
2461 4251 2510 4304 898
2531 4253 2563 4304 38

626 4367 661 4376 -
681 4327 979 4408 8118881888818111188,
997 4345 1041 4406 88,
1061 4355 1121 4394 oum
1136 4355 1213 4408 repa·
1250 4343 1383 4406 *magis
1395 4341 1555 4406 diligebatur
1573 4345 1600 4394 et
1617 4341 1715 4394 felicior
1731 4347 1786 4394 erat
1803 4339 1839 4394 18.
1859 4337 1887 4394 9*
1925 4365 1962 4378 -·-
1979 4337 2506 4394 0808888188]0881888818881811811
2523 4355 2565 4394 cu·

572 4433 640 4482 88188
659 4443 675 4482 8
694 4427 749 4484 Deo
766 4431 910 4494 maximae,
929 4431 1103 4496 ipsereputet
1121 4445 1148 4484 se
1169 4429 1213 4484 mi·
1249 4431 1383 4496 -magis
1396 4431 1554 4496 diligebatur
1571 4435 1699 4498 qnantum
1714 4431 1747 4484 ad
1759 4431 1887 4484 maiorem
1925 4429 2039 4484 stodiam
2048 4429 2136 4482 8181818
2146 4443 2209 4484 8888
2219 4429 2560 4496 9399-8888811111818888

570 4517 674 4570 nimum
698 4517 1212 4574 11117938-88888111888181888
1249 4519 1434 4574 exhibitionem
1454 4521 1593 4586 signorum
1611 4519 1755 4574 dilectionis
1775 4517 1838 4576 tttd.
1925 4517 2022 4574 Christi
2039 4525 2148 4586 propter
2165 4517 2343 4586 virginitatem
2362 4517 2414 4572 899
2430 4519 2563 4574 88-88-

571 4607 690 4662 attribuit
710 4607 879 4674 dignitatern,
898 4609 945 4664 sed
971 4609 1087 4664 ollicium
1107 4609 1139 4662 111
1161 4607 1212 4662 957
1302 4637 1338 4652 -··
1358 4611 1406 4664 luit
1424 4611 1490 4664 inter
1507 4609 1647 4676 Apostolos
1666 4609 1804 4664 familiares
1816 4607 1887 4664 Chri·
1925 4607 1994 4674 88811
2003 4609 2111 4662 Matrem
2120 4607 2218 4664 Christi
2228 4607 2252 4662 in
2262 4623 2308 4664 sua
2326 4609 2446 4664 88181888
2456 4609 2562 4664 servilia

572 4697 606 4748 89
625 4725 661 4736 -
680 4697 794 4752 missisa
813 4697 915 4752 ludaeis
932 4697 965 4752 ad
985 4711 1047 4752 eam
1064 4705 1212 4752 constanter
1249 4697 1887 4752 811111159889-181811181188188888881118-
1927 4697 2564 4766 89839-1811888888888818188888818188

571 4788 708 4839 consessas
721 4795 759 4840 est
777 4787 917 4840 veritatem
930 4787 963 4842 de
983 4801 1010 4840 se
1027 4787 1084 4854 ipso
1100 4787 1149 4838 956
1165 4787 1212 4856 85,
1249 4789 1320 4842 mino
1340 4787 1409 4840 inter
1427 4787 1492 4842 alias
1509 4793 1619 4854 propter
1637 4788 1735 4840 amoris
1747 4801 1888 4852 praeroga·
1926 4787 1953 4838 in
1972 4787 2049 4840 llatre
2068 4787 2163 4842 Christi
2181 4787 2351 4842 custodienda
2371 4789 2415 4840 vll
2434 4787 2485 4840 930
2507 4787 2539 4840 88

572 4873 606 4928 88
625 4901 660 4914 -
680 4889 693 4926 8
711 4877 833 4940 81881888
860 4877 1047 4928 aestimabatur
1064 4889 1122 4930 esse
1141 4875 1212 4930 Chri·
1249 4873 1889 4940 11881811189930-8888881888888888188
1979 4903 2014 4914 -
2033 4875 2157 4928 velociter
2174 4875 2245 4928 venit
2264 4877 2298 4928 ad
2315 4881 2515 4928 monumentum
2529 4875 2562 4926 Vl

570 4969 639 5026 stas,
653 4963 700 5016 sed
713 4963 914 5018 discernebatur
927 4967 950 5016 in
962 4965 1150 5018 miraculorum
1163 4965 1213 5018 vir·
1249 4967 1306 5040 lesa
1325 4967 1483 5019 8181188888
1500 4965 1888 5030 8818881118818818888188888
1925 4963 1978 5016 508
1997 4963 2024 5026 8,
2042 4963 2068 5014 5.
2092 4961 2142 5016 807
2171 4961 2260 5014 85-
2279 4963 2354 5016 818188
2372 4961 2501 5024 cucurrit,
2521 4963 2564 5012 vel

571 5051 696 5106 1888398
717 5051 751 5106 57
770 5055 1046 5120 -nullumsignaln
1064 5055 1137 5120 18811,
1158 5067 1212 5120 qtto
1250 5053 1302 5108 830
1320 5055 1355 5106 39
1373 5055 1410 5092 ’-
1427 5053 1551 5108 18808811
1568 5053 1595 5104 18
1613 5057 1721 5118 8881888
1747 5051 1843 5104 Christi
1860 5053 1888 5104 in
1925 5051 1986 5116 qaia
2006 5051 2092 5102 ianior
2109 5057 2178 5114 erat,
2208 5051 2250 5102 881
2275 5051 2337 5116 qaia
2357 5051 2393 5104 ad
2417 5051 2563 5110 videndum

571 5143 729 5206 ostenderet,
756 5157 786 5196 se
812 5155 872 5196 esse
889 5141 1022 5196 Christum
1052 5143 1104 5194 393
1123 5141 1158 5194 59
1177 5171 1213 5182 -
1249 5143 1424 5208 praecipuum
1442 5143 1549 5208 signam
1568 5141 1717 5194 dilectionis
1734 5139 1836 5192 59788
1853 5167 1889 5180 ·-
1925 5137 2084 5204 propensior
2096 5137 2353 5192 5055-181881811
2366 5139 2394 5192 in
2411 5141 2564 5204 sepulcrum

569 5239 639 5284 recte
659 5231 769 5282 sedixit
788 5229 928 5294 indignam
946 5233 1050 5284 solvere
1068 5231 1213 5294 corrigiam
1249 5233 1299 5284 Per
1316 5232 1440 5284 loannem
1461 5231 1488 5282 ia
1505 5211 1563 5282 sina
1585 5231 1641 5282 lesu
1661 5229 1835 5282 dormientem
1854 5229 1889 5280 in·
1924 5229 2044 5292 exemplo
2063 5225 2132 5280 Petri
2146 5227 2196 5278 506
2216 5227 2412 5294 9-88881811,
2430 5227 2563 5282 Christum

569 5319 739 5372 calceamenti
755 5319 864 5384 Christi,
881 5323 938 5372 tam
951 5333 1029 5384 vere,
1047 5323 1104 5370 lum
1119 5319 1214 5382 allego·
1250 5319 1401 5382 telliguntar
1419 5317 1553 5378 devotioni
1573 5317 1721 5368 insistentes
1738 5317 1786 5368 601
1808 5329 1836 5368 8.
1854 5319 1888 5368 93
1924 5315 2076 5380 surrexisse,
2086 5315 2128 5366 881
2139 5327 2235 5378 corpus
2247 5329 2306 5370 esse
2319 5315 2434 5370 ablatam
2448 5315 2520 5384 ilict,
2531 5317 2564 5368 10

569 5405 693 5460 8188958
715 5405 747 5458 56
767 5435 804 5444 --
822 5405 956 5472 gaudebat
969 5407 1002 5460 de
1021 5405 1116 5458 Christi
1133 5405 1214 5456 exrel-
1249 5433 1287 5446 ·-
1304 5419 1383 5472 supra
1404 5411 1495 5470 pectas
1521 5407 1578 5458 lesu
1597 5403 1731 5468 8888111818,
1750 5411 1781 5456 ut
1803 5419 1890 5456 secra·
1978 5403 2094 5470 -81811,
2106 5417 2136 5456 88
2149 5405 2253 5456 venisse
2266 5405 2297 5456 ad
2312 5413 2523 5472 aronamentum,
2536 5411 2565 5460 ut

570 5495 648 5548 tentia
659 5487 793 5560 *tanquam
811 5493 928 5560 amicus,
939 5507 994 5546 non
1014 5490 1119 5546 dolebat
1133 5499 1164 5546 at
1175 5491 1215 5542 in·
1250 5497 1306 5546 tum
1325 5493 1428 5546 audiret
1448 5493 1497 5544 838
1518 5493 1551 5546 39
1570 5521 1607 5530 -
1623 5491 1796 5546 recumbebat
1808 5505 1890 5558 super
1924 5493 2030 5546 Petrum
2048 5491 2098 5546 sibi
2117 5499 2263 5558 praeponat
2280 5495 2379 5548 81817
2395 5495 2425 5548 16
2441 5497 2562 5562 -prius

571 5579 723 5636 81888987
743 5581 786 5634 59.
806 5579 927 5634 98860
1250 5587 1344 5646 888188
1360 5579 1467 5634 Domini
1478 5587 1578 5634 secrete
1598 5585 1621 5632 et
1640 5585 1742 5648 poterat
1760 5593 1890 5648 quaerere
1925 5581 2054 5644 cucurrit,
2083 5581 2130 5636 sed
2155 5595 2209 5634 non
2231 5581 2349 5636 introivit
2367 5585 2394 5636 in
2411 5585 2563 5650 sepulcrum
2627 5645 2631 5648 ,

624 5699 662 5710 -
679 5667 884 5722 Commendatar
911 5669 968 5720 eius
985 5669 1109 5722 meritam
1131 5681 1214 5736 qaan-
1250 5669 1297 5722 831
1322 5669 1406 5724 819*
1423 5675 1506 5724 —ut
1533 5669 1668 5724 familiaris
1695 5669 1805 5724 idoneus
1835 5679 1890 5726 erat
1925 5669 2056 5738 alligata
2077 5671 2363 5738 88881118881811888.
2384 5675 2562 5742 -188888-

570 5763 627 5812 tam
648 5757 682 5810 ad
695 5755 867 5810 constantiam
879 5761 1000 5822 respectu
1021 5757 1168 5810 difficilium
1186 5761 1215 5810 et
1250 5757 1388 5828 inquisitor
1409 5759 1458 5812 899
1480 5759 1524 5814 99.
1543 5759 1595 5814 830
1613 5759 1648 5812 30
1926 5761 2010 5814 rendo
2029 5761 2145 5816 velocior
2161 5769 2229 5826 arat,
2249 5763 2294 5816 sed
2317 5763 2565 5816 inconsideratione
2625 5831 2628 5834 Ι

569 5845 752 5900 abstinentiam
765 5851 886 5910 respecta
901 5843 1148 5900 88188188111818711
1163 5845 1213 5900 877
1302 5875 1340 5888 -
1358 5849 1406 5902 1811
1431 5849 1627 5904 amantissimus
1652 5849 1755 5902 Domini
1774 5851 1818 5904 vll
1838 5851 1890 5906 890
1925 5849 2123 5904 881818888505
2143 5853 2157 5904 6

570 5935 606 5990 87
624 5963 660 5974 —-
678 5933 833 5988 laudatura
853 5933 1076 6002 Chrislopropter
1094 5939 1214 5990 constan·
1250 5935 1285 5990 83
1303 5963 1340 5978 -·
1357 5937 1405 5990 luit
1422 5937 1584 6002 praecipuus
1606 5943 1709 5990 amator
1735 5937 1841 5992 Domini
1864 5945 1892 5992 et
1977 5947 2142 5992 —certum
2171 5939 2349 5994 testimoniam
2382 5941 2504 6008 perhibet
2529 5941 2565 5994 Vl

571 6025 633 6080 11818
653 6023 688 6078 ab.
711 6023 957 6078 88-1811188118
980 6029 1005 6076 et
1026 6025 1093 6080 lixas
1113 6023 1140 6076 in
1161 6025 1214 6080 088
1250 6025 1356 6080 honoris
1373 6027 1431 6080 eius
1450 6027 1595 6080 aemulator
1612 6027 1665 6080 985
1684 6027 1714 6078 91
1732 6053 1767 6064 -
1779 6027 1892 6092 diligens
1926 6029 1978 6080 599
1998 6029 2032 6082 55
2049 6057 2086 6068 -
2103 6035 2206 6082 certum
2232 6029 2411 6082 testimonium
2432 6029 2567 6096 perhibuit

569 6121 597 6170 et
614 6115 640 6166 in
661 6113 734 6168 omni
751 6111 867 6168 bonitale
886 6111 948 6170 totu.
1192 6179 1193 6182 Ἴ
1251 6115 1339 6168 statim
1357 6117 1482 6182 cognovit
1500 6117 1588 6170 lesum
1605 6117 1641 6170 Vl
1659 6115 1712 6170 597
1730 6113 1765 6168 88
1925 6119 1962 6170 88
1979 6121 2065 6170 morte
2083 6117 2193 6184 Christi,
2211 6119 2274 6184 quia
2291 6119 2349 6182 ipse
2369 6117 2436 6170 vidit
2453 6121 2478 6170 81
2492 6131 2568 6182 prae·

621 6233 660 6244 -
677 6203 726 6258 Per
739 6203 934 6272 inspirationem
951 6217 1095 6270 supernam
1112 6207 1213 6260 lactum
1303 6233 1340 6244 -
1357 6211 1413 6260 erat
1430 6205 1497 6260 inter
1516 6207 1656 6272 Apostolos
1682 6205 1770 6272 magis
1795 6205 1891 6272 princi·
1926 6219 1986 6260 sens
2006 6207 2052 6260 hrit
2072 6209 2118 6260 501
2143 6207 2176 6260 83
2196 6235 2230 6244 -
2250 6221 2277 6262 se
2296 6195 2403 6262 adducit
2416 6211 2523 6272 testem,
2536 6213 2567 6260 ut
2641 6227 2643 6230 ·

572 6293 1077 6362 88888888180881818888888811111
1096 6295 1125 6348 71
1150 6295 1215 6348 7-
1250 6295 1323 6362 88188
1343 6293 1458 6350 1111583
1478 6295 1506 6348 88
1531 6321 1566 6334 -
1585 6297 1642 6348 8811
1658 6295 1727 6350 88188
1745 6309 1761 6346 8
1779 6293 1891 6364 Christe,
1926 6295 2009 6350 fldem
2026 6303 2144 6350 nostram
2161 6301 2275 6360 astruat,
2303 6309 2401 6362 numen
2429 6299 2511 6358 tacet,
2536 6301 2568 6348 at

570 6383 716 6452 baptizavit
736 6381 815 6450 longo
838 6389 1120 6452 tempore,p0stquam
1140 6383 1212 6438 Chri·
1250 6389 1339 6438 atrum
1358 6385 1546 6440 documentum
1576 6383 1727 6438 hamilitatis
1752 6383 1891 6438 etiamad
1927 6383 2076 6438 iactantiam
2093 6381 2441 6438 8118888818888188880

543 6483 546 6490 “
570 6479 627 6528 8188
640 6473 728 6540 primo
746 6473 855 6528 advenit
866 6473 893 6526 in
912 6473 1051 6526 Galilaeam
1064 6473 1098 6528 vl
1112 6473 1165 6526 967
1177 6473 1217 6528 99,
1250 6479 1387 6526 exhorreas
1405 6487 1433 6528 se
1452 6473 1576 6528 extendat
1598 6473 1652 6524 985
1676 6473 1712 6524 90
1729 6499 1767 6512 -
1784 6471 1891 6525 volebat
1979 6499 2017 6512 -
2033 6473 2139 6536 scripsit
2154 6473 2283 6536 Epistolas
2313 6479 2439 6540 tanquam
2460 6473 2568 6536 praedi-

542 6585 543 6588 ¹
570 6591 606 6602 -
629 6563 744 6630 baptizat
770 6563 882 6616 exterius
909 6563 961 6616 960
985 6561 1021 6614 65
1039 6591 1075 6602 --·
1093 6563 1151 6614 eius
1167 6561 1215 6614 ba·
1251 6563 1392 6616 excludere
1409 6575 1423 6614 8
1443 6563 1637 6628 praedicatione
1664 6561 1778 6614 nominis
1794 6559 1891 6614 Christi
1927 6567 2001 6614 calor
2021 6563 2200 6626 authenticae,
2226 6555 2412 6628 apocalypsim
2441 6567 2567 6630 anquam

504 6701 507 6712 ,
570 6653 684 6718 plismas
710 6651 1215 6716 888888818818118688188891189
1251 6651 1296 6720 qai
1305 6651 1450 6706 Dominam
1460 6665 1514 6704 noa
1526 6649 1651 6704 amabant
1661 6647 1698 6704 ib.
1710 6651 1738 6704 98
1757 6651 1892 6704 -exclu-
1927 6653 2056 6714 propheta
2083 6649 2208 6714 eximius,
2240 6653 2411 6718 Evangelium
2441 6653 2567 6716 tanquam

571 6739 878 6808 89-888888118818
899 6739 1055 6794 informabat
1074 6739 1107 6794 ad
1125 6741 1216 6806 poeni·
1251 6741 1368 6794 dandum
1388 6745 1494 6806 putata
1516 6737 1645 6792 beneficio
1666 6739 1713 6806 qui
1731 6753 1785 6794 non
1802 6743 1892 6794 utatur
1927 6737 2015 6792 scriba
2032 6735 2202 6792 doctissimus
2218 6739 2254 6792 Vl
2273 6739 2325 6792 980
2345 6739 2361 6792 8
2381 6767 2415 6778 -
2436 6737 2460 6788 in
2480 6737 2569 6802 cathe-

571 6829 692 6894 tenliam,
706 6827 750 6880 sed
767 6843 817 6882 nan
838 6827 1143 6900 iaciebatremissionem
1157 6835 1219 6894 888
1252 6827 1381 6896 obsequio
1395 6827 1458 6882 1818.
1472 6833 1546 6880 -et
1558 6827 1668 6882 1888888
1686 6827 1817 6894 indignati
1830 6833 1892 6880 sunt
1928 6825 1975 6880 dra
1994 6827 2136 6894 apostolica
2156 6827 2271 6880 erudivit
2299 6831 2451 6894 praesentes
2478 6821 2568 6876 verbis

571 6913 1215 6982 88188888799-88888811888888888888-
1251 6921 1344 6970 cantra
1370 6917 1546 6970 samaritanos
1575 6923 1599 6970 el
1616 6913 1740 6968 volebant
1760 6929 1805 6968 eos
1831 6929 1892 6980 per·
1928 6921 1954 6968 et
1970 6915 2092 6968 absentes
2120 6915 2240 6980 Epistolis
2258 6913 2322 6970 81118.
2338 6945 2375 6954 -
2393 6915 2511 6964 81888188
2528 6917 2569 6964 881
