5900 8266
1071 515 1264 586 COMMENT.
1287 523 1326 588 IN
1348 519 1587 590 Ethddnntdtt
1611 517 1729 582 thala
1754 515 1784 580 C.
1810 517 1908 584 XXlli.

500 689 546 750 est
571 683 635 754 rita
655 691 796 766 aeterna,
821 693 855 754 ut
880 697 1067 774 cognoscant
1088 697 1120 756 te
1142 691 1246 760 solum
1271 697 1373 762 Deum
1402 715 1456 764 re-

500 805 592 870 rum,
616 795 648 858 ει
669 809 765 878 quern
785 791 897 860 misisti
920 793 1023 860 lesum
1046 793 1206 862 Christum
1222 823 1255 862 ».

548 999 591 1072 De
614 1001 730 1072 Christi
755 1001 854 1072 morte
878 999 911 1072 et
935 999 1145 1072 tumulatione
1167 1001 1320 1076 deantur
1340 1003 1410 1074 dno.

589 1215 641 1282 53.
666 1219 752 1282 lirnt
774 1219 886 1280 uatem
907 1213 977 1300 fere
1002 1211 1086 1282 hora
1108 1221 1203 1282 senta
1225 1225 1284 1284 etc.
1311 1217 1382 1282 Post
1403 1215 1456 1282 da

500 1321 649 1406 scriptam
677 1321 792 1388 Christi
825 1319 1153 1404 comprehensionem,
1187 1321 1382 1402 illusionem,
1405 1339 1456 1388 ac-

500 1427 693 1494 cusationem
714 1429 747 1492 ει
773 1423 1061 1492 condemnationem
1082 1431 1114 1492 et
1137 1425 1376 1492 crucifixionem
1405 1425 1457 1492 bic

500 1531 648 1600 describit
662 1531 857 1618 Euangelista
873 1531 942 1600 eius
957 1539 1093 1598 mortem
1110 1537 1140 1600 et
1158 1531 1410 1600 tumulationem
1424 1533 1457 1608 1,-

500 1643 531 1704 et
554 1637 632 1702 haec
653 1637 750 1702 habet
771 1643 878 1720 partes
899 1639 987 1706 duas.
1013 1639 1045 1702 ln
1070 1653 1206 1722 quarum
1229 1637 1331 1720 prima
1352 1637 1457 1720 agitur

500 1741 537 1810 de
561 1747 683 1820 mora,-
704 1741 738 1808 in
761 1743 911 1822 secunda,
937 1743 974 1810 de
998 1743 1187 1828 sepultura,
1209 1741 1297 1808 thir:
1323 1743 1456 1822 Htecce,

500 1847 554 1912 air
577 1847 708 1936 nomine
729 1847 837 1936 losept
847 1901 853 1914 .

589 1953 678 2022 Circa
701 1953 951 2042 descriptionem
971 1959 1079 2020 autem
1103 1951 1220 2020 mortis
1240 1951 1366 2020 Christi
1379 1971 1456 2038 qua-

335 2079 393 2122 nta
407 2075 487 2122 cerasa
501 2067 575 2128 tuor
608 2059 870 2140 introducuntur,
897 2059 1015 2126 scilicet
1049 2057 1215 2126 mirabitis
1251 2059 1455 2144 perturbatio

349 2131 479 2176 describitur

334 2195 375 2240 por
389 2187 486 2238 quatuor.

343 2497 480 2542 perturbatio

371 2551 454 2596 mundi.

335 2707 480 2754 Contrariatas

362 2761 458 2806 solritur.

501 2165 635 2244 mancii,
658 2165 849 2254 iacrpmosa
873 2165 1056 2248 exspiratio
1085 2163 1224 2242 Christi,
1249 2163 1354 2250 idetis
1382 2183 1456 2230 eon·-

500 2269 599 2356 fessio
624 2271 827 2338 centurionis
842 2277 874 2338 ει
893 2269 1107 2338 tremebunda
1125 2271 1329 2356 eernpuaetio
1341 2269 1455 2356 piebis.

590 2377 641 2444 54.
658 2377 762 2464 (Pers.
777 2377 831 2444 hb.
843 2377 922 2460 td).
937 2377 1039 2444 Primo
1057 2375 1152 2464 igitur
1169 2383 1323 2464 quantum
1340 2377 1380 2444 ad
1395 2377 1457 2444 mi-

500 2481 638 2550 rabilem
645 2483 933 2568 perturbationem
944 2483 1080 2562 mandi,
1097 2501 1180 2570 quae
1193 2489 1326 2550 mortem
1341 2481 1458 2548 Christi

500 2589 679 2668 antecessit,
702 2589 789 2656 dicit:
809 2591 892 2656 lirat
907 2595 1017 2656 autem
1032 2587 1103 2674 fere
1120 2587 1203 2654 hera
1225 2595 1329 2656 secta.
1346 2623 1390 2638 -·-
1405 2587 1458 2652 Di-

501 2695 583 2764 citur
597 2701 704 2762 aotem
727 2695 849 2762 loannis
872 2695 993 2762 decimo
1008 2711 1089 2760 nono
1102 2693 1126 2774 ³,
1149 2693 1235 2780 qaod
1263 2719 1279 2752 e
1296 2699 1365 2762 erat
1380 2695 1458 2760 hora

503 2809 591 2870 sexta
603 2827 636 2882 a,
659 2801 784 2886 quando
801 2801 975 2870 crucifixas
992 2805 1038 2868 est
1054 2801 1156 2880 lesus;
1175 2805 1205 2868 et
1220 2799 1314 2866 hlarci
1337 2797 1458 2866 decimo

452 2953 453 2956 ,
502 2907 630 2994 quinto,
653 2907 739 2992 quod
767 2933 782 2966 <c
800 2917 867 2974 erat
890 2909 969 2984 hora
993 2907 1084 2974 tertia
1104 2931 1140 2986 »;
1165 2913 1197 2974 ει
1217 2907 1330 2986 Lucae,
1356 2911 1457 2974 rema-

502 3017 553 3078 vet
576 3011 666 3078 istam
692 3013 954 3092 controversiam,
978 3011 1161 3090 ostendens,
1187 3011 1268 3098 quod
1287 3007 1353 3077 'fnit
1376 3011 1457 3106 inter

503 3113 627 3180 tertiam
641 3119 673 3180 et
689 3121 811 3180 sextam
823 3115 948 3196 horam,
965 3115 1018 3182 sed
1035 3117 1107 3202 plus
1124 3117 1253 3184 accessit
1267 3115 1308 3182 ad
1319 3123 1456 3194 sextam

395 3273 396 3276 ,
503 3219 585 3286 unde
601 3219 813 3304 Evangelistae
828 3219 881 3286 alii
896 3221 1059 3288 nominant
1073 3227 1231 3302 extrema,
1244 3225 1274 3286 ει
1290 3223 1389 3288 Lucas
1404 3239 1458 3288 ex·

502 3325 609 3412 primit
632 3325 765 3402 mediam
782 3325 930 3392 borani.
953 3327 987 3394 ln
1010 3327 1070 3394 hac
1093 3331 1185 3394 sexta
1207 3329 1287 3394 bora
1314 3333 1344 3394 et
1369 3331 1458 3394 sexta

502 3439 601 3500 aetate
618 3439 648 3500 et
667 3437 759 3500 sexta
779 3431 858 3498 feria
874 3431 1049 3498 crucifixus
1072 3439 1119 3498 est
1134 3433 1219 3506 lesus
1244 3451 1302 3518 pro
1316 3433 1458 3512 homine,

502 3539 558 3622 qui
580 3537 639 3604 luit
662 3543 753 3604 sexta
775 3535 825 3604 die
848 3535 1038 3604 formatusi.
1068 3573 1110 3586 --
1138 3537 1209 3604 Post
1232 3537 1312 3604 hanc
1335 3547 1458 3604 sextam

503 3643 632 3724 horam,
654 3643 778 3712 Christo
803 3643 956 3728 pendente
984 3643 1015 3708 in
1040 3661 1134 3710 cruce
1156 3651 1188 3708 ει
1218 3641 1459 3728 approximante

431 3827 432 3830 ¹
503 3747 541 3814 sd
564 3753 715 3826 mortem,
740 3747 819 3814 facta
848 3751 897 3814 εει
920 3745 1106 3814 universalis
1136 3745 1305 3812 commotio
1334 3751 1460 3814 creato-

350 4075 482 4122 Notandum.

504 3843 558 3920 rae
568 3877 576 3934 ;
599 3851 685 3920 unde
700 3853 802 3920 addit:
821 3853 861 3920 Hi
877 3851 1023 3918 tenebrae
1038 3849 1149 3940 factae
1172 3859 1251 3918 sunt
1268 3851 1306 3918 in
1327 3851 1460 3920 urtioer-

502 3979 576 4026 sam
593 3961 744 4026 terram6
761 3979 865 4046 aspice
881 3959 915 4024 in
930 3955 1048 4024 horam
1063 3977 1198 4038 itonam,
1214 3967 1246 4024 ει
1262 3957 1461 4024 obscuratas

503 4073 550 4132 est
571 4065 629 4132 soi.
652 4065 714 4132 Hae
738 4071 842 4132 autem
868 4065 1014 4132 tenebrae
1037 4083 1100 4132 non
1124 4071 1298 4150 potuerunt
1313 4081 1380 4132 esse
1403 4081 1460 4150 per

503 4177 666 4252 naturam,
692 4169 772 4238 sicut
795 4171 831 4236 ιιι
861 4171 1002 4256 eclipsis,
1025 4169 1139 4254 triplici
1172 4189 1212 4238 ex
1244 4187 1356 4248 causa,
1379 4169 1460 4236 scili-

503 4285 552 4344 cet
575 4277 649 4360 quia
672 4277 748 4342 lana
770 4281 837 4342 erat
862 4275 1095 4362 quartadecima
1109 4277 1131 4356 ⁷,
1154 4281 1187 4342 ει
1208 4275 1253 4342 ita
1267 4273 1300 4342 in
1322 4273 1461 4360 perlecta

503 4371 647 4450 distantia
671 4401 690 4450 a
712 4383 795 4462 sole;
819 4387 849 4450 ει
875 4381 948 4468 quia
971 4381 1095 4466 eclipsis
1118 4397 1181 4448 non
1202 4381 1309 4448 aufert
1333 4381 1460 4446 omnino

504 4489 610 4556 lumen
635 4487 780 4554 omnibus
804 4487 946 4572 partibus
968 4491 1089 4566 tarrae3
1115 4491 1144 4554 ει
1169 4485 1327 4572 quianon
1360 4491 1461 4570 potest

504 4599 647 4678 perires
671 4595 766 4660 horas
789 4593 923 4662 durare:
947 4597 978 4660 ει
1007 4591 1077 4660 ideo
1100 4591 1151 4660 hic
1184 4591 1302 4676 triplex
1322 4589 1461 4656 miracu-

1293 4937 1396 4992 2Vers.
1417 4939 1459 4992 54).

575 4939 584 4972 ¹
605 4939 656 4996 Cir.
675 4955 755 5006 snpra
772 4953 795 4992 c.
815 4943 857 4994 22.
874 4955 898 4992 ε.
920 4941 961 4992 59.

575 5029 585 5060 ³
605 5029 825 5098 Vers.1td‚post
848 5043 929 5098 quem
953 5029 1031 5082 hiare.
1052 5027 1098 5094 45,
1124 5029 1167 5080 25.
1187 5029 1244 5084 Vat.
1267 5031 1364 5094 allegat
1380 5029 1458 5080 etiam

506 5119 591 5174 llattlt.
614 5119 658 5184 27,
681 5117 723 5170 15.

575 5205 586 5236 ⁴
605 5207 657 5262 Cir.
677 5209 702 5260 S.
721 5209 831 5272 Bonan,
851 5207 997 5260 Commeat.
1016 5207 1128 5260 in'loan.
1146 5219 1172 5260 c.
1195 5207 1236 5260 te.
1253 5221 1278 5258 o.
1299 5207 1342 5260 25.

576 5293 655 5350 ὅ[Σιι.
677 5299 740 5348 Gen.
761 5295 789 5360 4,
810 5299 853 5348 25.
872 5309 945 5362 seqq.
963 5295 1032 5350 Vide
1051 5311 1128 5360 supra
1142 5309 1204 5362 pag.
1225 5297 1271 5362 ab,
1292 5301 1379 5348 notam
1400 5295 1441 5348 ld.

575 5379 586 5410 ⁰
606 5383 690 5438 Codd.
707 5381 727 5436 C
739 5383 821 5436 HGH
837 5383 867 5436 iu
879 5383 1007 5438 unieret-se
1019 5385 1095 5438 terra
1101 5403 1113 5450 ,·
1126 5383 1159 5436 ita
1173 5383 1250 5436 etiam
1262 5383 1333 5436 Beda
1347 5383 1460 5444 etCard.

506 5469 590 5536 Hugo.
603 5497 638 5508 -
650 5467 741 5536 Cyrill.
757 5469 892 5524 Alexandr.
907 5471 933 5524 in
945 5473 1007 5524 Luc.
1026 5473 1073 5536 23,
1088 5469 1134 5524 ii:
1146 5471 1203 5536 lpse
1217 5483 1324 5538 quoquc
1343 5473 1461 5524 creatura

507 5557 647 5608 Dominum
667 5571 745 5608 sunm
763 5557 891 5628 dedebat,
911 5559 1024 5626 ideoque
1044 5559 1082 5610 sol
1101 5557 1322 5612 obtenebrahatnr
1341 5565 1389 5610 etc.

576 5641 657 5698 'Cla
687 5659 766 5710 sopra
795 5661 816 5698 c.
843 5647 885 5698 22.
909 5661 937 5698 n.
962 5647 987 5698 9.
1010 5653 1035 5698 ει
1059 5647 1180 5714 Hieron,
1202 5647 1245 5700 tV.
1268 5645 1416 5700 Commeat.
1435 5645 1461 5698 in

507 5733 593 5784 llatth.
614 5733 660 5796 27,
681 5731 723 5782 15.

577 5815 587 5848 ⁶
608 5819 675 5872 Vide
694 5819 768 5872 llich.
790 5821 919 5890 Syngelli,
932 5823 1028 5876 Encon.
1043 5823 1069 5874 in
1082 5823 1188 5888 Dionys.
1201 5823 1349 5890 areopag,
1367 5823 1393 5874 P.
1408 5821 1463 5874 Hal·

507 5909 570 5972 loix,
588 5909 648 5962 Vita
668 5911 693 5960 S.
713 5907 819 5974 Dionys.
838 5923 862 5962 c.
881 5911 904 5960 4.
926 5911 951 5962 ln
974 5911 1089 5964 breviar.
1114 5913 1233 5964 Romano
1256 5911 1292 5980 (9.
1316 5911 1381 5978 Oct.)
1402 5911 1463 5978 legi-

508 6001 562 6050 tur:
584 6017 597 6046 u
615 5995 693 6064 Qui...
705 5997 864 6048 exclamasse
882 5997 1005 6050 traditur:
1018 5999 1068 6052 Αει
1087 6001 1157 6052 Deus
1170 6005 1278 6054 naturae
1297 6001 1405 6068 patitur,
1419 6007 1464 6054 aut

508 6085 599 6140 tntrndi
619 6085 739 6144 machina
757 6085 916 6138 dissolvetur
928 6105 951 6136 n.

578 6169 690 6238 ⁹Epist.
716 6173 743 6226 7.
773 6173 816 6240 (ad
844 6171 991 6238 polycarpi
1015 6175 1032 6238 g
1052 6177 1080 6238 2,
1109 6173 1153 6226 obi
1184 6175 1329 6242 Polycarpo
1352 6177 1462 6230 modom

508 6261 662 6324 praescrihit
681 6259 774 6328 agendi
794 6273 855 6312 cnm
873 6257 1054 6326 Apollophane
1070 6263 1242 6328 philosopho,
1260 6265 1308 6328 qui
1331 6277 1381 6316 arna
1401 6277 1463 6316 cum

507 6349 631 6412 Dionysio
650 6351 718 6402 iuxta
739 6347 892 6412 Heliopolim
918 6347 957 6416 (in
982 6349 1113 6416 Aegypto)
1137 6349 1318 6414 prodigiosam
1344 6353 1463 6416 eclipsim

508 6435 580 6490 addit.
601 6439 693 6490 Versio
713 6443 753 6490 est
774 6437 843 6490 Secti
864 6435 990 6502 Erigenae
1009 6435 1077 6502 (Vnt.
1094 6437 1173 6488 aliam
1193 6439 1292 6488 horum
1312 6437 1462 6490 versionem

507 6523 613 6578 exhibet
630 6523 816 6592 diausiorern),
835 6525 862 6576 tn
879 6539 933 6592 qua
950 6529 1038 6576 tamen
1058 6537 1107 6588 pro
1124 6523 1282 6578 subeuntem
1307 6529 1389 6576 textus
1415 6523 1464 6576 ori-

508 6611 601 6676 ginalis
614 6609 771 6666 incidentem
791 6619 816 6664 et
832 6625 882 6676 pro
902 6609 1113 6672 Conscissionem
1126 6609 1215 6678 ipsam
1232 6609 1364 6664 substituit
1382 6607 1464 6664 Occu·

508 6697 672 6770 semipsum
692 6693 893 6768 (abriperetur
914 6691 1013 6766 αὐτὴν),
1035 6701 1061 6752 S.
1079 6699 1175 6752 Thom.
1200 6695 1266 6764 (Cat.
1286 6697 1375 6764 aurea)
1395 6695 1464 6750 Inci-

507 6787 642 6854 cientium,
656 6789 705 6840 alta
724 6787 811 6840 versio
832 6785 984 6842 Occursum
1002 6785 1092 6842 ilium.
1124 6791 1126 6794 ’

2413 517 2472 584 581

1518 697 1584 764 lura
1608 691 1678 760 fuit.
1703 691 1740 758 nt
1760 697 1929 778 propterea
1954 693 2091 760 refertar
2105 693 2128 774 ⁸,
2152 695 2238 778 qaod
2263 695 2375 762 beatus
2404 693 2478 760 Dio-

1518 801 1645 886 nysius,
1670 817 1744 866 com
1763 802 1844 863 esset
1860 799 1890 862 in
1915 799 2052 882 Aegypto
2066 805 2098 866 ει
2120 799 2241 864 rideret
2255 799 2340 864 illam
2358 799 2478 868 wobscu-

1519 907 1690 986 rationem,
1712 901 1812 970 dixit:
1841 927 1858 960 c
1872 901 1933 968 hut
1953 901 2107 970 elementa
2122 907 2305 982 mutantur,
2320 909 2376 970 aut
2390 905 2477 970 Deus

1518 1015 1650 1076 naturae
1667 1009 1797 1094 patitur,
1809 1011 1839 1074 et
1856 1005 2007 1072 elementa
2021 1003 2079 1072 sibi
2097 1005 2330 1090 compatiuntur
2343 1033 2374 1072 s.
2389 1003 2478 1072 Unde

1519 1123 1551 1180 et
1566 1115 1633 1198 ipse
1647 1113 1722 1180 dicit
1739 1113 1768 1180 in
1789 1111 1923 1198 Epistola
1937 1117 2048 1178 contra
2069 1109 2351 1196 apollophanem:
2376 1111 2476 1190 «bic,

1520 1219 1596 1300 quid
1628 1219 1704 1286 dicis
1736 1219 1773 1286 de
1797 1217 1919 1304 eclipsi,
1942 1231 2023 1300 qnae
2048 1211 2107 1282 luit
2135 1215 2169 1280 in
2192 1217 2321 1282 salutari
2354 1219 2477 1282 cruce?

1520 1321 1650 1404 Utrique
1676 1321 1758 1390 enim
1780 1323 1876 1390 simul
1898 1321 2059 1390 constituti
2089 1321 2353 1405 apudcivitatem
2384 1321 2476 1398 solis,

1519 1425 1704 1492 mirabiliter
1729 1425 1867 1496 uidimus
1881 1427 1989 1494 lunam
2011 1427 2198 1492 subeuntem
2216 1423 2289 1504 soli3
2312 1423 2477 1490 nonenim

1520 1533 1587 1596 arat
1612 1535 1737 1614 tempus
1759 1531 2003 1612 coniunctionis;
2027 1537 2091 1600 eta
2115 1549 2196 1598 nona
2217 1531 2297 1596 hora
2318 1529 2477 1614 usquead

1520 1651 1686 1718 vesperam
1707 1635 1816 1702 lunam
1840 1637 2026 1704 adtametro
2044 1639 2099 1706 soli
2123 1635 2406 1722 supernaturaliter
2422 1651 2478 1720 op-

1520 1741 1652 1824 positam
1670 1765 1704 1820 ε;
1730 1747 1863 1824 etpost:
1886 1767 1901 1798 r<
1918 1741 2163 1810 Conscissionem
2178 1743 2277 1828 ipsam
2301 1741 2340 1808 ab
2357 1741 2477 1808 oriente

1520 1845 1656 1912 vidimus
1679 1843 1878 1930 incipientem
1901 1851 1934 1912 ει
1955 1847 2131 1914 venientem
2156 1867 2257 1934 usque
2281 1847 2319 1914 ad
2343 1845 2476 1914 solarem

1520 1951 1707 2030 terminum,
1732 1949 1842 2016 deinde
1867 1951 2160 2020 retrocedentem».

1612 2059 1662 2122 55.
1681 2055 1716 2122 Et
1733 2055 1808 2140 quia
1822 2053 1967 2122 Christus
1980 2073 2043 2122 non
2059 2059 2160 2124 solum
2177 2059 2402 2126 eratdominus
2414 2077 2478 2126 na·
2511 2077 2610 2122 curatus

1521 2167 1637 2240 turae,
1655 2177 1768 2228 rerum
1786 2159 1878 2224 etiam
1895 2159 2010 2244 tepuiis
2026 2159 2272 2238 observantiam
2289 2161 2358 2228 ideo
2372 2161 2475 2228 addit:
2495 2135 2625 2228 iiiiii

1521 2269 1564 2332 Ει
1583 2267 1693 2334 ocium
1717 2263 1828 2350 tempii
1850 2263 1993 2332 scissum
2015 2265 2253 2344 eumedium·
2276 2285 2333 2332 nec
2354 2273 2478 2334 tantum
2528 2237 2599 2290 nepe.

1520 2373 1581 2440 hoc
1605 2371 1730 2452 telum,
1760 2389 1874 2440 verum
1905 2371 1998 2438 etiam
2021 2371 2100 2438 aliae
2126 2375 2291 2438 creaturae
2317 2389 2392 2438 suae
2419 2371 2478 2440 sibi

1520 2495 1700 2562 compassae
1724 2483 1816 2558 sont;
1843 2477 1928 2546 unde
1942 2475 2088 2542 Matthaei
2112 2475 2260 2562 vigesimo
2285 2475 2417 2560 septimo
2430 2477 2477 2544 1⁰:

1525 2609 1542 2644 c<
1559 2585 1668 2650 Petrae
1690 2583 1804 2650 scissae
1826 2587 1918 2662 sunt,
1941 2589 1973 2650 ει
1994 2587 2196 2650 monumenta
2220 2589 2328 2668 aperta
2352 2589 2426 2650 sant
2439 2607 2477 2662 »3

1520 2695 1553 2756 ει
1574 2689 1634 2756 hoc
1657 2695 1757 2756 totum
1788 2689 1819 2754 in
1852 2687 2063 2756 testimonium
2087 2687 2263 2754 Divinitatis
2288 2687 2413 2754 Christi.
2441 2689 2479 2754 Et

1520 2795 1561 2864 de
1574 2797 1634 2862 hoc
1650 2795 1857 2880 Hieronymus
1869 2797 1914 2860 ¹1:
1943 2821 1959 2854 r
1976 2793 2215 2880 compatiuntur
2231 2793 2382 2860 elementa
2399 2793 2478 2860 Con-

1520 2903 1615 2970 ditori
1637 2921 1712 2970 suo:
1739 2903 1855 2990 refugit
1876 2903 1939 2982 sol,
1964 2901 2040 2988 quia
2061 2921 2124 2970 non
2139 2901 2242 2986 potnit
2265 2899 2371 2970 videre
2390 2919 2478 2968 mor-

1520 3015 1582 3076 tem
1609 3009 1741 3090 Christi,
1763 3009 1934 3076 collaborat
1956 3007 2112 3076 laboranti
2134 3013 2167 3076 et
2188 3007 2479 3094 blasphemantibus

2527 1937 2563 1960 &a

1521 3133 1598 3184 suae
1620 3115 1698 3184 lucis
1722 3115 1911 3184 heneficium
1933 3115 2091 3196 retraxits
2110 3115 2211 3182 omnis
2234 3119 2378 3182 creatura
2394 3133 2478 3182 com-

1520 3221 1640 3306 patitur
1665 3205 1789 3286 Christo
1811 3219 1966 3286 morienti.
1991 3219 2066 3286 Nam
2092 3219 2137 3286 sol
2161 3219 2360 3300 ohscuratur,
2388 3223 2475 3286 terra

1520 3331 1683 3406 moretur,
1705 3331 1814 3410 petrae
1838 3325 2037 3406 scinduntur,
2060 3325 2166 3392 velum
2189 3325 2299 3410 templi
2316 3323 2478 3404 dividitur,

1523 3431 1670 3514 sepulcra
1691 3429 1892 3514 aperiuntur,
1919 3431 2002 3498 solos
2025 3431 2121 3498 miser
2144 3431 2239 3496 homo
2267 3449 2331 3496 non
2355 3447 2479 3514 compa-

1522 3537 1613 3616 titur,
1635 3553 1694 3618 pro
1718 3553 1781 3620 quo
1804 3537 1870 3602 solo
1892 3535 2039 3604 Christus
2060 3535 2228 3620 patitur».
2250 3535 2479 3602 attendendum
2496 3557 2626 3604 raelaia.

1522 3647 1643 3718 antem,
1669 3639 1752 3724 quod
1775 3641 1807 3706 iu
1838 3641 1891 3706 illa
1922 3641 2001 3708 soiis
2033 3639 2260 3706 obscuratione
2292 3639 2477 3724 intelligitur

1523 3745 1707 3812 obcaecatio
1733 3745 1951 3826 ludaeorum,
1977 3751 2007 3814 et
2031 3745 2062 3812 in
2085 3745 2250 3812 scissione
2263 3743 2326 3810 oei'
2357 3743 2480 3812 rencia-

1523 3851 1567 3916 tio
1585 3849 1863 3936 Scripturaram,
1886 3851 2064 3936 quaefacta
2087 3857 2133 3918 εει
2149 3851 2310 3938 gentibus3
2335 3849 2419 3918 unde
2433 3849 2506 3916 di-·
2581 3933 2582 3936 Ἴ

1523 3957 1608 4024 citur
1629 3957 1751 4024 loannis
1774 3977 1857 4024 nono
1869 3957 1914 4024 1²:
1937 3959 2028 4042 «ligo
2044 3959 2073 4024 in
2092 3957 2243 4025 iudicium
2259 3955 2330 4024 veni
2347 3957 2376 4024 in
2394 3959 2480 4024 hunc

1524 4061 1757 4144 mundamur
1781 4063 1835 4150 qui
1860 4081 1923 4130 non
1946 4063 2053 4130 rident
2075 4063 2219 4144 videant,
2242 4067 2273 4130 et
2297 4061 2481 4148 quivident

1504 4163 1609 4234 'caeci
1632 4167 1710 4234 nant
1731 4195 1760 4234 x.
1787 4169 1860 4248 Vel,
1881 4169 1922 4234 ad
1944 4177 2071 4254 tempas
2099 4167 2198 4256 innie
2222 4173 2323 4254 potest
2351 4167 2479 4250 referri,
2498 4193 2577 4238 arua.

1523 4273 1649 4372 dequo
1672 4273 1703 4340 in
1721 4275 1839 4342 Psalmo
1853 4273 1896 4342 1³:
1926 4273 2090 4342 «Posuisti
2107 4275 2269 4354 tenebras,
2287 4279 2316 4342 et
2332 4275 2414 4342 sacta
2432 4281 2480 4342 εει
2594 4321 2597 4326 ·

1523 4397 1609 4458 εεε;
1631 4377 1666 4444 ιε
1687 4379 1755 4464 ipsa
1778 4381 2016 4466 pertransibunt
2039 4397 2146 4448 omnes
2169 4381 2287 4448 hestiae
2309 4381 2406 4448 silrae
2425 4407 2455 4446 a.

1615 4483 1667 4548 bb.
1691 4483 1793 4568 (Vers.
1820 4483 1898 4564 dd).
1917 4485 2057 4552 Secundo
2081 4491 2236 4570 quantum
2252 4485 2292 4552 ad
2314 4483 2478 4574 iaerpmo-
2495 4507 2616 4574 exspirant

1523 4607 1599 4654 sam
1622 4589 1878 4674 aspirationem
1896 4587 2020 4658 Christi
2042 4591 2387 4660 subornationem
2407 4609 2481 4660 cece
2510 4563 2600 4608 mmm·

1595 4937 1617 4970 ¹⁰
1635 4939 1712 4992 Vers.
1731 4939 1773 4990 54.
1793 4943 1824 4992 et
1836 4939 1878 4992 52.

1594 5025 1616 5056 ¹¹
1634 5027 1686 5080 Ctr.
1703 5029 1746 5080 lV.
1765 5025 1913 5080 Commeat.
1925 5027 1950 5078 in
1970 5027 2055 5080 Hatth.
2069 5027 2116 5092 at,
2135 5027 2182 5092 45,
2197 5027 2242 5080 εει
2255 5027 2342 5092 prima
2354 5041 2415 5092 pars
2433 5029 2480 5080 hu·

1523 5117 1563 5170 ius
1581 5115 1724 5170 sententiae
1741 5115 1899 5168 insinuatur:
1924 5115 2114 5182 aVideturque
2131 5115 2224 5170 mihi...
2246 5113 2373 5168 luminare
2396 5115 2481 5170 maius

1523 5207 1662 5260 retraxisse
1678 5205 1764 5260 radios
1778 5219 1854 5268 snos,
1871 5219 1906 5258 ne
1917 5209 1962 5258 aot
1980 5205 2138 5270 pendentem
2155 5205 2255 5256 rideret
2268 5205 2422 5270 Dominum,
2435 5209 2481 5260 ant

1523 5293 1599 5358 impii
1617 5293 1827 5358 blasphemantes
1847 5305 1893 5346 sua
1911 5295 1969 5344 luce
1987 5293 2133 5344 fruerentur
2147 5313 2171 5344 a.
2191 5293 2282 5344 Glossa
2297 5291 2480 5348 interlinearis

1525 5383 1553 5432 in
1570 5381 1685 5434 eundem
1704 5383 1767 5434 loc:
1793 5377 2016 5444 ‹Competiuntnr
2041 5381 2168 5434 elementa
2190 5379 2307 5434 Creatori
2329 5393 2390 5446 εεε;
2415 5383 2481 5434 ιεεε·

1526 5465 1590 5522 brae
1607 5467 1694 5538 iactae
1712 5471 1789 5534 suat,
1806 5481 1841 5520 ne
1859 5467 1897 5520 sol
1916 5467 2075 5534 pendentem
2095 5467 2235 5520 Dominum
2253 5467 2367 5532 videret,
2387 5468 2427 5522 rel
2447 5481 2481 5520 ne

1524 5557 1600 5620 impii
1618 5571 1667 5608 sua
1691 5557 1840 5608 fruerentur
1858 5557 1916 5608 luce
1932 5575 1959 5608 r.
1976 5557 2064 5608 Glossa
2082 5553 2264 5610 interlinearis
2288 5557 2312 5608 in
2331 5557 2409 5608 blare.
2433 5557 2479 5620 45,

1526 5647 1573 5698 33:
1600 5641 1757 5698 ‹Tenebroe
1777 5645 1864 5714 iactae
1887 5647 1954 5698 suat
1971 5651 2033 5712 eta,
2051 5647 2090 5698 sol
2108 5645 2218 5710 refugit,
2236 5647 2298 5712 quia
2322 5659 2375 5698 non
2396 5649 2483 5710 potest

1526 5731 1617 5784 videre
1645 5737 1756 5784 mortem
1782 5731 1873 5784 Christi
1898 5737 1924 5784 et
1946 5731 2088 5786 collaborat
2111 5731 2252 5794 laboranti,
2278 5731 2319 5784 rel
2345 5745 2376 5784 ne
2405 5731 2480 5796 irnpii

1526 5819 1738 5886 blasphemantes
1755 5833 1803 5872 sua
1821 5821 1878 5872 luce
1899 5823 2082 5872 haereatur».
2102 5821 2138 5872 De
2151 5821 2267 5873 secunda
2280 5827 2353 5886 parte
2366 5821 2412 5872 cir.
2423 5819 2481 5872 Hie·

1526 5921 1597 5972 ron.,
1610 5909 1659 5960 loe.
1673 5907 1715 5960 cit.
1728 5907 1752 5958 in
1772 5921 1799 5958 v.
1817 5905 1864 5958 52:
1887 5925 1901 5956 a
1913 5907 1977 5962 Nulli
1994 5905 2107 5960 dubium
2126 5911 2178 5972 est,
2191 5907 2257 5974 quin
2271 5907 2399 5972 significet
2410 5905 2481 5960 iuxta

1526 5997 1634 6050 litteram
1656 5997 1810 6064 magnitudo
1829 5995 1982 6062 signorum,
2006 6001 2037 6050 ει
2058 5995 2212 6050 crucifixum
2237 5995 2378 6050 Dominum
2403 6011 2481 6048 snum

1526 6091 1552 6138 et
1570 6085 1672 6138 caelum
1690 6093 1717 6140 ει
1735 6091 1802 6140 terra
1820 6089 1848 6138 et
1864 6085 1951 6138 omnia
1976 6085 2184 6138 demonstrarent
2198 6105 2224 6140 a.
2252 6085 2319 6138 Vide
2344 6087 2367 6138 in
2389 6085 2436 6150 28,
2457 6087 2480 6136 2.

1526 6173 1579 6226 Cir.
1601 6173 1725 6238 August,
1744 6175 1828 6226 Serm.
1850 6173 1909 6226 451.
1923 6173 1948 6224 ιε
1962 6173 2114 6238 appendice
2133 6175 2207 6240 (alias
2226 6175 2284 6226 420.
2297 6173 2332 6226 de
2351 6173 2481 6236 'tempore

1526 6265 1552 6314 ει
1576 6263 1636 6324 post
1660 6261 1699 6314 15.
1728 6263 1752 6312 in
1781 6259 1944 6328 appendice)
1964 6277 1989 6312 n.
2008 6245 2301 6330 incorporaremus
2320 6259 2402 6312 hon
2422 6257 2481 6310 ideo

1529 6349 1572 6418 (ita
1595 6349 1673 6400 etiam
1691 6349 1711 6400 C
1730 6349 1865 6414 primitus,
1884 6347 1930 6400 sed
1954 6349 2069 6402 secunda
2092 6361 2185 6400 manns
2207 6347 2338 6400 substituit
2355 6345 2482 6418 Hieronp-

1527 6447 1604 6498 mas,
1616 6447 1695 6498 quern
1716 6435 1827 6498 allegant
1845 6433 1923 6486 etiarn
1942 6433 2021 6488 Card.
2041 6437 2118 6500 Hugo
2138 6439 2164 6488 et
2180 6433 2334 6502 Gorranus).
2351 6435 2401 6488 Pro
2419 6431 2481 6494 dioir

1528 6521 1602 6576 ddnr
1620 6521 1643 6570 D
1661 6519 1801 6574 scinditur.

1599 6603 1620 6636 ¹²
1639 6609 1716 6664 Vers.
1735 6609 1777 6660 39.
1801 6607 1852 6662 Cir.
1877 6607 2011 6674 umbros,
2038 6611 2070 6662 X.
2091 6611 2124 6662 ιε
2141 6611 2203 6664 Luc.
2222 6623 2245 6662 c.
2265 6611 2306 6662 23.
2327 6625 2353 6662 n.
2373 6611 2432 6664 tes.
2458 6617 2482 6664 et

1527 6697 1644 6760 Hieron,
1664 6697 1706 6752 lli.
1727 6697 1871 6750 Commeat.
1892 6699 1918 6750 in
1935 6699 2023 6752 llatth.
2042 6697 2090 6762 27,
2108 6697 2151 6750 54.
2531 6691 2533 6696 ’

1599 6781 1620 6814 ²³
1639 6787 1732 6842 Psalm.
1751 6787 1761 6838 4
1769 6787 1815 6856 03,
1836 6787 1878 6840 20.
1897 6787 1948 6844 Cir.
1967 6787 2035 6840 Petr.
2051 6785 2207 6852 Lambard.,
2226 6787 2251 6838 tn
2271 6789 2340 6840 hunc
2357 6787 2406 6842 loc.
