5908 8266
550 617 614 682 300
750 633 752 636 ·
1409 611 1524 678 nvom
1548 611 1677 676 asnun
1721 587 1722 592 '

836 701 900 754 PAli
2202 697 2262 748 PAS

553 791 605 842 503
626 789 823 844 66-100143
848 803 1009 856 parasceves
1028 787 1126 844 licebat
1151 805 1196 856 pa·
1232 795 1293 846 soha
1321 803 1373 844 non
1399 791 1519 854 poterant
1548 785 1686 840 comedere
1703 785 1872 838 contaminati
1910 811 1944 824 -
1962 783 2051 838 bonus
2066 785 2102 836 ad
2120 783 2292 836 reticiendum
2310 791 2387 838 vocat
2407 783 2456 838 334
2478 787 2549 836 5-

553 895 612 934 4343
632 883 766 944 00303043
785 885 813 932 34
836 887 954 932 aromata
972 881 1015 932 Vll
1035 879 1086 932 586
1106 879 1137 932 71
1234 881 1283 932 486
1305 881 1336 932 59
1356 905 1391 918 -
1409 877 1555 940 1044330143
1574 875 1718 926 Hebraeia
1747 873 1872 926 servitute
1909 873 2038 926 inunum
2057 871 2151 938 colligit
2171 885 2248 932 oves,
2267 885 2303 924 03
2313 873 2445 936 patiantur
2458 873 2548 926 incur-

607 971 738 1022 84444443
767 997 802 1006 -
829 967 908 1034 primi
938 967 1071 1022 habebant
1097 981 1197 1034 corpus
1232 965 1332 1020 liberati
1361 967 1435 1026 suut,
1461 963 1521 1016 ideo
1552 959 1684 1014 habebant
1706 961 1872 1014 consuetudi·
1908 975 1967 1012 sum
1996 959 2049 1014 387
2074 961 2104 1014 91
2127 957 2268 1010 —bonus
2288 967 2445 1012 ovesvocat
2465 961 2547 1014 uomi-

447 1025 449 1030 1
554 1055 665 1108 30404313
685 1055 725 1106 814
748 1055 798 1108 615
820 1055 850 1108 49
1232 1067 1294 1108 0004
1313 1051 1465 1106 dimittendi·
1478 1065 1560 1102 unum
1580 1049 1631 1102 490
1649 1047 1693 1102 79.
1712 1047 1762 1100 493
1786 1049 1817 1100 18
1908 1049 2001 1114 natim,
2020 1063 2064 1100 eas
2093 1047 2181 1102 educit
2206 1051 2234 1098 et
2255 1047 2365 1100 deducit
2381 1049 2432 1100 583
2457 1049 2482 1100 14
2510 1075 2571 1118 -Ι

605 1171 643 1184 -
659 1147 721 1196 3004
734 1145 879 1210 praecipue
890 1143 1035 1196 honorandi
1054 1149 1078 1196 et
1090 1141 1196 1196 amandi
1286 1139 1476 1194 -llosaicum
1490 1143 1545 1190 erat
1559 1139 1642 1202 figura
1664 1137 1823 1190 sacramenti
1837 1139 1872 1190 al·
1909 1135 2390 1190 00003034340033000343404140
2411 1137 2547 1202 praedica·

554 1235 596 1286 811
622 1233 668 1286 497
683 1233 724 1298 99,
740 1233 772 1286 34
786 1235 973 1286 -Parentum
995 1247 1058 1286 0003
1076 1231 1196 1286 habenda
1233 1233 1294 1284 taris
1305 1230 1345 1284 811
1358 1229 1408 1282 545
1421 1229 1652 1280 91-3003013043
1662 1227 1778 1290 03444343,
1790 1211 1872 1280 cessa·
1909 1225 1994 1290 tionis,
2007 1227 2298 1280 educereSacramento
2311 1225 2492 1288 consessionis,
2502 1225 2547 1278 de-

554 1321 672 1386 enemplo
694 1319 785 1374 Christi
806 1323 838 1374 84
860 1321 908 1374 498
932 1323 972 1374 38.
995 1321 1044 1374 499
1065 1319 1097 1372 44
1117 1349 1150 1360 -
1171 1323 1197 1374 ln
1233 1319 1282 1386 vit,
1297 1319 1342 1372 sed
1357 1321 1582 1382 manetquautum
1596 1315 1773 1380 adsignatum
1789 1313 1821 1370 it.
1835 1319 1870 1370 99
1908 1315 2005 1368 ducere
2024 1315 2143 1380 eucarpio
2158 1311 2463 1366 bonaeconversationis
2484 1313 2547 1366 thid.

555 1407 786 1474 divinoobsequio
804 1409 922 1462 iaciendo
942 1411 1083 1462 4003343
1103 1421 1197 1472 paren·
1286 1433 1321 1446 -
1339 1407 1457 1468 Tempus
1476 1405 1599 1470 paschale
1621 1403 1797 1468 redemptioni
1822 1419 1872 1458 no·
1908 1401 2081 1454 -011104340
2102 1401 2296 1466 bonipasturis
2321 1407 2362 1454 est
2378 1413 2476 1454 vocare
2501 1415 2544 1454 co·

554 1495 626 1550 tibus
653 1497 804 1550 carnalibus
833 1497 970 1550 consilium
1007 1497 1195 1564 requirendum
1233 1505 1302 1550 strae
1327 1493 1428 1558 optime
1454 1491 1620 1556 congruebat
1646 1493 1756 1544 81349
1784 1495 1815 1546 18
1834 1521 1870 1534 -
1908 1491 2070 1556 glossando,
2090 1491 2202 1544 educere
2222 1491 2373 1544 instruendo
2394 1495 2421 1542 34
2430 1487 2547 1554 dirigere

512 1615 515 1622 ·
556 1587 598 1638 811
616 1585 648 1636 65
667 1585 702 1636 95
719 1613 757 1626 --
774 1583 965 1640 benedicuntur
986 1587 1011 1638 in
1029 1587 1083 1638 illio
1103 1591 1129 1636 34
1145 1599 1195 1650 pro
1233 1585 1350 1646 Tempus
1381 1583 1503 1646 paschale
1532 1585 1587 1634 erut
1622 1587 1800 1646 oppurtunum
1835 1583 1870 1634 ad
1907 1577 2004 1630 bonum
2026 1577 2390 1644 exemplumpraebendoib.
2408 1577 2547 1630 i—Boni

557 1673 606 1724 0110
628 1671 655 1724 64
680 1671 713 1724 76
1234 1669 1407 1722 occidendum
1429 1667 1560 1720 Christum
1575 1667 1710 1720 8415409
1727 1699 1758 1708 -
1778 1673 1806 1724 40
1823 1685 1871 1736 pa·
1907 1665 2018 1730 pastoris
2038 1665 2154 1718 othcium
2172 1671 2211 1718 est
2229 1679 2294 1720 0433
2311 1681 2475 1734 0043433343
2492 1671 2547 1718 343

608 1759 675 1812 Pras
693 1787 726 1796 -
748 1767 771 1814 et
791 1775 847 1814 sors
868 1761 939 1814 idem
957 1763 1017 1814 sunt
1035 1759 1063 1812 in
1079 1773 1125 1824 43,
1148 1759 1195 1812 336
1234 1761 1296 1810 30443
1315 1757 1440 1810 Dominus
1458 1759 1555 1810 lecerat
1572 1757 1697 1810 miracula
1717 1765 1743 1812 et
1766 1759 1808 1812 illa
1832 1773 1870 1810 re·
1906 1753 1976 1818 lupis
1993 1751 2133 1804 defendere
2154 1753 2193 1806 811
2216 1755 2226 1804 4
2234 1753 2266 1806 34
2288 1757 2297 1808 4

557 1847 678 1902 aluerunt
696 1847 794 1902 ratione
815 1849 845 1900 81
868 1849 912 1901 494
938 1863 964 1900 4.
985 1851 1000 1900 8
1018 1877 1056 1886 -
1080 1847 1196 1900 nomina·
1233 1847 1354 1910 0043444,
1367 1845 1428 1912 3043
1440 1859 1540 1898 novum
1554 1849 1650 1912 pascha
1671 1847 1730 1900 43044
1742 1847 1774 1900 81
1790 1847 1839 1900 319
1855 1847 1869 1898 5
1960 1867 1995 1880 -
2012 1839 2100 1892 bonus
2117 1853 2148 1892 ex
2167 1841 2313 1894 vehementi
2334 1845 2472 1898 dilectione
2483 1857 2546 1908 3433

556 1941 597 1988 404
617 1949 646 1988 344
665 1941 741 2000 parte
758 1937 909 2000 accipientis
929 1933 961 1990 ib.
992 1951 1017 1988 v.
1046 1937 1117 1988 9-
1135 1935 1195 1988 iusti
1285 1961 1320 1974 —
1337 1935 1422 1988 Phase
1445 1935 1655 1988 iustificationem
1682 1949 1731 2002 per
1757 1945 1869 1990 mortem
1907 1945 1972 1986 oves
1991 1929 2070 1982 vitam
2092 1941 2139 1994 pro
2160 1927 2195 1982 eis
2216 1929 2259 1982 dat
2279 1931 2310 1982 84
2330 1931 2381 1982 386
2405 1931 2435 1982 46
2455 1931 2547 1984 -140

557 2029 594 2076 334
618 2023 746 2076 Dominus
763 2021 832 2078 444401.ι
849 2051 886 2064 -·
903 2029 995 2078 nostra
1015 2025 1111 2078 dicitur
1133 2037 1194 2078 con·
1233 2023 1324 2078 Christi
1343 2024 1490 2078 taciendam
1508 2023 1674 2090 significabat
1691 2027 1724 2078 81
1743 2027 1794 2078 993
1812 2027 1869 2078 0.9
1909 2035 1957 2076 403
1977 2021 2074 2072 bonum
2102 2017 2249 2082 exemplum
2277 2019 2436 2072 ostendendo
2466 2021 2549 2084 praeit

557 2111 664 2164 sortium
680 2111 725 2162 Dei
740 2111 1196 2166 3343444440143140434963-034
1232 2141 1266 2152 --
1286 2115 1328 2166 Est
1348 2113 1637 2180 multiplexdillerentia
1651 2117 1764 2180 paschae
1778 2129 1871 2168 secun·
1908 2105 2154 2166 3845-140003
2177 2119 2230 2160 nou
2253 2107 2355 2160 desistit
2377 2105 2413 2160 ab
2439 2107 2545 2174 inquisi-

556 2199 621 2252 03113
647 2205 689 2252 334
713 2213 839 2264 praesens
865 2201 1015 2254 iucundatio
1045 2203 1077 2254 93
1107 2219 1132 2256 0.
1163 2203 1195 2254 46
1234 2201 1299 2256 dum
1311 2203 1482 2270 multiplicem
1495 2203 1666 2258 differentiam
1679 2219 1775 2258 coenae
1790 2203 1869 2258 5979
1908 2201 1977 2254 tione
1996 2205 2055 2252 ante
2072 2197 2181 2250 salutem
2201 2197 2244 2250 811
2264 2195 2315 2250 385
2337 2197 2363 2250 44
2380 2195 2547 2248 -140043443

557 2287 696 2340 -Sancti
722 2289 750 2340 ih
776 2289 907 2354 praesenti
936 2303 987 2342 non
1012 2289 1110 2342 habunt
1136 2303 1194 2356 par·
1233 2319 1266 2330 -
1280 2293 1378 2344 Pascha
1391 2305 1486 2346 verum
1497 2293 1665 2360 celebratqui
1674 2291 1869 2358 lacittriplicem
1908 2291 1962 2342 suis
1982 2291 2065 2354 portat
2084 2299 2164 2340 ovem
2190 2285 2324 2340 inventam
2344 2285 2375 2340 44.
2399 2285 2430 2336 49
2450 2315 2485 2324 -
2502 2285 2546 2336 vi·

557 2381 624 2438 tem,
647 2375 696 2430 sed
719 2375 748 2428 40
770 2381 860 2432 lutuno
879 2375 939 2432 itta.
1057 2425 1059 2428 .
1234 2381 1370 2434 transitum
1388 2395 1403 2432 a
1424 2381 1521 2436 mundo
1542 2383 1583 2434 841
1604 2381 1654 2436 533
1673 2379 1704 2434 54
1724 2409 1757 2420 -
1771 2383 1869 2434 Pascha
1908 2377 2012 2444 34130413
2033 2373 2212 2428 sollicitudinis
2225 2375 2546 2440 pastoraltscustodtenda

609 2465 783 2520 Panrrcrrarro
803 2497 837 2506 *-
857 2473 894 2522 334
923 2467 1010 2522 minus
1028 2467 1125 2522 nobilis
1142 2483 1196 2522 mu·
1235 2471 1330 2522 iaciunt
1349 2471 1394 2538 qui
1415 2475 1551 2522 transeunt
1566 2483 1599 2522 ex
1617 2469 1763 2524 visibilibus
1783 2469 1815 2522 ad
1835 2469 1871 2522 in·
1908 2449 1944 2518 334
1964 2465 2077 2518 Ecclesia
2098 2465 2129 2516 81
2150 2463 2236 2516 6497

557 2553 606 2606 dus
626 2551 740 2606 habendi
758 2555 791 2608 81
812 2555 863 2608 310
884 2555 915 2608 43
1234 2557 1359 2620 0434144113,
1385 2573 1401 2610 3
1427 2557 1615 2624 temporalibus
1641 2559 1677 2610 ad
1703 2557 1869 2622 3343443013
1959 2581 1995 2592 -·
2012 2555 2085 2604 Bono
2103 2551 2202 2616 pastori
2222 2565 2286 2606 oves
2297 2551 2406 2606 libenter
2417 2551 2545 2606 obediunt

610 2643 768 2696 Pauruursvs
791 2673 827 2682 -
854 2645 985 2712 tristatur,
1004 2645 1127 2710 [40344043
1150 2643 1198 2708 bo·v
1234 2651 1317 2698 400443
1334 2647 1370 2698 ad
1388 2645 1469 2698 vitam
1490 2645 1541 2696 544
1561 2647 1593 2696 48
1616 2671 1651 2684 -
1673 2651 1813 2708 paratura
1833 2643 1869 2696 di·
1910 2641 1938 2694 84
1959 2641 2008 2692 333
2032 2639 2046 2690 4
2072 2665 2109 2678 -
2133 2639 2233 2690 Verum
2258 2645 2392 2704 pastorem
2420 2655 2484 2696 oves
2508 2655 2546 2694 se·

556 2743 621 2784 uuna
638 2731 844 2798 lacial,propter
866 2735 1048 2786 vehementem
1067 2733 1195 2796 dolorem,
1234 2733 1339 2798 scipulis
1359 2747 1406 2798 per
1425 2733 1581 2786 documenta
1607 2731 1723 2782 veritatis
1746 2735 1772 2780 et
1791 2729 1869 2782 medi·
1907 2733 2024 2794 quantur
2042 2739 2090 2790 4434
2109 2725 2280 2778 imitationem
2299 2729 2352 2780 384
2376 2727 2394 2778 5
2414 2757 2447 2766 -
2467 2741 2546 2782 verus
2598 2717 2600 2722 ’

557 2819 603 2872 sed
623 2833 684 2872 cum
702 2821 818 2888 peperit,
840 2821 939 2886 gaudet
962 2819 1051 2872 statim
1070 2819 1104 2872 de
1123 2821 1196 2886 prole
1234 2825 1353 2872 camenta
1379 2819 1469 2872 salutis
1496 2817 1557 2870 ibid.
1580 2847 1616 2856 -
1640 2817 1760 2880 designat
1789 2817 1869 2870 incor-
1907 2813 2011 2867 auditur
2032 2813 2064 2866 ab
2084 2811 2192 2878 ovibus,
2213 2819 2238 2864 et
2255 2827 2320 2866 oves
2349 2829 2411 2866 eum
2432 2829 2547 2882 sequun-

540 2907 658 2972 Ὶ81469
681 2907 711 2958 39
1234 2907 1394 2972 perationem
1424 2911 1449 2958 et
1477 2905 1602 2958 unitatem
1631 2903 1813 2956 membrorum
1845 2903 1870 2954 40
1908 2909 1962 2966 404,
1981 2905 2006 2954 34
2024 2901 2080 2966 ipse
2100 2915 2144 2954 333
2162 2905 2300 2954 000334034
2318 2903 2364 2954 394
2383 2903 2546 2956 iii-bene

610 2995 720 3046 Pnnvutr
740 3021 773 3032 -
794 2993 901 3058 Oportet
921 2993 977 3046 lieri
996 2993 1135 3058 parvulum
1149 2991 1196 3058 qui
1234 2993 1353 3056 corporis
1370 2993 1462 3044 Christi
1483 2991 1607 3044 unitatem
1634 2991 1686 3044 546
1713 2993 1740 3044 91
1770 3017 1806 3030 ·-
1829 2991 1869 3044 Ad
1909 2989 2058 3056 praesidens
2077 2987 2158 3042 debet
2174 3003 2232 3042 esse
2250 2989 2280 3042 iu
2298 2993 2483 3056 cognoscendo
2496 2993 2545 3044 301·

557 3083 614 3134 vult
632 3095 690 3134 esse
715 3081 817 3134 amicus
840 3081 888 3132 Dei
917 3081 959 3134 Vll
991 3079 1195 3132 94483-Ιο
1234 3079 1321 3132 3114040
1335 3081 1485 3144 paschalem
1497 3085 1536 3132 est
1550 3079 1728 3134 accedendum
1742 3091 1803 3132 curn
1815 3093 1869 3132 ma·
1908 3077 1990 3132 licitus
2009 3091 2056 3144 per
2075 3077 2192 3142 vigiliam
2213 3079 2367 3146 intrationis,
2390 3079 2417 3130 in
2435 3093 2545 3146 suppor-

452 3159 453 3164 '
557 3171 669 3236 parvulo
683 3171 721 3220 est
734 3181 830 3232 magua
850 3167 998 3220 excellentia
1015 3165 1077 3220 414404.
1092 3193 1127 3206 -
1145 3167 1195 3232 Qui
1234 3167 1305 3222 ximo
1321 3167 1452 3222 desiderio
1472 3167 1534 3222 told.
1909 3169 1986 3222 tande
2004 3167 2064 3232 pius
2084 3181 2129 3232 per
2149 3167 2271 3220 allectum
2289 3151 2447 3236 44343443,ἰο
2466 3167 2546 3220 dedu-

557 3261 666 3310 hunorat
685 3261 708 3308 04
727 3257 819 3320 recipit
836 3259 979 3322 parvulum
998 3255 1091 3320 recipit
1110 3261 1134 3308 et
1152 3257 1196 3308 ho·
1288 3257 1522 3308 Pnscsns-Oves
1536 3257 1682 3320 pascendae
1692 3269 1725 3308 ex
1734 3257 1869 3310 dilectione
1908 3259 1989 3310 cende
2009 3255 2110 3320 primus
2122 3269 2171 3320 per
2183 3257 2334 3322 exemplum
2347 3257 2501 3320 honestatis,
2519 3257 2544 3308 iu

558 3341 1196 3408 4043403000410404-8344310434031041334
1235 3345 1265 3398 81
1287 3347 1337 3398 595
1359 3347 1399 3410 33,
1421 3345 1452 3398 34
1473 3375 1505 3384 -
1526 3347 1596 3398 Oves
1620 3345 1767 3410 pascendae
1788 3359 1870 3398 exem·
1909 3345 2070 3410 protegendo
2091 3343 2189 3410 probus
2210 3357 2256 3410 per
2276 3347 2445 3398 constantiam
2465 3345 2544 3398 virtu·

557 3437 641 3486 honor
659 3437 698 3482 est
710 3445 824 3496 magnus
841 3431 1008 3500 ibid—qui
1020 3445 1073 3486 0044
1087 3437 1197 3496 possunt
1233 3435 1277 3500 plo
1298 3431 1330 3488 tt.
1351 3433 1383 3486 34
1403 3463 1437 3470 -
1456 3433 1526 3488 Oves
1551 3431 1649 3486 debent
1671 3433 1743 3498 pasci
1771 3431 1869 3496 verbo,
1909 3433 2010 3486 443689
2039 3433 2054 3484 5
2081 3461 2115 3470 -
2144 3431 2247 3486 Bonitas
2273 3433 2385 3500 pastoris
2411 3435 2544 3486 31003434

558 3521 699 3586 44431143343
727 3521 858 3584 sublimia,
881 3521 982 3574 debent
1004 3533 1131 3588 quaerere
1151 3521 1196 3572 401-
1234 3522 1353 3588 exemplo
1370 3527 1395 3574 et
1415 3521 1551 3588 temporali
1568 3521 1686 3574 subsidio
1706 3521 1755 3574 596
1778 3521 1809 3574 39
1909 3521 2103 3588 comparatione
2120 3521 2157 3574 ad
2174 3535 2238 3574 oves
2267 3529 2292 3576 et
2309 3521 2412 3576 bouitas
2429 3521 2487 3574 ovis
2516 3535 2545 3574 ex

558 3609 675 3662 004381
693 3607 745 3662 944
763 3607 780 3660 44
1287 3613 1379 3664 Pressa
1398 3611 1575 3678 -quamvis
1595 3611 1670 3674 parvi
1688 3611 1763 3676 pretii
1784 3611 1823 3674 sit,
1837 3617 1869 3662 ta·
1909 3611 2103 3676 comparatione
2120 3605 2157 3662 a'd
2173 3617 2305 3674 pastorem
2320 3611 2358 3682 ¹ib.
2379 3613 2395 3662 8

558 3731 562 3736 -
609 3725 643 3738 -
656 3711 709 3750 000
723 3695 846 3764 baptizati
859 3703 960 3752 3343403
977 3697 1074 3752 0434003
1094 3699 1195 3764 privan·
1235 3713 1294 3752 uren
1310 3713 1365 3752 000
1383 3705 1424 3752 334
1450 3699 1551 3752 alienus
1577 3713 1595 3750 a
1618 3697 1707 3752 divino
1727 3701 1870 3764 patrocinio
1962 3725 1996 3738 -
2009 3711 2090 3752 verus
2102 3683 2298 3764 recognoscitur
2309 3697 2345 3750 ab
2357 3699 2463 3752 ostiario
2475 3695 2545 3752 Chri·

556 3793 597 3838 tur
616 3801 668 3840 non
686 3791 794 3852 propter
812 3793 948 3852 peccatum
962 3787 1058 3852 *patris
1080 3791 1194 3850 tantum,
1233 3791 1257 3840 et
1275 3787 1440 3854 providentia
1461 3789 1500 3842 841
1521 3787 1572 3838 319
1596 3787 1626 3839 tu
1646 3815 1681 3824 -
1700 3787 1818 3840 lacillime
1832 3803 1870 3842 ca·
1908 3791 1946 3838 sto
1961 3791 2013 3840 343
2027 3791 2108 3852 grege
2127 3787 2225 3840 81383
2246 3787 2310 3840 4·-
2324 3787 2444 3842 Officium
2464 3791 2547 3854 pastu·

556 3875 603 3926 sed
617 3881 723 3940 propter
741 3889 819 3926 suum
837 3865 963 3938 originale
984 3875 1015 3926 lll
1037 3873 1088 3926 375
1110 3875 1141 3926 44
1161 3901 1196 3914 -
1233 3875 1422 3928 0440434340
1873 3929 1875 3936 ,
1907 3875 1942 3926 413
1962 3875 2083 3928 convenit
2107 3875 2206 3938 pastori
2233 3875 2337 3928 Christo
2355 3889 2403 3940 per
2420 3875 2545 3928 34031130-

557 3961 1072 4028 14040044318334434001040444014444140
1093 3963 1196 4016 cuniun·
1242 4007 1244 4010 .
1286 3965 1370 4016 Passio
1388 3989 1425 4002 -
1442 3965 1470 4014 10
1496 3963 1619 4028 patiendo
1646 3963 1747 4028 prolicit
1772 3965 1869 4016 homini
1909 3961 1984 4028 44304,
2003 3963 2058 4016 eliis
2079 3977 2125 4028 per
2139 3963 2308 4016 imitationem
2324 3963 2375 4016 384
2392 3963 2454 4016 4·-
2469 3965 2547 4030 pauci

557 4055 596 4104 043
611 4055 648 4104 334
661 4063 722 4102 cum
736 4051 837 4106 delectu
851 4051 921 4106 vitae
933 4053 1062 4118 gloriosae
1076 4051 1125 4104 496
1139 4051 1195 4106 0.4
1234 4049 1407 4118 temperantia
1424 4056 1550 4118 quantum
1568 4051 1605 4104 ad
1621 4049 1755 4116 passiones
1777 4053 1869 4106 mulce·
1908 4055 1969 4104 sunt
1985 4051 2127 4104 imitatores
2148 4049 2239 4104 Christi
2260 4049 2293 4106 44.
2312 4053 2331 4106 5

557 4167 591 4176 *-
617 4141 642 4192 ln
663 4139 777 4204 parvulis
797 4141 884 4194 diviua
904 4141 1022 4204 largitate
1042 4145 1195 4206 potestesse
1234 4139 1303 4204 14033,
1321 4139 1446 4192 tortitudo
1466 4145 1594 4208 quantum
1613 4139 1648 4192 ad
1675 4139 1809 4206 passiones
1830 4141 1869 4194 tri·
1962 4169 1995 4178 —
2015 4139 2264 4204 40310310343014404
2286 4141 2313 4192 in
2342 4139 2481 4192 Ecclesiam
2501 4139 2547 4194 Dei

557 4229 663 4304 allectus
673 4229 880 4282 manducationis
893 4229 1011 4300 eorporis
1025 4229 1194 4298 Christi‚quo
1233 4229 1340 4282 stabiles
1358 4229 1390 4280 81
1413 4229 1462 4280 469
1482 4243 1506 4280 v.
1528 4229 1545 4280 7
1909 4235 2033 4296 tanquam
2051 4229 2094 4280 lur
2111 4233 2137 4280 et
2156 4229 2268 4282 latron
2282 4231 2333 4282 383
2347 4231 2370 4280 9.
2391 4229 2442 4282 385
2464 4229 2495 4280 40
2512 4255 2547 4268 -

557 4317 689 4370 salvantur
707 4317 762 4370 sine
776 4319 984 4370 manducatione
1001 4317 1054 4370 334
1071 4319 1107 4370 99
1286 4343 1321 4358 ·-
1340 4317 1410 4370 bona
1429 4331 1482 4370 non
1499 4323 1540 4372 est
1556 4319 1609 4370 nisi
1625 4317 1659 4370 sit
1675 4317 1821 4392 voluntaria
1836 4319 1869 4370 81
1908 4331 1962 4370 000
1980 4331 2058 4370 03403
2088 4317 2256 4382 distinguitur
2281 4331 2295 4370 3
2313 4331 2378 4370 0340
2406 4331 2436 4370 ex
2464 4319 2544 4370 modo

611 4433 642 4444 -
663 4419 715 4458 non
728 4411 790 4460 sunt
803 4405 972 4472 prohibendi,
985 4411 1011 4460 ut
1024 4407 1150 4460 accedant
1163 4407 1194 4460 ad
1235 4405 1286 4458 596
1305 4407 1337 4458 43
1358 4433 1390 4444 -
1405 4405 1536 4460 Passionis
1550 4405 1666 4460 arduitas
1678 4407 1738 4460 terri
1751 4421 1802 4460 0044
1815 4413 1870 4472 pot·
1909 4405 2073 4468 ingrediendi
2093 4409 2116 4456 et
2135 4419 2166 4458 ex
2184 4403 2267 4458 modo
2285 4403 2454 4470 praesidendi
2465 4405 2513 4456 584
2532 4407 2541 4458 4

556 4493 687 4562 Christum
707 4493 748 4544 811
769 4493 819 4546 458
840 4495 873 4546 99
891 4521 928 4534 -
945 4495 1108 4568 suscipiendi
1133 4501 1195 4550 sunt
1233 4499 1272 4548 est
1290 4493 1346 4548 sine
1363 4493 1459 4548 virtute
1478 4507 1506 4548 ex
1528 4495 1578 4546 alto
1599 4495 1649 4548 433
1670 4493 1869 4548 46-800044-
1907 4523 1942 4532 -
1970 4493 2058 4556 Agnus
2087 4499 2199 4558 pascunt
2225 4491 2288 4546 boni
2316 4493 2440 4558 praelati,
2468 4495 2546 4556 lupos

555 4581 739 4648 adsumatis,
764 4583 827 4650 quia
852 4583 1031 4648 suscipiuntur
1058 4583 1194 4638 aChristo
1234 4583 1320 4648 gimur
1340 4581 1425 4636 tunica
1444 4583 1572 4646 passionis
1586 4585 1741 4650 mundanae,
1755 4589 1785 4636 ut
1797 4597 1869 4636 mun·
1909 4581 2076 4646 mercenarii,
2103 4595 2131 4634 se
2151 4583 2222 4646 ipsos
2240 4583 2382 4634 40433696
2402 4595 2426 4634 4.
2462 4583 2490 4634 46
2512 4611 2546 4622 -

556 4669 608 4724 459
626 4671 660 4724 99
679 4697 714 4710 -··
734 4671 830 4726 habent
850 4673 874 4724 40
892 4685 922 4724 33
933 4673 1041 4740 aliqua,
1052 4673 1079 4724 in
1099 4673 1195 4740 quibus
1233 4673 1297 4726 dum
1312 4677 1512 4726 contemnamus
1526 4673 1575 4724 698
1592 4687 1617 4726 4.
1631 4673 1646 4724 4
1660 4701 1694 4714 -
1708 4673 1734 4724 ln
1746 4673 1869 4738 passioni·
1908 4685 2005 4736 pravus
2025 4677 2078 4736 est,
2096 4671 2143 4736 uui
2161 4667 2250 4724 cibum
2271 4669 2384 4736 habens,
2403 4669 2546 4736 permittit,

556 4759 874 4826 assimilantureismali,
893 4761 1034 4828 elatique,
1053 4763 1078 4814 40
1098 4763 1195 4828 3041403
1234 4761 1284 4814 bus
1298 4763 1450 4814 Sanctorum
1465 4761 1547 4814 activa
1561 4763 1658 4816 occisio
1676 4767 1716 4814 est
1734 4761 1869 4830 permissa,
1908 4761 2058 4814 00334343
2079 4757 2145 4812 mori
2165 4757 2547 4824 84148439-1431044443-

557 4849 787 4904 3334404130044343
811 4849 873 4904 boni
899 4847 933 4904 ti.
951 4849 987 4902 30
1003 4877 1041 4890 -
1058 4849 1095 4902 ob
1112 4851 1194 4904 humi·
1233 4849 1280 4902 sed
1299 4851 1404 4914 passiva
1424 4855 1463 4902 est
1481 4849 1641 4916 beneplacita
1662 4851 1713 4902 409
1733 4849 1767 4902 75
1789 4849 1815 4900 ll
1908 4857 2004 4904 storem
2025 4865 2089 4904 0433
2114 4865 2168 4904 000
2195 4857 2354 4916 sequuntur,
2374 4853 2419 4906 sed
2445 4851 2547 4916 lugiunt

555 4937 651 4988 litatem
672 4937 786 4992 maxime
804 4935 1018 5004 Deoplaccntib.
1033 4939 1060 4990 31
1079 4941 1195 5002 -14430-
1286 4967 1320 4976 -
1340 4939 1410 4990 Deus
1427 4937 1585 4992 clarificatur
1608 4939 1633 4990 in
1662 4939 1785 5004 passione
1808 4939 1871 4990 Sau-
1908 4937 1992 4992 abeo
2014 4939 2113 4992 84384
2135 4941 2548 5004 e—gregemuoncuransest

556 5037 617 5076 rum
634 5031 675 5078 est
691 5039 805 5090 regnum
823 5027 957 5078 caelorum
972 5033 1079 5092 propter
1094 5033 1195 5092 septem
1234 5031 1335 5078 storum
1349 5041 1401 5078 000
1414 5027 1439 5080 40
1453 5041 1493 5092 30,
1506 5027 1553 5080 sed
1567 5027 1595 5078 in
1606 5027 1697 5088 nobis,
1718 5039 1780 5078 cum
1798 5025 1870 5078 innu-
1908 5027 2009 5080 idolum
2029 5027 2080 5078 589
2094 5027 2114 5078 7

557 5111 667 5166 44440433
688 5111 751 5168 ibid.
779 5143 813 5156 -
842 5119 903 5168 sunt
930 5115 1021 5168 mundi
1042 5121 1065 5168 et
1085 5115 1195 5168 humiles
1234 5117 1320 5178 tescit,
1349 5119 1446 5180 quanta
1472 5129 1520 5180 pro
1547 5127 1638 5166 amore
1666 5115 1715 5164 Dei
1731 5111 1808 5164 nohis
1829 5107 1870 5176 p'a-
1961 5141 1995 5152 --
2017 5113 2131 5176 84341343
2150 5113 2172 5163 40
2195 5117 2270 5164 00043
2288 5117 2389 5176 34430434
2409 5111 2444 5164 ad
2463 5117 2547 5176 pasto·

467 5255 469 5264 ,
557 5201 609 5252 460
626 5201 662 5254 33
691 5251 692 5254 ,
1100 5235 1101 5238 =
1234 5203 1319 5256 tienda
1340 5207 1401 5256 sunt
1419 5203 1450 5252 81
1472 5201 1581 5254 seete
1600 5225 1635 5238 —
1654 5203 1724 5252 Deus
1742 5199 1870 5264 31044003·
1908 5199 2547 5266 4313040043408114818-031434404311343

610 5315 644 5330 ·-
664 5289 805 5344 credebant
823 5291 850 5344 in
876 5291 1008 5344 Christum
1039 5291 1194 5344 8134749
1234 5295 1277 5342 tur
1294 5303 1343 5354 per
1359 5289 1455 5342 Christi
1474 5289 1621 5354 passionem
1643 5289 1693 5340 433
1709 5287 1871 5340 db-Chri-
1909 5292 2016 5352 propter
2046 5287 2165 5354 hostilem
2198 5289 2334 5342 incursum
2366 5291 2547 5354 repellendum

557 5405 591 5414 -
611 5377 751 5430 Dominum
771 5377 871 5432 bonum
890 5377 1013 5432 dicebant
1032 5377 1077 5430 344
1105 5377 1134 5426 43
1234 5381 1290 5428 stus
1318 5363 1447 5440 perlectos
1484 5375 1603 5428 accendit
1632 5375 1667 5428 ad
1698 5375 1868 5426 imitationem
1908 5371 1971 5426 ibid.
1993 5401 2027 5412 -
2043 5375 2092 5426 Per
2110 5387 2204 5426 corum
2226 5375 2390 5442 vigilantiam
2407 5379 2547 5444 spirituali-

605 5453 706 5528 ¹Pascua
735 5493 771 5502 *-
794 5479 842 5530 per
868 5465 1076 5520 antonomasiam
1105 5465 1195 5516 lestiva
1233 5463 1362 5528 passionis
1381 5465 1431 5514 699
1453 5477 1479 5516 v.
1499 5463 1533 5514 45
1551 5489 1587 5498 -
1605 5463 1630 5512 10
1650 5461 1793 5514 imitatione
1811 5477 1868 5528 pas·
1909 5467 1948 5514 ter
1974 5463 2120 5516 insinuatur
2153 5463 2285 5528 vigilantia
2313 5465 2340 5518 in
2367 5467 2487 5532 praelatis
2514 5465 2547 5522 44.

559 5551 615 5604 dies
628 5551 724 5604 dicitur
742 5557 767 5604 34
781 5553 861 5606 tiebat
878 5567 969 5606 mense
986 5553 1072 5618 primo
1094 5553 1124 5604 84
1146 5551 1195 5602 408
1234 5551 1314 5604 310043
1334 5551 1419 5604 344043
1436 5549 1539 5604 13034444
1557 5549 1591 5604 ad
1618 5553 1804 5616 perlectionem
1830 5553 1872 5606 de·
1910 5551 1941 5604 49
1961 5581 1996 5590 -
2015 5565 2106 5606 eorum
2126 5555 2231 5606 attentio
2253 5555 2298 5608 luit
2318 5569 2347 5608 ex
2359 5557 2484 5620 propriae
2498 5557 2546 5608 sol-

557 5639 592 5690 73
611 5669 645 5678 --
665 5639 690 5690 in
708 5641 793 5690 veteri
818 5641 889 5704 Lege
915 5645 970 5690 erat
993 5639 1050 5692 dies
1076 5639 1197 5702 specialis
1235 5639 1302 5690 coris
1322 5639 1372 5690 599
1394 5653 1419 5692 v.
1438 5639 1454 5690 6
1908 5629 2057 5696 licitudinis‘
2068 5643 2203 5706 vigilantia
2222 5647 2248 5696 34
2267 5659 2295 5696 ex
2312 5645 2422 5708 angelici
2442 5645 2547 5696 luminis

557 5727 641 5778 cultus
660 5727 702 5780 844
724 5727 756 5778 66
776 5729 808 5778 93
827 5755 864 5766 -
880 5729 972 5792 triplex
986 5725 1145 5780 celebratum
1160 5731 1197 5778 est
1288 5755 1323 5764 —
1342 5727 1432 5780 Patia
1463 5729 1579 5792 genitore
1607 5741 1656 5780 suo
1682 5727 1870 5794 343043380004
1909 5729 2135 5794 circumfulgentia
2153 5729 2187 5784 414.
2208 5729 2249 5794 47,
2270 5733 2300 5782 13
2321 5757 2355 5772 ·-
2384 5731 2483 5786 solliciti
2514 5735 2547 5784 la·

557 5827 572 5866 a
592 5813 705 5868 ludaeis:
726 5821 785 5868 ante
802 5815 900 5870 exitum
919 5831 948 5868 34
969 5817 1098 5882 aegyptu,
1112 5815 1141 5888 in
1156 5815 1197 5870 de·
1235 5817 1335 5870 334811
1354 5815 1406 5870 598
1425 5815 1460 5870 94
1909 5819 1942 5870 cti
1962 5825 2023 5870 3004
2039 5831 2055 5870 3
2075 5819 2190 5872 claritate
2206 5819 2297 5886 403314
2319 5821 2349 5872 49
2372 5823 2399 5872 94

557 5911 626 5956 33440
646 5909 765 5968 tempore
785 5919 842 5972 suo,
861 5905 888 5956 iu
908 5905 1027 5970 ingressu
1043 5909 1125 5958 terrae
1139 5919 1197 5972 pro·
1289 5909 1386 5960 Pasrue
1412 5907 1610 5974 -ingreditur
1638 5923 1685 5974 per
1714 5909 1809 5962 ostium
1839 5909 1870 5962 84
1962 5935 1996 5948 ··-
2010 5909 2282 5974 certificanturprimo
2303 5923 2350 5976 per
2369 5909 2474 5974 signum
2488 5923 2548 5972 pro·

557 5993 687 6044 missionis
707 5993 739 6046 81
759 5993 810 6046 597
830 5995 846 6046 3
870 6023 908 6034 -
931 5999 972 6048 334
995 5993 1119 6048 443034403
1145 5993 1196 6048 495
1235 5997 1287 6050 383
1305 5997 1321 6048 9
1341 6025 1375 6034 —·
1394 5997 1473 6052 debet
1490 5999 1587 6050 intrare
1604 5999 1776 6062 perustium,
1793 5997 1872 6050 idest
1908 5995 2010 6060 babile,
2036 5997 2132 6048 deinde
2154 6011 2204 6060 per
2225 5997 2403 6050 testimonium
2422 5995 2547 6048 credibile

557 6083 582 6134 9.
603 6079 654 6134 537
674 6083 696 6134 9.
718 6081 761 6134 811
782 6083 832 6134 538
853 6081 894 6134 54.
915 6083 999 6136 6409
1234 6097 1283 6150 4434
1299 6085 1436 6138 0344434304
1464 6083 1496 6140 ab.
1517 6089 1588 6140 3-
1609 6085 1671 6138 Veri
1691 6085 1803 6150 pastoris
1823 6085 1872 6152 pri·
1909 6083 1953 6136 Vll
1972 6085 2007 6136 50
2027 6083 2068 6144 95,
2083 6083 2285 6150 96-8430040
2303 6099 2349 6152 per
2370 6083 2546 6138 testimonium

610 6199 645 6210 -
665 6169 756 6224 dicitur
776 6171 852 6226 cibus
873 6173 1002 6238 paschalis
1031 6173 1061 6226 81
1089 6173 1139 6226 487
1163 6173 1196 6224 53
1233 6179 1310 6226 vatur
1330 6173 1416 6226 officio
1434 6175 1481 6242 qui
1498 6189 1546 6240 per
1565 6173 1660 6226 ostium
1677 6189 1732 6228 000
1761 6173 1872 6238 ingredi·
1909 6173 1981 6238 visus
2000 6175 2078 6226 datur
2094 6171 2133 6224 343
2150 6171 2184 6224 ib.
2199 6171 2230 6224 96
2247 6171 2436 6226 -lu'Christo
2451 6175 2547 6226 4043043

557 6287 594 6302 ·-·
611 6265 650 6314 est
668 6261 752 6326 prima
771 6263 826 6314 dies
852 6275 1003 6328 azymorum
1026 6263 1077 6316 495
1097 6263 1121 6314 9.
1145 6263 1194 6316 496
1234 6269 1277 6314 tur
1295 6263 1347 6314 385
1371 6263 1388 6314 3
1415 6289 1452 6302 -
1478 6263 1569 6314 ovium
1597 6261 1675 6316 debet
1704 6261 1805 6326 ingredi
1826 6275 1872 6326 per
1909 6261 2001 6316 datum
2020 6265 2058 6314 est
2078 6261 2114 6314 eis
2134 6261 2237 6326 signum
2267 6261 2428 6336 paupertatis
2447 6269 2472 6314 et
2501 6263 2545 6314 hu·

558 6351 591 6406 i3
610 6377 645 6390 -
664 6337 846 6404 celebrabatur
869 6351 898 6404 in
924 6351 1025 6418 azymis
1043 6353 1085 6404 811
1104 6351 1196 6404 5499
1234 6349 1365 6404 Christum
1390 6357 1514 6422 4300444304
1541 6365 1590 6416 4434
1615 6349 1778 6404 0344040584
1802 6351 1818 6400 9
1838 6375 1873 6388 -
1910 6347 2545 6416 mutuniati—quiapauperes,strnpttces

546 6467 594 6502 ,-
612 6439 638 6490 10
667 6441 761 6506 pascha
792 6441 977 6494 immolabatur
1004 6441 1196 6506 3304435409
1234 6437 1411 6494 0340303534
1437 6439 1538 6504 ingredi
1566 6453 1613 6502 per
1641 6437 1773 6492 Christum
1796 6453 1873 6492 voca·
1909 6443 1935 6490 et
1953 6435 2160 6502 contemptibiles
2179 6437 2306 6492 timebant
2325 6439 2451 6492 accedere
2467 6437 2529 6494 ibid.

556 6553 594 6566 -
611 6529 693 6580 Phase
713 6541 809 6582 nomen
828 6527 955 6594 accipitur
982 6543 1032 6594 pro
1050 6529 1108 6594 ipso
1126 6541 1197 6592 agno
1233 6527 1539 6592 tionieiusobediando,
1556 6533 1617 6590 post
1635 6527 1767 6580 Christum
1785 6527 1872 6590 ipsum
1963 6553 1998 6566 ·-
2022 6523 2225 6578 Commendatur
2255 6539 2345 6580 eorum
2375 6527 2508 6592 diligentia
2532 6541 2547 6580 a

557 6615 704 6670 occidendo
719 6621 742 6668 et
753 6631 803 6682 pro
816 6617 875 6672 cibo
888 6617 1003 6682 paschali
1018 6617 1068 6670 649
1085 6617 1116 6668 40
1136 6615 1197 6670 Vide
1234 6615 1374 6678 imitando,
1406 6621 1514 6680 propter
1543 6613 1675 6668 Christum
1707 6615 1770 6668 nihil
1802 6615 1873 6668 aliud
1909 6613 2083 6668 sollicitudine
2100 6613 2283 6680 inquisitionis,
2302 6629 2318 6668 a
2336 6617 2493 6668 certitudine
2512 6617 2547 6668 in·

508 6713 510 6722 ’
557 6717 584 6758 u.
607 6701 713 6760 Gracci.
990 6719 991 6722 ¹
1233 6705 1338 6772 praeter
1355 6701 1486 6758 Christum
1507 6705 1767 6770 3033430005894
1910 6703 2039 6758 03000013
2058 6709 2085 6758 34
2110 6717 2127 6756 3
2153 6703 2314 6768 gratitudine
2336 6705 2484 6758 devotionis
2504 6705 2547 6758 Vll

611 6819 647 6832 -
665 6793 753 6844 Nullus
779 6793 934 6848 ludaeorum
954 6791 1068 6846 audebat
1087 6793 1197 6846 immuu-
1285 6821 1323 6830 -
1340 6791 1419 6844 dehet
1436 6803 1545 6854 pascere
1565 6805 1638 6854 oves,
1666 6807 1718 6846 nou
1737 6791 1873 6856 seipsum
1910 6791 1940 6844 51
1964 6791 2012 6858 39,
2030 6793 2064 6844 33
2083 6821 2118 6830 -
2146 6805 2238 6846 eorum
2267 6793 2409 6848 festinantia
2443 6783 2549 6856 signum

554 6877 609 6932 dtis
626 6881 766 6932 comedere
791 6885 888 6946 pascha
916 6881 949 6932 Vl
977 6881 1027 6932 408
1046 6881 1134 6934 73-
1153 6881 1197 6932 Pa·
1234 6881 1268 6934 81
1287 6881 1339 6932 595
1358 6879 1393 6932 35
1405 6907 1440 6918 -·-
1454 6893 1533 6932 verus
1544 6881 1628 6944 pascit
1641 6895 1723 6946 agnos
1736 6881 1787 6932 695
1799 6895 1828 6932 4.
1841 6881 1873 6932 16
1910 6887 1965 6932 3434
1983 6881 2201 6948 promptitudinis
2217 6881 2361 6944 interioris,
2381 6895 2433 6950 qua
2457 6881 2549 6934 divino
