5908 8266
447 565 514 634 sci

446 749 522 824 tuo,
545 761 642 830 quem
656 743 807 830 scripsisti
825 773 854 814 s.
873 749 974 830 Super
998 765 1062 832 000
1076 747 1162 836 Ι04044
1175 747 1299 830 Glossa,
1324 749 1407 836 quod

444 877 469 912 -0
485 867 617 918 securas
642 851 702 918 hoc
724 851 862 932 dicebat,
889 851 1005 932 sciens,
1028 853 1113 938 quod
1129 853 1226 920 deleri
1251 871 1314 920 nou
1336 871 1419 938 pos

448 957 486 1024 sit
503 979 537 1036 »ς
562 955 704 1040 loquitur
726 957 810 1024 enirn
833 957 871 1024 00
894 955 1052 1042 scriptura
1074 957 1314 1044 praescientiae,
1343 977 1407 1024 non

448 1061 620 1150 praesentis
644 1061 789 1132 iustitiae.
1111 1103 1114 1122 ε
1337 1139 1338 1142 0

444 1211 445 1214 =
538 1169 591 1238 30.
619 1169 720 1256 (44000.
740 1171 824 1252 04).
848 1169 991 1238 Secundo
1018 1169 1169 1250 ostendit,
1187 1187 1255 1238 esse
1271 1169 1407 1254 gauden-

331 1295 428 1342 0000.
449 1277 526 1346 darn
548 1277 588 1344 de
608 1277 822 1362 prouidentia
851 1275 1137 1362 irreprehensibili
1142 1301 1154 1356 ;
1182 1283 1338 1362 quantum
1369 1277 1407 1344 ad

449 1401 543 1470 quam
566 1381 724 1466 adiungit:
749 1385 789 1450 tu
806 1383 883 1470 ipsu
898 1379 983 1448 bora
999 1383 1178 1450 eusuituuit
1193 1383 1255 1448 inl
1277 1383 1407 1468 Spiritu

447 1497 575 1568 sancte,
598 1487 716 1556 scilicet
739 1489 772 1556 in
794 1489 951 1574 spirituali
972 1489 1095 1574 gaudio,
1121 1489 1206 1574 quod
1224 1489 1319 1556 debet
1338 1507 1406 1556 csse

448 1595 480 1660 iu
504 1593 622 1678 Spiritu
647 1601 771 1676 sancta,
793 1611 855 1662 nou
873 1595 904 1660 in
929 1611 1036 1672 carne,
1061 1593 1235 1662 secundum
1268 1593 1344 1662 illud
1369 1596 1407 1663 ad

449 1703 602 1768 Romanos
621 1699 742 1766 decimo
767 1705 894 1786 quarto:
923 1703 1092 1786 «Regnum
1117 1699 1251 1768 004000
1274 1709 1407 1770 0040000

449 1813 478 1874 ct
502 1811 611 1892 potus,
636 1805 691 1874 sed
712 1805 833 1874 iustitia
853 1811 886 1874 et
906 1825 970 1892 par
995 1811 1025 1874 et
1052 1807 1203 1892 gaudium
1224 1807 1258 1874 in
1288 1809 1407 1894 Spiritu

449 1917 555 1978 sancto
571 1935 606 1988 »;
632 1911 714 1978 unde
733 1917 766 1978 et
779 1911 914 1998 gloriosa
937 1913 1031 1998 Virgo
1051 1931 1149 1998 supra
1170 1913 1290 2000 primo:
1315 1939 1331 1974 a
1345 1913 1410 1980 lix-

449 2017 591 2096 sultarit,
614 2015 731 2102 400044,
755 2017 885 2102 spiritus
906 2037 996 2086 meus
1013 2019 1044 2084 in
1060 2017 1131 2084 Deo
1147 2019 1278 2086 salutari
1293 2037 1364 2084 meo
1377 2045 1406 2084 a.

446 2159 491 2170 -
519 2123 554 2190 st
578 2123 609 2190 in
632 2123 693 2190 hoc
715 2123 799 2192 dedit
830 2123 990 2210 discipulis
1013 2127 1141 2194 modum
1173 2123 1352 2194 exsultandi
1378 2131 1407 2192 et

449 2229 541 2298 simul
569 2249 642 2298 cunr
672 2231 732 2298 lsoc
760 2233 934 2318 expressit,
960 2233 1041 2300 unde
1073 2233 1234 2302 exsultare
1257 2231 1407 2310 debeant,

449 2351 522 2402 cum
554 2333 658 2402 addit:
686 2335 876 2424 Conpulsus
905 2337 982 2418 tibi,
1008 2339 1131 2418 Pater,
1158 2337 1296 2404 Domine
1327 2335 1409 2402 cneii

449 2447 477 2508 et
501 2447 625 2522 terrae,
648 2443 732 2530 quod
757 2447 874 2514 scilicet
896 2465 959 2512 non
990 2453 1113 2514 tanturn
1136 2463 1170 2512 es
1202 2451 1324 2512 creator
1350 2461 1408 2528 per

449 2549 636 2634 potentiam,
659 2551 714 2618 sed
742 2551 835 2620 etiam
857 2554 1050 2640 gubernator
1082 2571 1139 2638 per
1161 2549 1407 2636 providentiam,
1431 2553 1433 2560 ’

450 2658 624 2726 secundum
650 2657 727 2726 illud
756 2661 901 2726 Ieremiae
925 2659 1075 2744 vigesimo
1101 2659 1212 2726 tertio:
1246 2685 1262 2718 r
1281 2657 1408 2726 Caelum
1432 2731 1433 2734 ,

450 2769 480 2832 et
504 2771 622 2832 terram
638 2783 696 2850 ego
716 2765 833 2852 impleo
848 2791 888 2846 »ς
912 2771 945 2834 04
966 2767 1062 2834 400400
1088 2767 1220 2834 ultimo:
1252 2765 1407 2834 «Caelum
1432 2829 1433 2832 ,

1433 2881 1434 2886 ’
1472 2865 1528 2932 tihi
1553 2867 1689 2952 placeat;
1712 2867 1881 2952 quoniam,
1904 2873 1941 2932 ut
1963 2865 2039 2932 dicit
2062 2863 2213 2944 Glossal,
2244 2891 2259 2924 «
2273 2867 2428 2936 iniustum

449 2869 527 2936 mihi
551 2871 640 2938 sedes
666 2877 731 2948 est,
757 2879 842 2938 terra
865 2879 971 2938 autern
996 2871 1164 2938 scabellum
1190 2873 1305 2956 pedum
1329 2891 1410 2940 meo·

443 2983 522 3042 ‘ram
538 3001 570 3040 o.
587 2975 672 3040 44040·
684 2975 801 3044 00444004
824 2975 960 3062 generali
984 2975 1139 3062 provisori
1155 2975 1324 3044 confitetur
1340 2993 1409 3044 ooo-

321 3079 598 3158 confessionibus,
625 3077 741 3146 00444004
765 3077 886 3146 iuuetis.
913 3077 1080 3166 Confessio
1103 3079 1187 3146 enim
1208 3099 1271 3146 non
1286 3085 1409 3146 tantam
1433 3067 1434 3072 ¹

450 3191 497 3252 est
523 3185 654 3270 culpae,
679 3187 851 3254 secuudum
881 3185 959 3254 illud
982 3187 1081 3254 iacobi
1109 3185 1219 3272 quinto
1234 3187 1263 3252 3:
1293 3211 1310 3246 (ι
1330 3185 1434 3254 000-Ὶγ

335 3149 420 3204 triplex.

449 3291 581 3364 fitemini
603 3291 792 3358 alterutrum
818 3297 945 3378 peccata
965 3299 1071 3360 restra
1086 3317 1122 3372 »3
1146 3291 1310 3358 sedetiam
1332 3291 1411 3376 40404

449 3415 561 3476 uerae,
585 3395 625 3464 de
647 3415 710 3484 qua
731 3397 848 3466 dicitnr
872 3397 910 3464 00
935 3399 1087 3464 Romanos
1110 3397 1249 3464 decimo:
1277 3421 1294 3456 «
1311 3397 1409 3464 Corde

451 3503 589 3570 creditur
611 3503 650 3568 00
674 3503 842 3584 iustitiam,
859 3521 914 3570 ore
938 3511 1042 3572 autern
1068 3503 1218 3572 confessio
1243 3503 1278 3570 tii
1302 3503 1340 3570 ad
1361 3521 1408 3572 sa-

450 3609 547 3676 lutern
562 3633 592 3688 »ς
609 3627 720 3676 verum
737 3609 829 3676 etiam
846 3609 960 3676 taurus
975 3609 1125 3688 ciiuinue,
1142 3609 1317 3676 secundum
1331 3609 1408 3674 44400
1432 3687 1434 3692 ,

450 3715 488 3782 ad
512 3713 666 3782 Hebraeos
698 3713 818 3782 decimo
846 3713 942 3782 tertio
959 3715 997 3782 4:
1025 3713 1244 3782 «Offeramus
1274 3713 1409 3782 hostiam

449 3819 566 3900 laudis,
588 3819 619 3886 id
643 3826 690 3887 004
709 3819 1037 3906 irrrctumlabiorum
1052 3827 1236 3888 nostrorum
1259 3821 1408 3886 cantiten-

451 3927 529 3994 tium
553 3925 669 3992 acarini
691 3925 759 3994 eius
773 3953 810 4008 »3
834 3935 865 3994 04
881 3927 912 3994 40
929 3929 1067 3994 Psalmo:
1097 3953 1113 3988 «
1129 3927 1325 3994 confitemini
1347 3929 1408 3992 Do-

449 4033 548 4112 mino,
574 4033 721 4118 quoniam
745 4033 846 4102 bonus
861 4061 878 4094 »
906 4043 965 4102 etc.
987 4037 1023 4100 Et
1046 4035 1106 4102 hoc
1130 4035 1221 4100 modo
1253 4033 1406 4118 accipitur
1432 4049 1433 4052 ’

1395 4195 1397 4202 .
1472 4145 1525 4206 tur
1549 4159 1567 4206 a
1589 4139 1689 4226 gloria
1704 4165 1736 4204 a.
1760 4139 1829 4206 sire
1855 4145 1890 4205 ut
1914 4139 2078 4216 ostendat,
2105 4139 2186 4224 quod
2219 4139 2324 4208 divina
2357 4157 2428 4226 pro-

449 4139 501 4208 hic
524 4157 582 4224 pro
605 4139 704 4206 iuude
725 4139 825 4226 ipsius
847 4139 903 4208 Dei
928 4133 1157 4226 gubernatoris.

539 4247 591 4314 37.
616 4247 734 4312 Laudat
758 4253 862 4316 00400]
895 4265 968 4316 eum
1000 4267 1059 4334 pro
1088 4265 1146 4314 sua
1172 4247 1407 4334 prouidentia:

186 4437 187 4440 Ἴ
284 4367 435 4478 strephii:
449 4357 580 4438 propter
602 4371 699 4438 quam
721 4353 829 4420 addit:
861 4355 956 4438 Qttod
978 4353 1183 4422 abscondisti
1204 4349 1283 4420 baec
1307 4373 1329 4418 a
1351 4359 1432 4420 sus

288 4475 385 4520 sensae.
446 4459 612 4546 psentibus
635 4465 663 4526 et
682 4461 905 4546 prurientibus
926 4469 957 4528 et
987 4459 1142 4528 revelasti
1170 4479 1209 4526 eu
1237 4461 1418 4548 pernulis..

449 4565 511 4632 Hoc
533 4565 617 4634 enim
640 4565 677 4632 tit
700 4569 874 4634 secundum
903 4567 1055 4636 iudicium
1084 4567 1209 4636 diuinae
1240 4567 1406 4654 prouiden-

356 4757 357 4760 ,
449 4673 527 4762 tiae,
552 4673 638 4760 0000
665 4697 683 4734 a
698 4673 781 4742 Deus
806 4673 952 4760 superbis
974 4675 1092 4743 resistit
1117 4679 1147 4742 et
1162 4673 1336 4742 humilibus
1352 4675 1407 4742 dat

449 4779 580 4864 gratiam
596 4805 629 4860 s,
650 4779 732 4846 sicut
747 4781 862 4850 dicitur
878 4781 977 4849 lacobi
996 4787 1110 4868 quarto
1123 4781 1153 4862 ⁵;
1172 4787 1202 4848 et
1217 4781 1251 4848 in
1266 4781 1403 4848 Psalmo:

410 4943 413 4948 ,
453 4883 637 4952 «Excelsus
665 4885 819 4954 Dominus
849 4893 881 4952 et
910 4887 1044 4966 hunailia
1075 4887 1203 4970 respicit
1232 4891 1263 4952 et
1294 4885 1356 4952 0440
1386 4903 1405 4950 0

448 4989 538 5074 longe
563 4991 719 5076 cognoscit
735 5019 765 5058 a.
799 4993 870 5060 ldeo
896 4991 997 5072 leuce,
1028 4991 1061 5058 id
1091 4997 1139 5058 est
1171 4991 1320 5076 mysteria
1350 5009 1404 5056 no·

448 5101 531 5162 strae
555 5097 795 5182 redemptionis,
820 5097 992 5166 abscondit
1013 5117 1036 5164 a
1058 5097 1262 5184 sapientibus
1277 5105 1307 5162 et
1318 5115 1403 5180 pru-

517 5457 526 5488 ¹
547 5461 659 5528 Vulgata
678 5459 773 5516 omittit
797 5461 839 5528 iu,
860 5463 933 5530 0000
957 5465 1046 5516 tamen
1065 5461 1187 5516 exhibent
1209 5461 1287 5516 Card.
1313 5463 1403 5528 liugn,

446 5549 473 5600 B.
494 5547 606 5616 albert,
626 5551 651 5604 S.
674 5551 768 5604 Thom.
789 5549 855 5618 (Cat.
869 5565 947 5604 aurea
964 5551 992 5604 in
1004 5553 1068 5604 Luc.
1088 5553 1131 5604 lb.
1142 5567 1170 5604 n.
1182 5549 1221 5618 6.)
1241 5555 1266 5606 et
1277 5553 1404 5618 Lyranua

446 5665 480 5678 -
502 5639 561 5690 Duo
578 5653 652 5708 0000.
671 5639 720 5692 4004
739 5645 801 5694 0004
818 5641 894 5692 Rorn.
914 5639 962 5702 44,
987 5639 1027 5692 47.
1051 5645 1077 5694 04
1093 5639 1156 5692 Luc.
1178 5641 1200 5704 4,
1215 5639 1258 5694 47.

516 5723 527 5756 i
546 5729 672 5794 Vulgata,
692 5741 771 5794 quam
785 5733 933 5796 scortantur
950 5727 1028 5794 00004
1047 5729 1165 5782 0000.οῑ
1184 5729 1257 5792 Vat,
1271 5729 1307 5784 rt
1319 5727 1403 5784 discit:

431 5813 588 5886 ¹Cuusrteor.
608 5843 645 5855 -
662 5813 780 5870 Subinde
800 5818 927 5882 allegatur
945 5817 993 5870 400.
1014 5819 1062 5880 03,
1083 5815 1127 5870 04.
1145 5821 1172 5870 04
1190 5817 1246 5870 lsai.
1265 5817 1315 5882 66,
1335 5819 1361 5870 4.

516 5901 527 5932 ³
547 5907 622 5960 Vers.
641 5907 684 5958 40.
704 5933 738 5944 -·
758 5905 881 5972 Sequitur
899 5907 976 5960 Rom.
998 5907 1046 5970 40,
1065 5907 1107 5960 40.

515 5991 527 6022 ‘²
546 5995 621 6050 Vers.
641 5995 690 6060 45,
708 5993 755 6048 004
772 5999 833 6062 0004
851 5993 941 6050 laudis
959 5997 1072 6060 Vulgata
1090 5999 1117 6050 et
1134 5995 1194 6050 Vat.
1212 5995 1315 6050 addunt
1337 6007 1404 6050 scru-

441 6095 494 6154 004·
511 6085 575 6140 Dec.
594 6083 765 6150 subiungitur
782 6087 824 6140 Ps.
838 6085 903 6148 405,
926 6087 949 6140 l.
968 6083 1020 6140 Cir.
1039 6089 1102 6140 torn.
1121 6085 1165 6138 IV.
1178 6101 1240 6152 pag.
1259 6085 1324 6150 435,
1343 6089 1404 6136 0040

446 6173 475 6236 4,
495 6173 542 6226 ubi
561 6173 698 6240 Augrrstini
710 6173 830 6228 diversos
848 6173 920 6228 locos
938 6173 972 6228 00
991 6177 1041 6228 hac
1053 6173 1222 6228 consessionis
1241 6173 1405 6228 distinctione

446 6261 588 6314 attrrlimus.
835 6301 837 6306 .

440 6399 441 6402 ,
515 6347 528 6378 ⁵
548 6351 623 6404 Vers.
644 6351 675 6416 6,
693 6355 852 6418 00040000
872 6351 911 6404 Ps.
933 6349 999 6416 434,
1017 6353 1052 6404 0.-

463 6431 465 6434 ’
516 6431 528 6466 ⁶
547 6437 624 6492 Vors.
644 6437 693 6506 l93
710 6437 825 6494 subinde
842 6453 871 6492 v.
884 6441 928 6492 00.
943 6437 998 6506 (040.
1012 6439 1068 6492 lsai.
1082 6439 1131 6504 00,
1145 6437 1199 6506 44.)
1213 6443 1240 6492 04
1252 6439 1309 6492 4004.
1322 6437 1347 6502 4,
1361 6439 1403 6492 04.

444 6553 480 6566 -
499 6525 625 6590 Superius
641 6531 704 6590 post
720 6527 781 6582 Ideo
803 6529 858 6580 004.
878 6527 951 6582 addit
968 6527 1052 6580 Deus.
1104 6563 1108 6570 »

515 6609 525 6642 ⁷
545 6615 638 6666 esaim.
657 6603 730 6680 440,ΙΙ
744 6617 805 6668 400.

462 6689 464 6692 ’
516 6699 528 6730 ⁸
548 6701 651 6756 Scilicet
668 6701 811 6758 ordiuuria
830 6701 871 6770 (ex
884 6701 965 6770 Beda)
987 6701 1013 6756 40
1030 6705 1094 6756 Luc.
1117 6703 1164 6766 40,
1184 6703 1227 6756 04.
1246 6729 1281 6742 -
1300 6705 1404 6756 Senten-

445 6791 522 6854 tiam,
541 6805 610 6860 quae
629 6791 706 6856 00040
727 6791 834 6844 interius
852 6791 996 6846 Beruardu
1015 6791 1149 6860 tribuitur,
1171 6791 1249 6848 Cerri.
1266 6793 1359 6860 lingo,
1377 6791 1404 6844 iu

445 6877 507 6930 Luc
526 6877 570 6942 ll,
583 6877 632 6940 00,
644 6875 762 6930 attribuit
773 6877 875 6944 Reduc,
888 6879 934 6944 004
948 6875 1065 6944 (0000400
1076 6879 1203 6946 August,
1214 6880 1244 6938 ll.
1256 6879 1307 6946 Qo.
1319 6881 1404 6932 Eran-

1049 569 1254 638 conlisus.
1277 575 1316 642 ΙΝ
1337 575 1577 642 EVANGELIUM
1598 571 1716 640 Lucas
1741 571 1772 638 C.
1796 573 1832 638 X.

1470 747 1623 814 dentibus
1645 747 1782 824 muudi,
1808 747 1862 832 qui
1886 753 2054 832 reputant,
2077 765 2111 814 se
2134 763 2202 814 esse
2216 749 2381 834 sopientes
2396 749 2430 814 in

1469 851 1584 920 diuinis
1616 857 1647 920 et
1670 851 1849 938 prudentes
1880 851 1910 918 io
1944 851 2189 938 temporalibus,
2204 911 2205 914 ,
2220 851 2313 920 iuxta
2342 853 2430 938 quod

1469 955 1586 1022 dicitur
1609 955 1731 1044 primae
1754 955 1792 1022 ad
1817 957 1995 1024 Corinthios
2016 957 2165 1042 primos:
2195 957 2357 1026 «Perdam
2380 977 2430 1026 sa-

1470 1061 1621 1146 pientiam
1652 1061 1838 1148 sapientiam
1871 1067 1900 1130 04
1931 1061 2130 1148 prudentiam
2151 1061 2355 1148 prudentium
2379 1083 2430 1132 re-

1470 1167 1611 1252 probabo
1628 1193 1658 1246 »;
1685 1175 1714 1236 04
1737 1173 1843 1254 000400
1859 1169 1983 1238 subdit:
2006 1195 2021 1228 «
2037 1169 2171 1234 Stultum
2187 1167 2259 1238 iecit
2279 1173 2366 1240 Deus
2380 1189 2430 1238 sa-

1470 1273 1620 1358 pientiam
1638 1273 1734 1340 huius
1751 1275 1861 1342 mundi
1877 1299 1905 1356 »3
1925 1273 2040 1342 044000
2058 1273 2149 1340 isaiae
2166 1273 2294 1358 quinto:
2317 1301 2331 1334 r
2343 1275 2428 1344 Vae!

1472 1379 1527 1464 qui
1551 1379 1707 1462 sapientes
1729 1379 1805 1446 estis
1827 1379 1859 1446 in
1883 1379 1983 1464 oculis
2005 1379 2120 1448 vestris
2141 1385 2175 1444 et
2196 1397 2304 1448 corana
2325 1381 2430 1448 vohis-

1472 1483 1616 1570 metipsis
1637 1483 1812 1568 prudentes
1826 1511 1857 1550 ».
1882 1487 2009 1554 Talibus
2031 1485 2116 1552 enim
2130 1483 2368 1554 absconduntur
2382 1487 2430 1554 di-

1471 1589 1545 1658 0400
1568 1595 1790 1668 sacramenta,
1815 1591 1869 1656 scd
1891 1597 2019 1658 econtra
2039 1591 2196 1678 paruulis
2218 1593 2429 1670 recolunt-um

1471 1695 1556 1762 ande
1586 1695 1619 1760 in
1649 1693 1818 1768 Psalmoi:
1845 1721 1863 1754 u
1880 1695 2053 1764 Declaratio
2082 1715 2265 1766 sermonum
2300 1705 2428 1768 tuorum

1471 1801 1629 1868 illuminat
1649 1805 1683 1866 04
1703 1799 1896 1868 intellectura
1921 1801 1974 1868 dat
1997 1803 2137 1886 parvulis
2152 1829 2184 1868 0.
2213 1841 2253 1854 --
2278 1805 2313 1871 04
2335 1810 2428 1886 0040,
2447 1823 2578 1868 notassem.

1472 1907 1558 1994 quod
1586 1925 1680 1974 «non
1703 1907 1777 1976 dicit
1800 1907 1909 1974 stultis
1933 1913 1962 1974 et
1985 1907 2166 1988 lebetibus,
2184 1911 2428 1996 sedpurcuiis,

1463 2015 1504 2082 id
1526 2021 1575 2082 est
1597 2015 1788 2094 humilibuS,
1813 2021 1848 2080 04
1872 2015 2030 2094 00400004,
2055 2033 2087 2082 00
2113 2033 2174 2080 000
2189 2015 2338 2082 damnare
2354 2033 2430 2084 000-

1473 2139 1546 2188 men
1571 2121 1811 2208 intelligentiae,
1833 2121 1888 2188 004
1910 2129 2069 2188 tumorem
2100 2121 2315 2206 superbiae»,
2347 2123 2430 2192 sicut

1471 2227 1548 2296 dicit
1570 2227 1710 2296 0400008.
1736 2229 1822 2296 Unde
1844 2229 2045 2296 Bernardus:
2072 2255 2088 2288 r
2106 2227 2268 2296 Humilitas
2297 2235 2343 2296 est
2367 2229 2430 2296 cla-

1471 2335 1520 2402 ris
1543 2333 1691 2402 scientiae
1706 2363 1738 2414 o,
1762 2335 1935 2402 secandam
1962 2335 2042 2404 illud
2065 2335 2308 2402 proverbiorum
2329 2335 2430 2406 uude-

1472 2441 1575 2508 cimo:
1604 2441 1693 2508 «Ubi
1715 2441 1895 2522 humilitas,
1918 2441 1961 2508 ibi
1987 2441 2183 2526 sapientia».

1563 2547 1845 2632 asscensorem
1870 2549 1931 2614 hoc
1953 2545 2104 2614 iudicium
2135 2549 2351 2632 providentiae
2381 2559 2595 2658 PSng',i⁵t,d,³,⁰b'¹¹

1472 2653 1766 2740 irreprehensibile,
1782 2651 1852 2720 ideo
1868 2653 1968 2720 addit:
1996 2653 2121 2732 Etiam,
2137 2655 2252 2732 Pater,
2268 2657 2429 2740 pauninus
2453 2627 2596 2712 berselli-³⁸

1471 2759 1521 2826 sic
1544 2759 1745 2846 coruptucuit
1764 2767 1839 2826 aute
1866 2767 1911 2836 te:
1936 2759 2023 2845 00004
2049 2759 2150 2826 dicat:
2176 2759 2273 2838 iuste,
2292 2765 2430 2846 000000

1472 2989 1541 3038 0000
1565 2991 1626 3038 000
1648 2977 1752 3056 004004
1781 2971 1866 3056 0000
1900 2971 2017 3056 placuit
2042 2971 2170 3038 iusto».
2201 2971 2290 3038 Unde
2312 2973 2430 3040 suflicit
2494 3057 2495 3060 Ἴ

1473 3077 1555 3146 hanc
1577 3077 1730 3144 rationem
1748 3077 1935 3158 reddidisse,
1950 3095 2008 3144 nec
2023 3077 2124 3146 voluit
2138 3077 2230 3143 aliam
2254 3077 2429 3164 assignare,

1473 3183 1539 3250 sire
1563 3183 1637 3268 qaia
1659 3183 1718 3250 ista
1743 3189 1790 3250 est
1811 3183 2092 3272 sufficientissima
2116 3191 2144 3250 rt
2163 3183 2301 3270 primu,
2316 3201 2430 3250 secun-
2447 3193 2551 3290 Rapgprs

1473 3287 1551 3356 dnm
1574 3287 1651 3356 illud
1670 3287 1767 3354 Exodi
1791 3287 1951 3374 trigesimo
1976 3289 2128 3356 tertio10:
2158 3317 2175 3350 o
2189 3289 2361 3356 lliserebor
2375 3293 2427 3356 cni
2519 3277 2525 3290 '

1473 3395 1622 3474 voluero,
1644 3401 1677 3462 et
1699 3393 1835 3462 clemens
1860 3411 1914 3460 ero
1937 3395 1978 3460 jn.
1994 3413 2087 3480 quem
2120 3393 2196 3460 mihi
2228 3395 2380 3480 placuerit
2397 3421 2428 3476 >³3

1473 3503 1566 3568 0400
1589 3503 1744 3568 Romanos
1765 3519 1870 3568 nono:
1898 3501 2027 3566 «00400
2051 3503 2120 3568 rnlt
2140 3503 2311 3568 miseretur
2326 3529 2343 3558 s
2368 3507 2428 3568 etc.

1473 3607 1544 3674 Sire
1568 3613 1603 3674 04
1627 3607 1833 3692 reprimatur
1859 3607 2057 3688 euriositas,
2080 3627 2121 3674 ne
2142 3607 2302 3676 discutere
2317 3609 2430 3676 audes·
2469 3605 2470 3608 ’

1472 3731 1545 3780 mres
1562 3713 1848 3798 supernatamus,
1874 3714 1956 3781 unde
1980 3713 2085 3782 Glossa
2101 3715 2145 3778 11:
2178 3715 2255 3780 «Ex
2272 3717 2331 3782 hoc
2348 3715 2430 3782 acci-

1472 3821 1576 3904 pimus
1599 3819 1786 3886 hamiliiatis
1809 3819 2009 3904 exemplum,
2027 3839 2066 3888 ne
2081 3825 2201 3888 temere
2225 3821 2430 3890 discutiamus

1472 3927 1511 3992 de
1533 3925 1681 4010 supernis
1709 3925 1845 3994 consiliis
1862 3951 1892 4006 »3
1925 3927 2041 3992 dicitnr
2069 3927 2154 3992 enlm
2186 3925 2429 3998 Proverbiorum

1472 4033 1623 4118 vigesimo
1644 4033 1774 4118 quinto:
1805 4033 2055 4100 «perscrutator
2077 4031 2245 4100 llaiestatis
2267 4035 2429 4118 opprime-

1471 4245 1608 4314 videntia
1637 4251 1686 4312 esi
1715 4245 1890 4312 inridenda
1922 4245 1957 4312 iu
1988 4245 2139 4310 omuibus
2171 4241 2271 4330 sactis
2300 4247 2429 4316 suiset

1470 4353 1598 4418 omnino
1623 4351 1653 4418 in
1678 4351 2152 4436 omnibusirreprehensibilis,
2185 4355 2359 4420 secandum
2389 4353 2429 4418 il-

1470 4459 1525 4526 400
1550 4459 1662 4526 Psalmi
1676 4459 1701 4500 12
1715 4483 1724 4524 :
1752 4483 1768 4520 «
1784 4459 1888 4526 Iustus
1904 4459 2057 4526 Dominus
2072 4457 2105 4524 in
2120 4457 2266 4526 omnihus
2288 4459 2347 4528 riis
2363 4461 2429 4528 sais

1469 4573 1503 4634 04
1523 4571 1650 4634 0000400
1674 4565 1705 4632 40
1730 4565 1875 4632 omnihus
1907 4565 2057 4650 operibus
2078 4563 2145 4632 sais
2161 4589 2191 4632 ».
2216 4603 2261 4614 --
2284 4565 2428 4634 Gaudeo·
2447 4565 2578 4612 440040·

1469 4673 1546 4740 darn
1569 4679 1617 4740 est
1637 4673 1736 4760 igitur
1758 4679 1790 4738 et
1820 4671 2045 4738 exsultandum
2075 4669 2115 4736 do
2144 4671 2343 4756 providentia
2371 4673 2427 4738 Dei
2522 4693 2531 4716 ν
2579 4695 2581 4712 ³

1469 4779 1755 4864 irreprehensibili,
1791 4795 1854 4844 non
1883 4777 2132 4862 praesumtuosis
2164 4777 2351 4844 ratiunculis
2380 4779 2430 4844 di-

1469 4883 1694 4968 sceptandum;
1718 4883 1811 4968 qnia,
1826 4889 1864 4948 at
1878 4879 1952 4946 dicit
1976 4879 2144 4964 Gregorius
2159 4883 2199 4960 1³,
2222 4907 2238 4940 «
2252 4883 2359 4948 divina
2378 4883 2428 4948 iu-

1467 4989 1548 5054 dicia
1577 5007 1639 5054 non
1672 4994 1746 5054 sunt
1768 4991 1887 5054 temere
1911 4985 2122 5066 discutienda,
2145 4985 2199 5054 sed
2228 4985 2427 5056 formidoloso

1468 5094 1590 5162 silentio
1614 5091 1791 5162 ueneranda
1805 5119 1835 5156 0.

1469 5461 1614 5528 galiorum,
1632 5477 1658 5528 0.
1679 5459 1731 5528 03.)
1751 5459 1793 5512 lV.
1805 5459 1830 5512 io
1844 5461 1906 5514 Luc.
1928 5459 1937 5512 4
1944 5459 1976 5524 0,
1995 5459 2040 5512 40.
2059 5459 2112 5512 nit:
2131 5457 2219 5512 Claris
2237 5459 2359 5514 scientiae
2378 5465 2428 5514 hu-

1468 5549 1675 5604 militas'Christi
1693 5555 1734 5604 est
1751 5553 1800 5602 etc.
1819 5577 1854 5588 -
1873 5548 1990 5602 Subinde
2007 5549 2134 5612 allegatur
2153 5549 2231 5600 Prov.
2249 5549 2292 5614 44,
2312 5551 2337 5600 0.

1540 5635 1674 5692 ”Scilicet
1699 5635 1881 5694 interlinearis
1912 5637 1951 5706 (ex
1982 5639 2065 5702 Beda,
2094 5635 2139 5704 004
2168 5635 2286 5702 sequitur
2304 5639 2427 5702 Gregor„

1468 5729 1554 5782 XXV.
1571 5729 1661 5782 bloral.
1680 5741 1702 5780 0.
1724 5725 1764 5780 44.
1784 5741 1812 5780 0.
1831 5727 1884 5796 30.)
1910 5727 1935 5780 40
1959 5727 2022 5778 Luc.
2048 5725 2097 5792 40,
2116 5725 2159 5778 04.
2177 5749 2214 5762 --
2234 5723 2360 5792 Superius
2378 5741 2427 5792 pro

1469 5815 1516 5872 tibi
1528 5817 1637 5886 placeat
1656 5819 1680 5870 D
1697 5815 1745 5870 tibi
1757 5815 1858 5884 placet.

1541 5903 1563 5936 ¹⁰
1580 5907 1656 5960 Vers.
1678 5905 1718 5958 40.
1739 5907 1827 5960 Plures
1847 5903 1923 5958 0000.
1942 5901 2089 5958 4443000004·
2114 5915 2158 5956 040
2182 5899 2327 5956 miserebor
2348 5899 2429 5970 (iuxta

1469 5998 1584 6050 translat.
1606 6011 1635 6050 ex
1654 5993 1735 6048 Hebr.
1755 6001 1782 6048 et
1802 5997 1918 6060 Syriac.;
1936 5995 1984 6044 cir.
2001 5993 2077 6046 horn.
2099 5993 2128 6056 0,
2149 5993 2199 6046 lb:
2219 5989 2367 6048 Miserubor
2384 6005 2428 6046 cu·

1469 6081 1512 6138 ius
1535 6083 1665 6138 misereor
1683 6085 1706 6136 et
1726 6081 1940 6138 msericordiaru
1967 6079 2123 6150 praestabo,
2153 6079 2232 6134 cuius
2258 6077 2428 6146 miserebar).

1469 6199 1504 6212 —
1523 6173 1646 6240 Sequitur
1665 6173 1742 6224 Rom.
1760 6173 1792 6236 3,
1812 6173 1856 6226 48.

1541 6259 1562 6290 ¹¹
1581 6261 1686 6314 Scilicet
1700 6257 1844 6316 ordinaria
1864 6259 1905 6332 (cx
1923 6257 2003 6328 Beda)
2024 6259 2051 6312 in
2068 6259 2130 6312 Luc.
2151 6261 2199 6322 40,
2214 6259 2256 6320 04,
2270 6263 2330 6324 0004
2343 6271 2423 6326 quam

1469 6351 1547 6404 Pror.
1567 6349 1617 6414 05,
1636 6351 1680 6404 07.
2095 6385 2097 6388 -

1541 6437 1563 6470 ¹²
1581 6441 1677 6494 Psalm.
1696 6439 1761 6506 444,
1783 6437 1823 6492 47.
1843 6437 2022 6502 -Superius
2041 6451 2089 6504 pro
2108 6435 2199 6490 diuina
2216 6431 2385 6504 prouidentia
2405 6435 2427 6488 D

1428 6563 1430 6566 -
1468 6529 1618 6584 00000000
1635 6541 1718 6580 manu
1737 6527 1827 6582 diuina
1847 6525 1962 6590 iustitia,
1985 6527 2007 6578 H
2026 6523 2118 6580 diuina
2135 6521 2241 6580 bouitas
2259 6525 2287 6578 ct
2302 6521 2414 6580 iustitia.

1539 6613 1562 6646 ¹³
1579 6615 1649 6668 Lihr.
1670 6617 1775 6668 XXXll.
1796 6615 1881 6668 illoral.
1895 6629 1920 6668 c.
1934 6615 1956 6666 4.
1970 6629 1995 6668 0.
2007 6615 2019 6690 4
2033 6633 2040 6668 :
2053 6613 2145 6668 Divina
2158 6611 2229 6666 enim
2241 6611 2351 6680 iudicia,
2364 6627 2425 6668 cum

1467 6705 1626 6770 nesciantur,
1636 6717 1689 6756 000
1699 6703 1794 6756 000004
1804 6715 1925 6756 sermone
1932 6701 2096 6756 discutienda
2103 6708 2189 6754 sunt...
2196 6701 2346 6756 veneranda
2356 6701 2425 6772 [Vat.

1467 6791 1580 6846 040000.
1589 6791 1779 6860 nominanda}
1790 6819 1826 6832 —
1835 6791 1963 6856 Superius
1977 6805 2025 6856 pro
2038 6787 2251 6860 praesumtuosis
2261 6791 2425 6848 ratiunculis

1463 6879 1673 6950 disceptandum
1685 6881 1743 6934 Vol.
1751 6877 1966 6950 praesumtionis
1985 6879 2149 6936 ratiunculis
2168 6879 2425 6956 discooperiendum.
