5900 8266
585 687 649 754 alh

585 879 603 928 a
626 861 724 940 hono,
750 869 914 946 postquam
932 861 1024 928 etiarn
1041 861 1184 928 redditas
1207 861 1303 928 fuerit
1326 861 1416 928 vitae.
1442 861 1477 928 Et
1495 879 1542 930 se-

585 967 722 1036 cundum
736 967 795 1036 hoo
809 967 933 1052 pravior
942 967 1032 1036 dehet
1044 967 1160 1054 imponi
1171 967 1360 1054 poenitentia
1376 967 1507 1036 dirersis
1520 971 1541 1036 ².

674 1075 726 1138 97.
753 1075 793 1138 Et
813 1073 911 1138 iussit
935 1071 985 1138 illi
1007 1073 1088 1140 dari
1109 1075 1327 1140 manducare.
1351 1075 1405 1156 Hic
1428 1081 1542 1160 quarto

419 1193 522 1256 nuaram
536 1191 574 1238 oa·
584 1185 616 1246 θῖ
632 1177 743 1246 ultimo
760 1177 897 1264 tangitur
913 1177 1053 1246 claritas
1068 1177 1230 1244 miraculi
1244 1185 1279 1246 nt
1304 1175 1545 1264 manifestandi

439 1245 561 1354 ἕῖὗῖἷῗῖιῖῗ·
583 1285 624 1354 ad
646 1285 717 1354 fidei
742 1285 905 1354 utilitatem
940 1291 970 1354 et
1002 1285 1191 1354 occultandi
1217 1293 1326 1354 contra
1349 1285 1465 1372 gloriae
1490 1305 1543 1352 va-

583 1391 721 1462 nitatem.
739 1391 825 1458 Unde
840 1393 944 1476 primo
959 1389 1173 1476 praemittitur
1188 1389 1413 1478 manifestatio
1430 1391 1543 1468 elilim

584 1497 720 1564 seeundo
745 1515 836 1576 vero,
862 1493 1035 1564 occultatio
1059 1494 1214 1576 harmala,
1247 1497 1338 1582 qnia,
1364 1495 1445 1564 siout
1466 1495 1542 1564 dicit

583 1603 753 1688 Gregorius
765 1603 789 1682 ²,
818 1603 893 1670 «sio
917 1601 1009 1670 debet
1040 1621 1109 1670 esse
1142 1621 1222 1688 opus
1247 1603 1275 1668 in
1301 1603 1543 1680 manifestant

583 1715 688 1776 tamen
710 1709 841 1774 intentio
866 1715 989 1774 maneat
1011 1709 1044 1774 in
1067 1709 1190 1774 oeculto
1205 1735 1238 1774 ».

674 1813 775 1880 Primo
798 1831 874 1900 ergo
896 1819 1051 1898 quantum
1074 1811 1114 1880 ad
1130 1813 1242 1880 utilem
1257 1813 1419 1882 miraculi
1432 1813 1557 1880 oront-‘

443 1933 474 1978 ⁰0
488 1931 565 1990 rumo-
582 1919 790 2008 feriationem
812 1919 945 1986 dicitur:
972 1921 1011 1984 El
1035 1919 1132 1986 iussit
1147 1917 1197 1986 illi
1217 1919 1299 1986 dari
1313 1919 1542 1998 mandraoare,

583 2035 703 2094 utnon
729 2027 941 2110 phantaslioa,
966 2025 1018 2092 sed
1049 2043 1122 2092 vera
1149 2025 1310 2092 suscitatio
1332 2025 1542 2110 probaretur,

584 2131 753 2218 sicutipse
785 2131 929 2218 probavit
956 2149 1046 2198 suam
1076 2131 1361 2212 resurrectionem
1383 2131 1466 2198 inira
1493 2131 1542 2198 nl-

583 2239 701 2306 timo³:
734 2239 887 2306 «Habetis
919 2237 969 2304 hic
1003 2237 1140 2322 aliquid,
1166 2239 1248 2322 quod
1280 2239 1542 2304 manducaturo?

583 2353 615 2414 et
637 2345 870 2412 suscitationem
894 2343 1019 2422 Lazari,
1044 2341 1166 2410 loannis
1187 2341 1391 2436 duodecimo,
1418 2343 1471 2410 ubi
1494 2341 1542 2410 di-

582 2453 682 2530 citur,
699 2451 786 2536 quod
805 2475 820 2508 o
837 2451 974 2518 Lazarus
988 2467 1072 2516 nnus
1088 2455 1158 2518 erat
1172 2467 1215 2516 ex
1229 2449 1540 2518 discumbentibus».

584 2555 653 2622 ldeo
674 2563 781 2622 erstem
805 2555 930 2640 signnm
953 2555 1006 2620 dat
1031 2555 1173 2622 sensibus
1196 2573 1290 2622 verae
1312 2555 1541 2638 suscitationis,

582 2669 618 2728 ut
642 2667 762 2728 mentes
785 2661 884 2728 elevet
908 2661 939 2728 in
965 2679 1129 2730 excessum
1157 2661 1381 2730 admirationis,

673 2767 725 2834 98.
749 2769 851 2852 (vars
876 2769 954 2848 aa).
987 2767 1073 2836 Unde
1100 2774 1130 2836 et
1165 2769 1308 2838 additur:
1337 2773 1374 2836 Εῖ
1406 2777 1540 2856 stupae-

434 2885 514 2984 effi
515 2897 564 2982 1l³³'
582 2881 665 2940 runt
674 2883 830 2958 parentes
853 2875 934 2954 eius,
959 2875 1047 2960 quasi
1071 2875 1317 2960 magnitudinem
1341 2875 1464 2942 divinae
1484 2892 1540 2959 po

539 2971 544 2982 '
584 2977 696 3046 tentiae
720 2981 802 3046 terre
833 2999 894 3048 non
927 2981 1199 3060 valentes31saiae
1232 2981 1383 3066 vigesimo
1409 2981 1539 3046 nona4:

590 3087 715 3166 «Ecce,
737 3105 795 3172 ego
818 3087 947 3166 addam,
971 3093 1007 3152 ut
1030 3085 1266 3154 admirationem
1289 3085 1400 3152 faeiem
1424 3085 1539 3170 populo

1174 685 1368 752 COMMENT.
1392 687 1429 754 ΙΝ
1452 685 1692 754 EVANGELIUM
1714 685 1832 754 Locha
1856 685 1888 752 C.
1914 687 1960 752 lX.

1605 861 1682 928 huic
1704 860 1857 928 miraculo
1880 859 1990 946 grandi
2019 871 2053 928 et
2081 859 2237 946 stupendo
2252 889 2282 928 a.
2309 865 2424 946 Stupor
2453 867 2560 928 autern

1605 969 1673 1036 isto
1688 967 1778 1036 fidem
1805 967 2000 1036 credentium
2022 967 2155 1036 eleuauit
2183 967 2213 1032 in
2241 985 2426 1048 excessum,
2449 985 2561 1036 secun-

1604 1075 1682 1140 dum
1704 1075 1781 1140 illud
1806 1073 1938 1142 ictuum
1960 1073 2097 1140 decimo:
2126 1099 2141 1130 «
2159 1071 2399 1158 Obstupuerunt
2430 1093 2471 1140 err
2500 1075 2561 1142 oir-

1605 1179 1795 1246 cumcisione
1817 1179 1956 1246 fideles»
1985 1185 2043 1246 eto.

1694 1287 1746 1352 99.
1770 1285 1914 1354 Secundo
1937 1303 2010 1352 sero
2032 1291 2184 1372 qnantum
2216 1285 2255 1350 ad
2279 1283 2434 1352 hominm
2454 1287 2560 1354 occal—
2575 1291 2608 1336 ⁰⁰
2622 1301 2727 1348 seeundo.

1606 1391 1761 1458 lotionem
1784 1391 1948 1458 subditur:
1975 1391 2102 1474 Quibus
2115 1389 2301 1476 praecepit,
2316 1409 2358 1456 ne
2372 1391 2429 1456 cai
2438 1391 2452 1432 5
2477 1393 2559 1460 dice·

1605 1505 1679 1564 rent
1706 1497 1795 1582 parad
1815 1495 1945 1582 sactum
1973 1507 2067 1576 crat,·
2093 1497 2198 1564 rolens
2224 1495 2385 1562 humiliter
2411 1497 2505 1564 latere
2531 1505 2559 1564 et

1604 1601 1787 1684 exemplum
1809 1601 1996 1666 humilitatis
2018 1603 2112 1678 dare,
2135 1601 2219 1668 siout
2240 1601 2400 1696 praecepit
2422 1601 2559 1686 discipu-

1605 1705 1641 1772 lis
1667 1705 1809 1774 Matthaei
1845 1705 1967 1773 dooimo
2000 1707 2147 1792 septimo:
2176 1705 2368 1792 «Praecepit
2403 1705 2478 1774 illis:
2501 1707 2559 1774 Na·

1605 1809 1679 1878 mini
1702 1811 1848 1878 dixeritis
1869 1811 2051 1878 visionem»
2079 1821 2158 1891 eto.;
2178 1813 2212 1878 in
2236 1831 2299 1898 quo
2322 1813 2475 1892 ostendit,
2502 1829 2559 1878 nos

1604 1915 1718 1984 dehere
1740 1917 1818 1984 velle
1843 1916 1940 1984 latere
1964 1915 1993 1980 in
2026 1915 2146 2002 magnis
2176 1915 2277 1984 lactis.
2304 1919 2391 1984 Unde
2414 1917 2558 2004 Augusti-

1604 2023 1707 2090 nust:
1727 2049 1743 2080 r
1754 2021 1883 2088 Occulta
1900 2023 1983 2108 quod
1998 2023 2079 2106 agis,
2096 2023 2126 2088 io
2144 2029 2297 2108 quantum
2313 2031 2419 2108 potes;
2436 2023 2557 2110 quodsi

1604 2149 1644 2198 ex
1683 2135 1748 2196 toto
1776 2147 1838 2194 non
1869 2131 1971 2208 valea,
1995 2129 2037 2196 sit
2068 2129 2238 2194 inanimo
2276 2131 2419 2196 voluntas
2456 2131 2559 2196 occul-

1605 2235 1688 2302 tandi
1700 2263 1735 2324 Υ».
1754 2271 1796 2284 -
1812 2235 1850 2302 Et
1871 2241 1959 2314 nota,
1982 2235 2067 2320 quod
2092 2241 2138 2302 θεῖ
2161 2241 2364 2320 praeceptum
2381 2233 2559 2302 esseratio-
2576 2237 2715 2352 pilgirim

1604 2341 1675 2422 ais,
1700 2343 1782 2410 siout
1803 2343 1986 2428 decalogum
2016 2341 2241 2428 probotionis,
2276 2341 2355 2410 siout
2387 2343 2424 2410 de
2450 2341 2560 2408 immo-

1604 2447 1695 2516 lando
1726 2449 1791 2516 lilio
1812 2449 1971 2530 Abrahae,
1994 2449 2121 2538 Genesis
2146 2449 2295 2536 vigesimo
2318 2449 2499 2528 secundo²;
2529 2455 2560 2516 et

1604 2555 1852 2634 instructionis,
1876 2555 1958 2624 siout
1980 2555 2040 2622 hio.
2066 2557 2097 2622 ln
2121 2557 2223 2642 primo
2259 2557 2409 2624 invitatur
2442 2555 2560 2624 intell-

1604 2671 1675 2728 ctas
1698 2663 1737 2728 ad
1760 2663 2028 2746 cognoscendum,
2058 2659 2196 2748 allectus
2218 2663 2257 2728 ad
2281 2663 2467 2742 volendum,
2492 2659 2560 2750 effe·

1603 2775 1674 2834 ctas
1689 2765 1736 2840 ⁴ad
1761 2767 2009 2850 exsequendum.
2034 2767 2066 2832 ln
2084 2767 2219 2834 seeundo
2234 2767 2388 2832 inritatur
2409 2765 2559 2854 affectas,

1603 2873 1659 2938 sed
1679 2891 1743 2938 non
1772 2869 1910 2956 effectus.
1933 2871 1965 2936 ln
1989 2871 2083 2938 tertio
2106 2877 2226 2938 tantum
2255 2871 2430 2938 intellectus
2454 2869 2566 2938 erudi.

1603 2983 1674 3056 tur,
1700 2995 1761 3044 non
1784 2975 1900 3062 ligatam
1935 2973 2088 3064 affectus,
2113 2995 2169 3044 noo
2204 2977 2392 3062 prohibetur
2419 2975 2559 3066 effectus.

1603 3085 1641 3150 Et
1663 3083 1708 3150 sio
1730 3081 1914 3168 intelligitur
1938 3081 2016 3178 illud
2037 3089 2250 3168 praeceptum.

1449 3349 1633 3444 Carnorum
1656 3351 1704 3416 IX.

584 3595 700 3676 Quarto
722 3595 959 3694 determinatur
983 3595 1212 3668 insinuatarum
1235 3595 1457 3688 discipulorum
1488 3565 1552 3668 dess

670 3701 807 3792 legatio,
825 3703 924 3792 primo
942 3701 1041 3794 quoad
1061 3703 1235 3794 Apostolos,
1253 3703 1364 3774 deiude
1380 3703 1479 3794 quoad
1496 3721 1541 3806 se-

671 3809 858 3898 ptuapinte.

674 4027 702 4090 l.
717 4023 909 4092 Convocatis
925 4031 1035 4090 autem
1052 4023 1170 4090 lesus8
1187 4023 1359 4090 attenderim
1376 4029 1434 4090 eto.
1451 4025 1541 4090 Conr-

582 4129 673 4216 pletis
698 4129 800 4198 tribus
816 4129 960 4216 partibus
975 4129 1202 4214 principalibus
1217 4129 1315 4196 huius
1330 4129 1443 4214 partie,
1459 4149 1541 4216 quae

526 4285 527 4288 ,
582 4243 630 4304 est
650 4237 691 4304 de
711 4237 854 4302 doctrina
877 4237 947 4304 lesu
969 4235 1100 4314 Christi,
1126 4237 1156 4300 in
1181 4235 1298 4322 quihus
1314 4235 1456 4320 discipuli
1481 4237 1539 4324 ipsi

582 4341 708 4412 excitati
732 4341 863 4408 inerunt
896 4341 937 4408 ad
970 4341 1182 4422 credendum,
1204 4341 1325 4410 inritati
1354 4341 1392 4410 ad
1416 4341 1541 4410 imitan-

581 4447 658 4516 dum
671 4453 702 4516 et
713 4447 858 4514 instructi
872 4447 911 4516 ad
927 4447 1181 4534 intelligendum
1197 4447 1250 4514 hic
1265 4447 1410 4534 seqnitur
1427 4453 1541 4534 quarta

581 4571 673 4640 pam,
697 4551 729 4618 in
752 4571 816 4640 qua
838 4553 1050 4640 intellipcntes
1072 4553 1252 4620 mittuntur
1276 4553 1322 4618 ad
1340 4555 1540 4640 praedican-

506 4727 509 4730 .
581 4661 674 4728 dnm.
698 4657 783 4726 Ordo
817 4667 924 4726 autem
957 4659 1092 4726 istarum
1115 4659 1253 4744 partium
1284 4659 1359 4726 satis
1380 4667 1429 4728 θεῖ
1450 4661 1484 4726 in
1505 4679 1541 4730 se

581 4765 774 4834 manifestus.
803 4765 956 4852 Quoniam
987 4773 1094 4834 autem
1113 4767 1253 4852 ,quidam
1285 4765 1539 4852 praedicatorum

582 4879 657 4942 sunt
680 4873 711 4940 in
734 4873 834 4960 gradu
866 4873 1041 4958 superiori,
1064 4873 1193 4957 qnidam
1222 4891 1298 4940 vero
1322 4873 1356 4938 in
1379 4873 1539 4954 interiori3

472 5005 564 5050 nausa.
582 4979 651 5046 ideo
675 4995 749 5064 pars
774 4979 834 5046 ista
861 4979 956 5046 habet
979 4979 1067 5044 duas.
1093 4980 1125 5044 ln
1148 4995 1286 5062 quarum
1309 4977 1413 5062 prima
1434 4979 1540 5062 agitur

581 5083 622 5152 de
643 5083 801 5152 amissione
816 5083 1069 5170 Apostolorum
1086 5083 1118 5150 in
1142 5083 1280 5152 seouoda
1302 5101 1388 5162 sero,
1406 5082 1443 5150 de
1460 5083 1540 5150 mis-

479 5215 480 5218 “
581 5191 672 5258 sione
692 5191 906 5278 septuapinla
929 5189 1183 5276 discipulorum,
1208 5189 1240 5254 iu
1262 5187 1384 5256 decimo
1401 5188 1539 5272 capitolo

581 5297 624 5362 ibi
638 5297 666 5362 ⁹:
692 5297 882 5382 Desipnaoit
906 5305 1019 5364 antem
1035 5301 1094 5362 eta.

654 5679 735 5734 ¹Cir.
753 5679 788 5734 de
805 5681 847 5734 his
864 5679 948 5746 Beda,
969 5681 1005 5734 441.
1023 5681 1049 5734 in
1077 5683 1138 5734 Lao.
1160 5683 1188 5746 8,
1215 5681 1257 5734 55.
1277 5687 1302 5734 et
1319 5683 1349 5734 ll.
1367 5683 1393 5734 in
1412 5683 1488 5734 Marc.
1509 5681 1537 5746 5,

584 5771 625 5824 43.
644 5797 679 5810 -
698 5769 825 5836 Superius
844 5783 893 5836 pro
917 5767 1080 5838 pronitatem
1103 5771 1160 5824 Vat.
1173 5769 1423 5838 promptitudinem,
1446 5777 1473 5824 et
1489 5785 1539 5836 pro

578 5855 795 5930 praepedientem
812 5857 928 5912 secunda
948 5871 1041 5910 manus
1060 5857 1086 5910 in
1106 5859 1126 5910 D
1146 5857 1279 5912 substituit
1295 5857 1490 5928 impedientem.

652 5943 752 6002 ²Lthr.
772 5947 789 5998 l.
807 5947 904 6000 Hamil.
922 5947 949 5998 in
970 5949 1069 6014 Evang.
1089 5947 1177 6000 homil.
1199 5947 1240 6000 44.
1259 5961 1287 6000 n.
1306 5949 1332 5998 4.

653 6033 758 6090 ³Vers.
778 6035 820 6100 lt,
833 6041 986 6104 postquem
1006 6037 1074 6090 toan.
1094 6037 1137 6104 44,
1156 6037 1180 6088 l.
1200 6065 1236 6076 -
1253 6037 1344 6090 Glossa
1355 6035 1538 6092 interlinearis

584 6127 624 6196 (er
644 6125 738 6194 Beda):
758 6125 792 6178 El
811 6123 891 6180 iussit
908 6123 950 6178 illi
966 6123 1031 6178 dari
1052 6123 1236 6190 manducare,
1256 6125 1290 6178 ad
1309 6125 1484 6178 testimonium
1504 6125 1539 6176 vi·

514 6279 515 6282 Ἴ
582 6221 632 6280 ῖθθ,
652 6219 679 6268 ut
696 6225 748 6266 non
767 6215 937 6278 phantasma,
956 6213 1001 6266 sed
1031 6213 1128 6268 veritas
1147 6213 1305 6268 crederetur.
1325 6211 1377 6268 Clr.
1396 6211 1538 6280 chrysost,

582 6301 676 6356 Hamil.
696 6301 738 6352 34.
759 6299 833 6368 (θΙῖθε
851 6301 906 6370 32.)
924 6301 952 6352 in
971 6301 1058 6354 Matth.
1077 6315 1102 6354 n.
1121 6301 1153 6352 3:
1166 6301 1257 6366 Neque
1269 6301 1349 6352 modo
1361 6301 1477 6364 suscitat,
1490 6301 1537 6354 sed

582 6389 671 6444 eibum
689 6387 741 6454 ipsi
760 6387 823 6442 dare
841 6387 927 6454 iubet,
945 6403 978 6442 ne
996 6387 1132 6442 videretur
1154 6401 1198 6442 res
1221 6401 1280 6442 esse
1302 6389 1466 6452 phantasma.
1490 6389 1539 6442 Ne·

583 6493 636 6546 que
653 6477 711 6544 ipse
728 6477 786 6542 dat,
804 6477 851 6532 sed
870 6477 936 6532 alios
959 6477 1032 6532 dare·
1043 6475 1132 6542 iubet,
1150 6475 1377 6544 quemadmodum
1396 6481 1422 6530 et
1440 6477 1473 6532 de
1492 6481 1539 6532 La·

583 6581 644 6622 zaro
661 6565 697 6620 ait
715 6565 798 6634 [loen.
819 6565 865 6630 ll,
886 6565 957 6634 li.]s
970 6563 1072 6622 Solvite
1084 6565 1162 6620 illam
1181 6567 1207 6620 el
1223 6565 1301 6618 sindo
1319 6563 1407 6632 abire,
1426 6571 1453 6620 et
1469 6571 1539 6632 post·

583 6667 613 6728 ea
633 6667 738 6708 mensae
757 6659 906 6708 consortem
924 6655 1013 6708 efficit.
1030 6655 1131 6707 Etenim
1144 6667 1251 6720 semper
1262 6659 1404 6722 utrumque
1416 6667 1538 6718 compro·

584 6745 648 6796 hare
664 6745 729 6796 solet
747 6749 774 6798 et
790 6749 903 6798 mortem
921 6749 948 6796 et
965 6743 1184 6796 resurrectionem
1197 6743 1392 6796 accuratissime
1403 6749 1537 6796 assertam.

583 6859 618 6872 -
636 6833 744 6886 interius
762 6847 810 6898 pro
822 6829 945 6886 sensibus
956 6831 978 6882 G
989 6829 1122 6896 sensibile,
1134 6835 1159 6882 et
1177 6845 1225 6896 pro
1243 6829 1272 6884 in
1289 6841 1446 6896 accessum,
1464 6829 1538 6898 quod

584 6919 680 6972 hahent
698 6919 822 6984 aban,
841 6921 900 6974 Vat
913 6919 943 6974 in
955 6915 1102 6974 cecelsam.
1121 6917 1171 6972 Glr.
1192 6925 1255 6972 tom.
1276 6919 1306 6970 V.
1322 6932 1349 6983 p.
1362 6919 1404 6972 44.
1418 6919 1466 6972 cal.
1480 6919 1499 6972 4.
1511 6919 1539 6970 in

583 7021 656 7072 corp.
675 7013 702 7060 et
719 7009 819 7072 passim
837 7007 864 7060 in
883 7009 1030 7060 allisionis.

1700 3595 1784 3652 Priore
1805 3595 1894 3664 egitur
1912 3589 1943 3652 do
1959 3595 2082 3652 missione
2099 3595 2274 3668 Apostolorum
2295 3573 2458 3668 quartaria.

1695 3809 1796 3876 Prima
1820 3829 1892 3894 pars
1916 3813 2054 3878 continet
2075 3827 2223 3896 praesens
2252 3809 2426 3894 capitulum
2448 3817 2481 3876 et
2503 3811 2560 3876 ha-

1604 3917 1657 3982 bet
1682 3925 1746 3982 tres
1770 3923 1893 4000 partos,
1919 3917 2091 3984 secundum
2117 3917 2177 3982 tria
2199 3935 2280 4002 quae
2305 3917 2441 4000 explicat
2466 3919 2561 3984 Eran-

1604 4023 1713 4108 gelista
1736 4023 1911 4090 necessaria
1934 4021 2084 4114 apostolis
2100 4029 2130 4090 et
2146 4021 2294 4108 praelatis
2315 4021 2355 4088 ad
2377 4023 2560 4108 praedican-

1603 4128 1682 4202 duro
1694 4127 1806 4194 missis.
1823 4129 1965 4212 Quorum
1978 4127 2117 4214 primum
2129 4135 2177 4196 est
2190 4125 2306 4214 forma
2318 4129 2559 4212 praedicanda}
2578 4149 2709 4196 sarrano.

1604 4235 1776 4302 seeundum
1802 4241 1848 4302 θεῖ
1864 4235 1920 4302 nia
1938 4233 2154 4320 proficiendi,
2180 4253 2274 4320 qnam
2298 4233 2435 4320 explicat
2458 4235 2558 4302 ihi10:
2766 4241 2769 4246 ’

1607 4343 1644 4408 El
1659 4339 1789 4428 factum
1805 4347 1869 4420 cst,
1892 4361 1971 4408 cum
1985 4341 2074 4408 solus
2102 4347 2182 4408 essct
2207 4359 2332 4418 orams;
2360 4339 2488 4408 tertium
2512 4349 2559 4408 est

1603 4465 1726 4514 norma
1744 4447 1978 4534 praesidendi,
2009 4465 2090 4534 qaae
2112 4445 2307 4524 describitur
2330 4445 2387 4514 ibi:
2416 4447 2562 4514 latravit

1604 4559 1714 4618 aaran
1738 4551 1773 4618 in
1796 4571 1850 4618 eos
1872 4551 2045 4640 copitalia,
2068 4551 2144 4640 qais
2168 4569 2284 4618 eorarn
2306 4557 2364 4618 eto.

1778 4781 1869 4836 Forma
1885 4779 2052 4852 praedioandi
2071 4779 2212 4852 dupliciter
2231 4781 2387 4852 explicatur.

1692 4979 1854 5044 Formam
1868 4981 1975 5042 autem
1986 4977 2211 5062 praedicandi
2225 4975 2391 5062 dupliciter
2408 4977 2557 5064 explicam

1604 5083 1706 5168 primo
1730 5083 1790 5150 sub
1812 5081 1925 5148 diuino
1943 5089 2140 5166 praccepta·
2156 5083 2293 5156 secundo
2308 5101 2403 5164 vero,
2426 5083 2486 5150 sub
2510 5083 2559 5152 cli-
2579 5099 2723 5164 naasson..

1603 5189 1680 5256 nino
1706 5187 1869 5274 escrnplo,
1895 5187 1936 5254 ibi
1951 5189 1994 5254 ¹1:
2021 5189 2060 5254 ln
2084 5189 2210 5254 reuersi
2238 5189 2389 5274 Apostoli
2421 5179 2567 5258 nuntia?
2612 5167 2673 5200 ‘¹⁵¹⁰‘

1603 5301 1730 5360 verant.

1673 5677 1685 5710 ⁴
1705 5683 1779 5734 Vers.
1802 5681 1841 5732 44.
1857 5707 1896 5720 -
1913 5679 2036 5746 Sequitur
2053 5679 2109 5732 Αθῖ.
2131 5679 2176 5742 ta,
2198 5677 2238 5730 45.
2260 5677 2381 5748 (ACDG
2398 5677 2427 5734 ia
2446 5677 2561 5734 ciream·

1602 5767 1710 5822 oisione.
1729 5797 1763 5806 -
1782 5769 1832 5822 Pro
1848 5767 1875 5822 in
1895 5779 2034 5822 accessum
2052 5767 2175 5822 reddet
2195 5767 2253 5820 vat.
2272 5767 2300 5820 in
2319 5765 2433 5822 cacabo.

1672 5851 1683 5884 ⁶
1703 5859 1815 5924 Vulgata
1835 5863 1859 5910 et
1878 5857 1936 5910 Vae.
1957 5869 2018 5910 cum
2035 5857 2166 5908 nonnullis
2186 5855 2264 5910 codd.
2281 5853 2375 5910 aliani.
2387 5883 2422 5894 -
2441 5855 2560 5910 Subinde

1602 5945 1728 6010 allegatur
1748 5947 1836 6000 Matth.
1855 5945 1898 6010 47,
1916 5945 1942 5998 9.

1670 6031 1683 6062 ⁶
1703 6035 1772 6088 hihr.
1789 6037 1825 6088 de
1842 6032 1968 6088 Condictu
1987 6033 2111 6088 vitiorum
2132 6039 2155 6088 et
2174 6033 2301 6088 virtutum
2321 6033 2488 6104 (interopera
2510 6033 2560 6086 Au·

1601 6121 1692 6190 gast),
1711 6137 1733 6176 a.
1753 6125 1783 6176 3:
1802 6121 1908 6176 Occulta
1927 6123 2001 6190 qnod
2020 6122 2089 6188 agis,
2102 6121 2130 6174 in
2142 6127 2271 6190 quantum
2286 6124 2376 6184 ‘vales3
2388 6121 2460 6188 quod
2474 6121 2497 6173 si
2510 6127 2559 6174 etc.

1671 6205 1683 6238 ²
1703 6211 1778 6264 Vers.
1797 6213 1824 6264 2.
1841 6211 1893 6264 co.
1913 6211 1931 6262 Ι.
1951 6213 2020 6264 Seni.
2039 6211 2067 6264 d.
2085 6211 2129 6264 47.
2147 6211 2211 6264 duh.
2231 6211 2257 6264 5.

1671 6295 1683 6326 ⁸
1703 6301 1737 6352 lta
1764 6297 1890 6366 raab,
1916 6299 2028 6364 Vulgata
2047 6299 2142 6352 omittit
2160 6301 2248 6364 lesus,
2270 6299 2342 6364 quod
2363 6295 2460 6350 habent
2480 6295 2559 6352 etlam

1601 6387 1686 6452 Beda,
1704 6387 1780 6442 Card.
1800 6391 1890 6456 lingo,
1908 6389 1938 6442 B.
1957 6389 2067 6452 albert,
2085 6389 2112 6442 S.
2137 6389 2231 6442 Thorn.
2252 6383 2316 6454 (Cat.
2333 6399 2413 6440 aurea
2441 6385 2468 6438 in
2497 6387 2561 6442 Luo.

1601 6487 1626 6528 o.
1638 6477 1662 6530 9.
1680 6493 1706 6530 n.
1726 6477 1762 6546 4.)
1780 6483 1807 6530 et
1826 6479 1951 6542 tyranus
1969 6507 2004 6516 -
2022 6477 2060 6530 [te
2078 6475 2197 6542 partibus
2214 6475 2403 6540 principalibus
2423 6473 2561 6530 divisionis

1601 6567 1648 6618 cir.
1659 6579 1739 6630 supro
1760 6579 1782 6618 c.
1804 6565 1827 6618 l.
1844 6579 1872 6618 n.
1892 6567 1968 6616 4.-
1989 6565 2095 6619 interius
2114 6579 2163 6632 pro
2182 6561 2345 6618 medendam
2359 6561 2560 6622 animamarum

1602 6655 1659 6706 Vsa.
1679 6651 1842 6708 onaamm
1860 6659 1886 6706 et
1903 6653 2168 6710 communicandum.

1672 6739 1685 6770 ⁹
1703 6743 1778 6796 Vers.
1800 6745 1827 6794 t:
1844 6741 1908 6796 Posl
1927 6743 1992 6798 haee
2009 6745 2099 6796 auam
2118 6739 2268 6808 desipraaoit
2285 6739 2418 6796 Dominus
2437 6749 2488 6796 etc.

1673 6825 1696 6860 ¹⁰
1715 6829 1789 6882 Vers.
1811 6829 1859 6892 l8;
1877 6831 1983 6884 tertium
2003 6829 2113 6882 hahetur
2131 6843 2157 6880 v.
2178 6827 2220 6880 la.

1673 6913 1695 6948 ²¹
1715 6919 1791 6970 Vers.
1813 6919 1860 6984 40,
1880 6917 1924 6970 ubi
1943 6913 2206 6984 pronuntiaverant
2227 6917 2271 6986 (na
2291 6919 2369 6974 etiam
2381 6919 2411 6974 B.
2423 6919 2520 6972 arhart
2535 6925 2561 6974 et

1601 7007 1720 7072 Lyranus
1739 7005 1764 7056 in
1784 7003 1913 7072 margine)
1934 7005 2043 7070 Vulgata
2062 7009 2087 7056 et
2106 7005 2165 7058 Vat.
2183 7011 2377 7064 narraberunt.
