5900 8266
1005 565 1198 640 Gontiana.
1221 577 1259 642 ΙΝ
1282 577 1521 646 EVhNGELlUM
1543 579 1660 646 Lucae
1685 581 1716 646 C.
1742 583 1774 646 ll.
1954 591 1956 598 ’
2339 583 2382 648 aa

410 745 524 812 dicitnr
544 745 585 812 de
605 743 736 828 Angeia,
754 743 807 828 qui
833 745 978 832 apparuit
1002 745 1109 826 Petro,
1127 749 1261 816 actuum
1283 751 1362 820 duo-

409 853 567 920 decimo¹:
596 851 716 930 «Ecce,
744 853 878 938 Angelus
904 851 1026 918 Domini
1053 853 1167 934 astitit,
1197 861 1227 922 et
1257 859 1359 924 lumen

264 973 390 1024 sonnium.
409 959 531 1026 refulsit
551 959 583 1024 in
607 955 813 1024 habitaculo»
836 957 978 1024 carceris.
1005 959 1075 1024 ldeo
1097 967 1203 1026 autern
1228 961 1279 1026 hic
1302 965 1361 1026 hrr-

410 1063 496 1150 gelus
519 1067 623 1132 lumen
640 1063 762 1142 attulit,
778 1065 852 1147 quia
866 1063 952 1132 tilius
967 1063 1046 1132 lucis
1061 1063 1137 1144 suit,
1152 1069 1184 1132 et
1200 1065 1274 1150 quia
1287 1083 1361 1132 euru

412 1169 555 1236 nuntiare
572 1175 714 1248 venerat,
737 1169 792 1254 qui
823 1176 897 1236 «θεῖ
918 1171 977 1236 lux
993 1185 1086 1248 vera,
1101 1187 1184 1254 quae
1208 1171 1362 1236 illuminat

410 1293 532 1342 omnem
551 1276 709 1342 bominem
725 1275 900 1342 venientem
916 1275 949 1342 in
965 1277 1050 1342 hunc
1067 1275 1221 1342 mvrndum
1233 1301 1266 1354 »,
1281 1277 1362 1342 sicut

411 1381 527 1448 dicitur
542 1383 663 1450 loannis
679 1381 789 1468 primo.
817 1385 852 1450 Et
866 1381 936 1450 ideo
960 1387 1050 1448 nocte
1067 1381 1171 1448 lumen
1191 1381 1311 1461 attulit,
1327 1387 1362 1448 ut

413 1489 617 1574 significetur,
642 1489 763 1572 impleri
780 1489 856 1556 illud
875 1489 969 1556 Isaiae
989 1505 1090 1552 nuno:
1118 1513 1135 1546 (ι
1148 1487 1363 1554 habitantibus

411 1595 440 1659 iu
466 1593 590 1678 regione
611 1591 742 1658 umbrae
767 1591 876 1660 mortis
899 1593 957 1658 lux
979 1598 1049 1656 orta
1074 1599 1120 1658 θεῖ
1144 1591 1188 1656 eis
1202 1619 1230 1654 ε.
1251 1627 1291 1638 -
1319 1591 1362 1656 Gr

412 1699 471 1764 hac
480 1705 584 1764 autern
598 1697 738 1764 claritate
750 1705 893 1782 pastores
907 1697 1054 1764 sollicitos
1071 1694 1217 1774 reuoluta
1233 1703 1363 1780 propter

412 1803 494 1890 quud
524 1803 681 1870 subditur:
709 1805 748 1868 Et
772 1801 954 1870 tiruderurtt
977 1801 1093 1868 tentore
1115 1819 1258 1888 nauplio,
1280 1801 1363 1868 siem

413 1917 443 1978 θῖ
467 1909 627 1978 Zacharias
652 1909 680 1974 in
703 1915 831 1992 aspectu
854 1909 976 1992 hugeli;
1001 1927 1096 1992 supra
1120 1909 1267 1994 primur:
1295 1933 1312 1966 n
1328 1909 1364 1972 Εῖ

414 2015 575 2082 Zacharias
596 2013 744 2080 turbatus
768 2019 832 2092 est,
855 2019 888 2080 et
910 2013 1005 2080 timor
1020 2013 1115 2080 irruit
1132 2031 1226 2098 super
1242 2013 1316 2080 eum
1332 2039 1362 2074 ».

499 2123 549 2186 22.
576 2119 610 2184 Et
625 2125 717 2200 nota,
732 2119 816 2202 quod
834 2119 967 2204 tngelus
981 2119 1082 2204 inagis
1096 2119 1244 2204 apparuit
1261 2123 1362 2200 pasto-

285 2243 395 2292 uauones.
414 2227 501 2292 ribus
517 2243 609 2308 quam
626 2225 675 2290 alii
701 2225 806 2310 generi
824 2225 998 2302 hominurn,
1016 2231 1083 2290 turn
1099 2223 1174 2308 quia
1187 2241 1362 2308 pauperes,

254 2305 317 2352 quare
329 2295 398 2346 ange·

253 2345 401 2454 lacatii
412 2335 539 2446 propter
561 2347 642 2416 quos
656 2329 799 2398 veniebat
815 2329 975 2410 Christus:
1001 2329 1142 2396 Psalmus
1154 2329 1184 2394 3:
1207 2331 1364 2412 «Propter

253 2455 289 2500 ru.
413 2451 567 2500 miseriam
591 2437 718 2520 inopum
734 2443 767 2500 et
782 2435 931 2518 gemitum
950 2451 1126 2518 pauperum
1143 2451 1226 2500 nunc
1250 2449 1364 2500 exsur-

413 2557 480 2626 gam
493 2563 525 2618 »;
547 2549 579 2606 et
601 2539 795 2608 bernardus:
825 2539 957 2622 «Quam
980 2539 1081 2604 nauita
1103 2539 1197 2606 hodie
1226 2557 1306 2604 auro
1333 2545 1365 2604 et

413 2643 540 2730 gemmis
554 2645 673 2730 fulgent
689 2645 812 2710 altaria!
831 2647 939 2724 Putas,
952 2643 990 2708 ad
1002 2645 1080 2710 haec
1091 2641 1247 2710 divertent
1260 2643 1363 2730 hugeli

413 2755 444 2818 θῖ
473 2767 625 2834 pannosos
656 2749 797 2818 homines
830 2749 1052 2816 declinabunt?
1082 2749 1110 2814 Si
1141 2749 1183 2814 ita
1215 2755 1276 2828 est,
1306 2767 1364 2816 cur

413 2855 510 2938 magis
532 2855 711 2938 pastoribus
735 2855 843 2922 uviuuv
871 2859 1089 2938 apparuerunt
1112 2873 1207 2938 quarn
1236 2855 1364 2938 regibus

409 2965 532 3036 terrae,
554 2977 651 3044 quarn
673 2959 888 3026 sacerdotibus
914 2959 1020 3042 templi
1034 2965 1072 3022 »l
1089 2995 1131 3008 -·
1148 2961 1226 3026 Tum
1252 2959 1362 3036 etiam,

413 3067 485 3150 quia
506 3065 687 3150 simplices:
712 3063 954 3130 Proverbioruut
977 3063 1113 3130 tertlot:
1145 3065 1365 3132 «Abominatio

412 3171 532 3238 Domini
554 3179 602 3238 est
632 3171 732 3236 omnis
764 3169 893 3248 illusor,
920 3175 1050 3236 etcum
1076 3169 1274 3256 simplicibus
1298 3187 1365 3236 ser-

412 3277 576 3344 mocinatio
602 3277 714 3352 eluso:
745 3285 776 3344 et
806 3277 951 3342 Matthaei
983 3275 1163 3342 undecimo:
1202 3277 1364 3342 «Abscon-

413 3383 482 3450 disti
506 3385 621 3450 haece
650 3381 841 3466 sapientibus
869 3385 900 3448 θῖ
926 3381 1155 3466 prudentibus
1184 3387 1215 3448 θῖ
1242 3385 1361 3450 revela-

414 3489 453 3556 sti
475 3505 510 3556 ea
533 3489 714 3574 parvulis».
735 3489 875 3554 -Tum
899 3487 1011 3568 etiam,
1034 3487 1108 3572 quia
1133 3487 1266 3572 cipiles;
1290 3489 1364 3554 Pro-

413 3593 591 3660 verhicrurn
613 3593 767 3658 octavo⁵z
797 3593 885 3676 «Qui
905 3609 997 3658 mane
1024 3591 1221 3676 vigilaverint
1248 3591 1287 3658 ad
1315 3609 1365 3660 me

412 3697 567 3766 invenient
591 3717 684 3778 mem
701 3699 874 3784 Sapientiae
899 3707 1004 3766 sexto:
1026 3699 1114 3782 «Qui
1138 3699 1175 3766 de
1200 3699 1269 3766 luce
1292 3697 1366 3784 vigi-

413 3805 543 3870 laverint
566 3811 693 3890 propter
725 3805 810 3872 illam
840 3805 902 3872 cito
927 3811 1023 3870 erunt
1046 3805 1149 3872 securi
1172 3831 1205 3870 ».
1228 3841 1273 3852 -·
1295 3805 1366 3872 Sive

412 3917 539 3994 propter
561 3913 776 3998 mysterium,
799 3917 837 3976 ut
851 3909 1039 3988 insinuetur,
1057 3911 1142 3994 quod
1157 3909 1298 3976 doctriua
1316 3929 1366 3976 ve-

413 4013 513 4080 ritatis
533 4013 658 4080 debete
677 4013 825 4098 praelatis
841 4013 1007 4098 pervenire
1031 4013 1070 4078 ad
1094 4011 1254 4094 subdit0s;
1282 4015 1367 4080 unde

413 4117 558 4186 Glossai:
589 4117 665 4184 «illi
688 4137 765 4204 prae
791 4119 904 4186 ceteris
935 4119 1041 4186 videre
1074 4119 1219 4186 sublimia
1242 4137 1365 4186 meren-

413 4231 481 4304 tur,
505 4225 556 4312 qui
582 4223 726 4294 fidelibus
750 4225 881 4294 sollicite
903 4231 1097 4310 praesunt».

499 4333 550 4398 23.
576 4333 675 4416 (Vers.
706 4333 779 4416 ld).
807 4333 845 4396 Εῖ
866 4330 954 4396 dicit
975 4331 1041 4396 illis
1066 4331 1213 4416 Angelus
1235 4337 1294 4398 etc.
1313 4333 1366 4396 Hic

256 4449 402 4546 {3333qu
413 4437 547 4504 secundo
570 4425 761 4504 describitur
784 4435 997 4502 urruuub’oto
1022 4435 1167 4502 renitens
1192 4437 1236 4502 ud
1259 4435 1367 4502 casul-

264 4567 289 4598 n
299 4555 400 4600 rat-runa
413 4543 549 4608 tondum
558 4565 571 4618 ;
588 4541 618 4608 in
631 4561 694 4626 qua
707 4541 917 4626 praemittitur
929 4539 1112 4606 exhortatio
1127 4543 1139 4582 ⁷
1154 4541 1194 4606 ad
1205 4539 1368 4626 fiduciam

263 4607 289 4650 ad
311 4607 399 4652 θιεθῖῖθ·

264 4659 399 4706 conentur·
412 4653 444 4714 θῖ
465 4647 502 4714 ad
524 4647 702 4726 laetitiam,
718 4655 749 4714 et
766 4649 911 4714 subditur
926 4647 1160 4726 annuntiatia,
1185 4647 1368 4732 exprimens

255 4765 398 4864 ,Pdgpfflg
412 4753 543 4870 laetitiae
558 4771 694 4820 causam.
710 4789 750 4802 -
765 4753 956 4820 dehortans
970 4753 1067 4838 igitur
1080 4753 1212 4838 angelus
1226 4753 1267 4820 ad
1280 4753 1368 4836 [666-

413 4875 499 4924 caoru
533 4857 613 4924 dixit
648 4857 726 4924 illis:
752 4857 855 4924 Nolite
891 4859 1012 4924 timere.
1035 4859 1101 4924 Nou
1127 4857 1210 4924 enim
1238 4861 1369 4924 venerat

412 4963 543 5048 angelus
566 4963 713 5030 nuntiare
736 4981 803 5030 rem
820 4963 1011 5044 terribilem,
1028 4963 1082 5030 sed
1096 4963 1197 5048 magis
1211 4963 1368 5032 desidera-

482 5359 491 5390 ²
512 5363 585 5414 Vers,
603 5363 629 5414 7.
649 5391 683 5402 -
704 5365 759 5414 Due
773 5377 846 5430 seqq.
859 5365 908 5416 loci
920 5369 982 5416 sunt
995 5365 1063 5416 loau.
1088 5365 1107 5426 l,
1128 5365 1153 5416 9.
1172 5371 1198 5416 et
1215 5365 1273 5417 lsai.
1291 5365 1323 5428 9,
1342 5365 1368 5416 2.

481 5445 585 5500 ²Vers
606 5451 649 5502 la.

481 5531 491 5564 ³
510 5537 600 5588 Psalm.
620 5539 630 5590 l
641 5539 662 5602 l,
681 5539 707 5588 6.
726 5563 762 5576 --
780 5537 910 5590 Sententia
929 5537 1053 5591 Beruardi
1074 5537 1185 5590 habetur
1205 5539 1287 5590 Serm.
1301 5537 1326 5590 t.
1338 5537 1367 5588 in

411 5625 492 5678 Nativ.
512 5623 630 5688 Domini,
649 5641 674 5676 n.
696 5627 719 5676 l.
740 5625 838 5678 Textus
856 5625 989 5690 originalis
1001 5631 1061 5692 post
1073 5623 1174 5680 ultorio
1187 5627 1261 5680 addit
1272 5623 1369 5694 pauidi

411 5709 507 5780 tabique
522 5711 615 5782 palliis
627 5711 747 5782 parietes
767 5709 956 5766 adornantur!
974 5713 1096 5767 Ultimem
1115 5713 1323 5778 propositionem
1335 5711 1368 5766 Si

410 5799 450 5854 ite
461 5803 499 5854 est
511 5807 572 5866 etc,
585 5803 662 5854 codd.
676 5799 798 5854 exhibent
812 5803 867 5854 sic:
887 5799 939 5854 Sed
951 5801 1039 5868 raupta
1048 5799 1206 5868 posteribus
1218 5801 1309 5856 cottam
1323 5813 1367 5866 up·

408 5893 576 5956 paruerunt,
596 5903 676 5956 quem
697 5887 804 5956 regibus
824 5893 912 5942 terroe
930 5893 957 5944 et
972 5886 1157 5944 cacerdotibus
1177 5887 1276 5956 terrtpli

479 5975 491 6006 ⁴
512 5979 585 6034 Vets.
605 5979 648 6030 32.
666 6005 703 6016 -
721 5977 844 6044 Sequitur
862 5979 952 6030 blotan.
971 5979 1014 6042 ll,
1033 5977 1075 6030 25.
1176 6011 1179 6018 -

480 6061 491 6094 ⁵
512 6067 585 6118 Vera.
604 6065 651 6130 li,
670 6069 729 6130 post
747 6079 830 6130 quem
849 6065 910 6130 Sap.
932 6067 964 6128 6,
984 6065 1026 6118 tc.
1043 6079 1100 6130 seq.
1121 6063 1335 6132 (sententialiter).

480 6149 611 6204 6ὃθίῖίθθῖ
637 6151 779 6208 ordinario
806 6153 835 6204 iu
862 6155 923 6204 Luc.
945 6157 975 6216 2,
995 6155 1026 6218 8,
1053 6165 1122 6220 quae
1151 6159 1220 6206 vecte
1244 6151 1367 6204 tribuitur

411 6241 495 6292 Bedae
515 6239 552 6302 (in
572 6243 642 6292 hunc
660 6239 728 6304 loc).
757 6241 829 6292 idem
848 6239 911 6292 dicit
929 6241 1051 6304 Gregor,
1072 6241 1088 6292 l.
1106 6241 1202 6292 llomil.
1221 6241 1248 6290 in
1261 6241 1366 6304 Evang.

411 6327 498 6380 homil.
519 6331 542 6380 8.
561 6341 587 6378 n.
608 6327 684 6378 1.-
704 6329 825 6392 Euthym.
843 6325 950 6390 Zigab.,
976 6325 1003 6378 iu
1027 6327 1090 6378 Luc.
1113 6329 1146 6388 2,
1165 6327 1209 6378 ll.
1226 6327 1275 6376 bas
1292 6327 1367 6376 affert

411 6415 537 6466 rationes:
556 6413 655 6466 Scribis
672 6427 736 6466 vero
766 6419 791 6466 θῖ
819 6413 963 6466 pharisaeis
980 6427 1034 6466 nou
1052 6413 1218 6466 annrrntiavit
1235 6415 1285 6466 boc
1304 6427 1367 6478 gau·

411 6503 501 6566 dium;
521 6517 582 6554 curn
601 6503 671 6554 enim
690 6500 809 6566 perversi
829 6505 914 6552 essent
926 6507 954 6552 et
966 6499 1063 6562 invidi,
1076 6515 1128 6552 nou
1142 6507 1214 6552 erant
1226 6501 1366 6562 eredituri;

412 6589 460 6640 sed
476 6587 640 6652 pastoribus,
658 6589 704 6654 qui
722 6587 838 6640 versutia
856 6601 888 6640 ae
906 6587 1006 6640 invidia
1025 6585 1162 6652 carebant,
1181 6587 1280 6652 quique
1298 6591 1368 6638 vete·

411 6687 468 6724 rem
485 6673 693 6726 patriarcharum
712 6673 821 6726 vivendi
834 6675 945 6726 modurn
958 6673 1194 6738 apprehenderant.
1208 6673 1275 6738 Quia
1286 6673 1366 6726 etiarn

411 6765 499 6824 pastor
518 6775 547 6812 ac
566 6761 619 6814 dux
647 6763 729 6814 lactus
758 6767 795 6814 est
820 6761 923 6826 populi,
944 6759 1092 6826 pastoribus
1111 6761 1228 6826 primum
1248 6773 1367 6828 eaquae

411 6845 445 6898 de
464 6859 490 6896 se
509 6853 584 6898 erant
601 6847 725 6910 mysteria
744 6847 927 6900 manifestavit.
942 6847 1109 6910 stgntdcamr
1121 6859 1229 6914 qnoque
1243 6853 1269 6898 θῖ
1280 6847 1366 6914 aliud,

518 6949 547 7002 S.
566 6949 667 7002 Bonae.
679 6977 715 6988 -
728 6949 807 7002 Tum.
819 6951 873 7002 Vll.

1424 753 1536 832 bilem,
1565 753 1646 820 sicut
1672 759 1704 820 et
1729 755 1780 820 ille
1808 753 1862 840 qui
1890 755 2152 820 resurrectionem
2187 753 2383 820 annuntiavit

1427 859 1633 936 rnulierihus3
1656 859 1752 924 Marci
1781 857 1937 922 ultimo⁸:
1964 857 2092 924 «Nolite
2126 875 2334 942 expavescere
2350 881 2382 936 »;

1426 963 1458 1028 in
1481 981 1544 1048 quo
1574 962 1686 1029 tribuit
1711 961 1855 1046 sperandi
1874 961 2028 1028 fiduciam.
2060 961 2091 1028 ln
2117 963 2176 1028 hoc
2201 961 2383 1048 agnoscitur
2401 979 2534 1026 nonnata.

1426 1067 1600 1132 differentia
1628 1069 1709 1132 iuter
1731 1067 1883 1152 Angelum
1910 1069 1989 1136 lucis
2012 1075 2042 1134 et
2066 1069 2283 1146 tenebrarum,
2310 1069 2384 1152 quia

1426 1173 1528 1240 bontas
1553 1173 1687 1258 angelus
1709 1181 1889 1252 assecurat,
1911 1173 1965 1240 sed
1988 1177 2090 1242 malus
2115 1175 2250 1242 finaliter
2273 1179 2381 1240 terret.

1426 1279 1523 1342 —Et
1549 1279 1634 1362 quud
1657 1279 1729 1362 plus
1755 1285 1819 1360 est,
1838 1279 1959 1346 invitat
1980 1279 2025 1346 cd
2048 1281 2229 1358 laetatura:
2253 1287 2382 1366 propter
2400 1297 2512 1360 uriam-

1427 1383 1513 1468 quod
1526 1383 1629 1448 addit:
1659 1387 1740 1450 Ecce
1763 1385 1865 1460 entur,
1889 1383 2079 1470 encopolizo
2102 1387 2194 1452 vobis
2214 1387 2382 1472 petr-diurn
2429 1355 2490 1394 ‘¹³¹⁰'

1426 1505 1598 1572 meapham.
1616 1489 1677 1552 Hoc
1699 1489 1826 1570 optabat
1840 1489 1976 1572 Rapbael
1994 1489 2126 1570 Tobiae,
2142 1491 2253 1576 quinto
2265 1489 2294 1570 ⁹,
2312 1507 2383 1558 cum

1427 1593 1562 1658 diceret:
1585 1617 1600 1650 «
1616 1591 1771 1658 Gaudium
1787 1609 1911 1678 semper
1928 1593 1967 1660 sit
1985 1595 2038 1660 tibi
2053 1621 2083 1658 u.
2110 1597 2171 1662 lloe
2195 1597 2291 1678 gavisi
2309 1603 2382 1664 sunt

1427 1697 1524 1780 Magi;
1540 1695 1686 1762 blatthaei
1703 1697 1854 1762 secundo:
1886 1723 1901 1754 «
1918 1697 1953 1762 Et
1977 1697 2119 1766 videntes
2141 1701 2262 1766 stellam
2287 1701 2384 1786 gavisi

1428 1807 1504 1868 sunt
1517 1801 1632 1886 gaudio
1646 1817 1761 1884 magno
1775 1801 1865 1868 valde
1879 1829 1907 1866 u.
1925 1839 1968 1848 -
1987 1803 2020 1866 Gt
2035 1803 2151 1870 dicitur
2168 1825 2328 1892 rrrcpnrud
2344 1807 2384 1874 ad

1427 1905 1635 1972 differentiam
1667 1905 1790 1990 pendit
1824 1905 2079 1992 hypocritarum
2086 1933 2097 1984 ,·
2130 1909 2183 1976 lob
2216 1911 2382 1996 vigesimo:

1434 2011 1617 2076 «Gaudium
1635 1987 1818 2094 hypocritae
1839 2011 1880 2076 ad
1901 2011 2002 2076 instar
2017 2013 2169 2094 puncti»,
2186 2021 2215 2080 θῖ
2232 2015 2382 2098 vigesimo

1427 2117 1549 2202 primo:
1580 2117 1753 2182 «Gaudent
1775 2115 1815 2182 ad
1837 2115 1973 2182 sonitum
1991 2117 2114 2200 organi,
2138 2117 2259 2184 ducunt
2281 2119 2313 2182 in
2329 2121 2384 2186 bo-

1427 2221 1476 2288 nis
1492 2221 1559 2288 dies
1576 2239 1649 2288 suos
1664 2227 1696 2286 et
1711 2221 1743 2284 in
1762 2225 1877 2304 puncto
1892 2221 1930 2286 ad
1946 2221 2067 2286 inferna
2089 2221 2281 2288 descendunt
2294 2251 2324 2288 ».
2343 2263 2383 2272 -

1428 2325 1590 2410 Magnum
1604 2325 1714 2404 etiam,
1732 2323 1807 2410 quia
1823 2323 1983 2410 emptica,
2001 2323 2084 2408 quod
2099 2330 2203 2404 notat,
2221 2343 2294 2392 cum
2312 2329 2385 2392 sub-

1428 2431 1489 2494 dit:
1517 2431 1611 2512 Quod
1634 2431 1810 2494 critalant
1836 2429 1976 2514 populo,
2013 2437 2043 2494 et
2077 2431 2136 2496 hoc
2171 2431 2208 2494 ad
2241 2431 2385 2498 dillereu-

1430 2537 1505 2602 tiam
1526 2535 1648 2620 pendit
1670 2535 1943 2612 rnurtdcnorurn;
1967 2535 2086 2602 loannis
2102 2533 2221 2600 decimo
2239 2541 2328 2602 sextu
2342 2537 2382 2602 ¹⁰:

1434 2665 1450 2698 e
1462 2641 1596 2708 Mundus
1613 2641 1774 2726 gaudebit,
1790 2659 1845 2708 vos
1862 2647 1967 2706 autern
1985 2639 2241 2706 contristabimini
2255 2667 2285 2704 »,
2304 2641 2385 2724 Quo·

1429 2751 1537 2812 contra
1562 2745 1643 2812 inira
1664 2745 1785 2812 decimo
1811 2747 1919 2812 tertio:
1950 2747 2017 2812 «Gt
2037 2745 2139 2812 omnis
2154 2747 2290 2830 populus
2311 2765 2385 2830 gau-

1428 2851 1521 2918 debat
1543 2853 1578 2920 in
1598 2851 1773 2930 universis,
1798 2869 1879 2938 quae
1901 2851 2034 2936 gloriose
2059 2851 2175 2916 liebant
2197 2851 2237 2916 ab
2260 2869 2297 2918 eo
2311 2879 2338 2914 ».

1519 2959 1572 3024 aa.
1596 2959 1699 3042 (Vens.
1726 2961 1801 3040 lh).
1828 2957 1863 3022 Et
1885 2959 1960 3042 quia
1983 2957 2090 3022 nidlus
2114 2957 2227 3042 gaudet
2251 2959 2385 3040 perlecta
2399 2975 2540 3022 annuariam

1429 3049 1488 3130 nisi
1513 3083 1554 3130 ex
1579 3079 1672 3146 causa
1696 3071 1725 3130 et
1756 3063 1891 3142 ratione,
1917 3063 1986 3130 ideo
2009 3061 2155 3130 subditur
2181 3063 2385 3130 clenvrrrttotto
2405 3039 2484 3124 iiiii?
2497 3031 2540 3076 ¹³⁰¹

1429 3169 1617 3252 exprimens
1640 3169 1782 3234 laetitiae
1805 3185 1964 3244 cuasam,
1982 3183 2054 3232 cunr
2071 3167 2202 3234 dicitur:
2221 3167 2310 3250 chr'c
2326 3187 2386 3232 rru-

1430 3281 1483 3340 tua
1514 3283 1560 3340 ert
1591 3273 1683 3340 uobis
1718 3271 1813 3340 hodie
1844 3273 2023 3352 Salvator:
2055 3273 2163 3352 cubic,
2200 3273 2318 3340 scilicet
2346 3273 2386 3340 ad

1430 3379 1602 3446 utilitatem
1628 3387 1786 3458 oestrum,
1805 3379 1921 3446 scilicet
1938 3379 2116 3458 hominurn3
2134 3379 2227 3444 isaiae
2244 3381 2382 3444 nonu11:
2405 3377 2551 3478 legger

1437 3509 1452 3542 «
1467 3483 1621 3552 Parvulos
1644 3491 1737 3550 natus
1754 3493 1800 3550 θεῖ
1816 3485 1919 3562 nobis,
1937 3493 1966 3550 et
1983 3485 2068 3550 silius
2082 3483 2175 3550 datus
2192 3491 2238 3550 est
2254 3485 2342 3550 nobis
2357 3513 2385 3550 a.

1432 3589 1467 3654 Et
1490 3607 1565 3656 vere
1595 3587 1633 3656 ad
1664 3589 1858 3668 utilitatem,
1891 3589 1965 3676 quia
1994 3589 2168 3666 Salvator:
2193 3589 2286 3654 Isaiae
2310 3609 2386 3676 qua-

1430 3693 1605 3778 dragesimo
1630 3695 1753 3780 quinto:
1781 3721 1798 3754 «
1815 3695 1894 3762 Vere
1918 3703 1953 3762 tu
1985 3713 2018 3762 θε
2053 3697 2137 3760 Deus
2168 3697 2385 3776 absconditus

1430 3799 1515 3864 Deus
1537 3799 1649 3878 lsrael,
1673 3801 1814 3866 Salvator
1830 3823 1860 3880 »;
1879 3805 1908 3868 et
1933 3801 2025 3868 Isaiae
2042 3801 2161 3866 decimo
2179 3819 2273 3866 nono:
2297 3827 2312 3860 «
2324 3803 2388 3868 llil·

1432 3910 1475 3970 tet
1506 3905 1550 3970 eis
1586 3905 1777 3970 salvatorem
1811 3913 1841 3970 θῖ
1877 3913 2157 3990 propugnatorem,
2187 3907 2240 3990 qui
2277 3907 2388 3974 liberet

1431 4027 1523 4074 eos».
1541 4009 1578 4074 Gt
1589 4027 1662 4076 vere
1680 4009 1845 4090 Sutnotor,
1863 4011 1952 4096 quia,
1969 4011 2141 4078 secundum
2159 4011 2237 4078 illud
2254 4012 2386 4078 ictuum

1431 4123 1545 4200 quarto
1560 4117 1601 4192 ¹2,
1633 4141 1648 4172 v
1663 4135 1725 4180 nou
1751 4121 1797 4182 θεῖ
1820 4117 1904 4182 aliud
1937 4133 2049 4182 nomen
2076 4117 2137 4182 sub
2160 4117 2246 4182 caelo
2278 4117 2386 4184 ilatum

1431 4221 1631 4300 homiuibus,
1654 4221 1687 4286 in
1710 4239 1774 4306 quo
1789 4229 1933 4306 oporteat
1948 4241 2005 4288 nos
2021 4223 2123 4288 salvos
2145 4223 2212 4288 lieri
2230 4249 2261 4288 ».
2279 4223 2313 4288 ln
2327 4225 2387 4290 noe

1431 4333 1534 4394 antem
1560 4327 1739 4392 insinuatur
1763 4345 1856 4394 causa
1880 4327 2032 4412 gaudendi
2058 4347 2116 4412 pru
2133 4329 2308 4408 nativitate3
2324 4329 2387 4396 bla-

1431 4433 1549 4498 lachiae
1574 4439 1704 4516 quarto:
1733 4459 1749 4492 «
1766 4431 1894 4498 Orietur
1929 4433 2032 4510 vobis,
2059 4435 2241 4500 timentibus
2274 4453 2387 4500 nornen

1431 4555 1557 4616 meum,
1587 4537 1633 4604 sol
1668 4537 1805 4604 iustitiae
1821 4563 1851 4600 ».
1871 4573 1911 4586 -
1937 4537 1998 4606 Νθθ
2028 4543 2149 4604 tantum
2187 4539 2387 4624 gaudendum
2405 4549 2543 4648 Rarpppiu-

1432 4641 1552 4708 ratione
1583 4641 1745 4720 utilitatis,
1769 4659 1880 4708 verum
1910 4643 2004 4708 etiarn
2035 4643 2228 4726 tripudiati,
2258 4649 2289 4708 et-
2320 4643 2388 4710 ideo
2429 4617 2455 4660 ἔῃ
2506 4621 2523 4652 ⁵⁸

1433 4747 1647 4816 subinfertur:
1673 4747 1739 4830 Qut
1761 4755 1808 4812 est
1831 4745 1983 4812 Christus
2009 4747 2388 4826 cnarrabileenarrabile

1436 4855 1559 4932 Dauid,
1583 4861 1614 4920 et
1637 4853 1682 4920 sic
1706 4851 1864 4936 reparabit
1881 4871 2013 4938 regnum
2029 4853 2253 4932 israeliticum,
2277 4871 2388 4920 secuu-

1433 4961 1509 5028 dum
1532 4957 1609 5026 illud
1634 4957 1727 5026 Isaiae
1760 4959 1897 5024 ncno¹³:
1928 4961 2061 5044 «Super
2091 4957 2205 5026 solium
2227 4959 2325 5026 David
2357 4965 2388 5026 et

1431 5363 1504 5428 quod
1522 5361 1644 5416 videlicet
1661 5359 1812 5426 pastoribus
1838 5359 2005 5412 rationalium
2028 5359 2121 5410 orrinm
2149 5359 2239 5410 divina
2264 5359 2386 5424 mysteria
2455 5385 2466 5412 v

1430 5451 1563 5516 primurn,
1575 5455 1635 5500 ante
1647 5449 1718 5514 alios,
1732 5449 1892 5500 revelantur.
1903 5475 1940 5488 -··
1952 5447 2078 5512 Superius
2090 5445 2203 5498 uerbum
2216 5445 2385 5516 mysterium,

1431 5539 1504 5602 quod
1522 5535 1620 5588 liabent
1638 5535 1715 5590 codd.
1735 5539 1761 5586 et
1778 5533 1837 5586 Vel.
1857 5533 1987 5600 signifieat
2006 5533 2144 5596 mysticum
2164 5547 2281 5586 sensnm.

1504 5619 1513 5652 ²
1532 5623 1596 5676 Cod.
1614 5625 1635 5674 E
1652 5619 1777 5676 epotatio
1797 5629 1823 5674 et
1840 5619 1953 5674 subinde
1971 5619 2103 5674 Eecttuus
2123 5633 2171 5684 pro
2191 5621 2359 5674 Gallortuas.

1503 5709 1605 5764 8νθθε.
1628 5713 1652 5762 6.
1670 5737 1706 5750 --
1724 5707 1776 5762 Clr.
1795 5723 1877 5772 supra
1895 5723 1956 5774 pag.
1977 5711 2024 5770 tc,
2043 5713 2102 5760 uota
2124 5711 2146 5760 2.
2167 5707 2250 5760 verbe
2268 5707 2364 5760 Bedae.

1502 5797 1514 5828 ⁹
1531 5801 1608 5852 Vera
1631 5799 1671 5850 ll.
1691 5827 1723 5836 -
1745 5799 1811 5848 Tres
1829 5809 1902 5864 seqq.
1922 5797 1969 5850 loci
1991 5803 2050 5850 sunt
2069 5797 2154 5848 blatlln.
2177 5799 2205 5860 2,
2227 5797 2272 5860 tu;
2286 5795 2331 5848 lob
2345 5797 2387 5860 26,

1432 5887 1458 5938 6.
1475 5891 1502 5938 et
1520 5887 1569 5948 21,
1588 5885 1633 5937 la.
1649 5899 1714 5952 serp,
1734 5883 1779 5936 ubi
1799 5899 1848 5948 pro
1877 5883 1912 5938 ott
1940 5883 2059 5938 condunt
2083 5881 2161 5934 Gur
2182 5881 2217 5936 nd
2235 5895 2334 5936 cocere.
2354 5913 2387 5922 -

1431 5977 1480 6026 Pro
1499 5987 1562 6028 carra
1580 5971 1692 6038 diceret,
1710 5971 1782 6036 qnod
1802 5969 1899 6024 babent
1916 5971 2041 6032 chG,
2063 5971 2119 6022 t'at.
2138 5983 2200 6022 cvera
2219 5967 2290 6022 dtrlt.

1503 6057 1525 6090 ²⁰
1544 6061 1620 6112 Vens.
1640 6061 1682 6112 29,
1701 6085 1736 6098 -
1757 6059 1878 6124 Sequitur
1895 6061 1957 6112 Luc.
1979 6061 2025 6122 la,
2046 6059 2087 6110 li.

1503 6145 1524 6178 Π
1543 6149 1619 6200 Vens.
1640 6149 1663 6198 e.
1676 6175 1712 6188 ·-
1724 6129 1842 6198 Subinde
1860 6147 2006 6210 allegantur
2023 6147 2079 6198 lsai.
2101 6145 2149 6208 tib,
2169 6145 2211 6196 tt.
2232 6151 2258 6198 θῖ
2276 6147 2325 6210 19,
2345 6149 2387 6198 ab.

1431 6261 1466 6274 -·
1484 6235 1576 6286 Glossa
1594 6229 1737 6286 ordinm-lo
1757 6231 1828 6294 apud
1847 6235 1978 6296 Lyranum
1993 6231 2042 6298 tex
2062 6231 2142 6296 Beda)
2162 6231 2189 6284 in
2206 6233 2269 6284 Luc.
2288 6233 2319 6298 2,
2342 6233 2387 6286 ll:

1431 6319 1524 6376 Hodie.
1541 6319 1608 6372 Cum
1628 6335 1679 6372 nox
1706 6323 1787 6384 esset,
1817 6331 1867 6372 nou
1886 6321 1935 6370 ait:
1953 6319 2007 6372 Hae
2033 6323 2125 6380 nocte,
2148 6319 2197 6372 sed
2215 6317 2305 6384 lietb,
2324 6319 2387 6386 quia

1431 6407 1528 6460 scilieet
1545 6407 1673 6472 gaudium
1693 6413 1800 6458 venerat
1819 6407 1947 6458 nuntiare.
1964 6405 2014 6458 cbt
2043 6405 2124 6458 tristia
2144 6411 2285 6470 geruntur,
2304 6409 2386 6460 noctis

1431 6495 1527 6550 mentio
1546 6497 1611 6546 solet
1630 6497 1701 6562 lieri,
1718 6499 1748 6546 ut
1766 6493 1866 6562 [blatth.
1895 6495 1943 6556 26,
1961 6493 2034 6562 31.]:
2053 6493 2220 6548 scandulum
2248 6495 2391 6562 policratici

1431 6583 1459 6636 iu
1476 6595 1520 6636 me
1537 6585 1614 6636 nocte
1633 6583 1693 6636 isba.

1503 6665 1524 6698 ¹²
1542 6669 1620 6724 Vers.
1643 6671 1685 6722 ῖ2.
1702 6697 1739 6708 -
1757 6669 1880 6736 Sequitur
1898 6669 2004 6724 llalaclr.
2024 6669 2055 6738 b,
2075 6671 2100 6728 2,.

1504 6751 1526 6784 ¹⁸
1544 6755 1621 6810 Vers.
1639 6757 1663 6808 t.
1676 6785 1712 6798 -
1724 6757 1782 6808 Duo
1802 6769 1875 6824 seqq.
1894 6757 1945 6810 loci
1962 6763 2022 6810 sunt
2040 6761 2060 6812 l.
2078 6759 2146 6812 Tim.
2165 6761 2196 6826 6,
2211 6759 2253 6814 la.
2270 6765 2295 6814 θῖ
2309 6763 2388 6828 apoc.

1433 6845 1479 6910 ltl,
1502 6843 1543 6896 lb.

2267 6955 2283 7006 7
