5900 8266
486 565 546 634 titt

484 739 526 790 -'-
542 741 617 808 Vult
641 759 716 826 eigo
731 739 765 808 in
786 745 846 808 hoc
871 743 1018 808 mandato
1038 741 1158 820 dicere,
1176 743 1261 826 quod
1285 745 1380 808 bomo
1402 741 1444 808 sit

482 853 612 934 paratus
636 847 673 914 ad
691 847 947 914 benefaciendum
967 847 1128 926 omnibus,
1144 865 1207 914 uon
1223 849 1326 916 soluin
1347 847 1443 916 bene-

483 955 654 1022 factoribus
677 955 759 1032 suis,
782 955 953 1022 sedetiam
976 955 1041 1020 suis
1059 953 1308 1038 praedatoribus.

573 1063 624 1124 76.
650 1059 750 1142 (Veis.
779 1059 856 1142 et).
883 1059 924 1126 ild
949 1059 1170 1144 perfectionem
1193 1059 1284 1126 etiam
1309 1059 1443 1126 benevo-

340 1183 446 1228 eenoan
485 1165 596 1234 leutiae
619 1165 774 1252 exigitur,
797 1165 883 1252 quod
905 1165 1000 1234 bomo
1023 1165 1197 1234 benefaciat
1211 1165 1247 1232 in
1270 1157 1443 1246 omnibns,-

320 1241 465 1294 praecaptum.

484 1273 622 1340 undeet
653 1273 821 1340 subditur:
854 1275 895 1340 Εῖ
915 1281 1023 1360 'prout
1054 1273 1173 1352 cottia,
1208 1281 1245 1338 nt
1274 1273 1364 1338 cobis
1388 1273 1443 1360 iu-

484 1377 577 1444 ciunt
592 1377 753 1458 dorcinca,
776 1387 806 1444 et
828 1397 886 1444 eos
908 1377 1010 1466 facite
1024 1377 1091 1444 iiiia
1112 1377 1276 1444 similiter.
1301 1381 1338 1444 Et
1353 1385 1442 1460 uota,

484 1483 569 1570 qued
592 1501 653 1550 uon
675 1483 772 1550 dicit:
796 1489 894 1568 prout
921 1481 1076 1570 faciunt,
1108 1483 1180 1548 sed:
1205 1489 1301 1570 prout
1324 1483 1443 1564 viidie,

484 1589 558 1674 quia
589 1587 720 1672 quilibet
752 1589 820 1654 vult
850 1587 927 1666 sibi,
959 1605 1031 1654 cum
1067 1585 1202 1672 indiget,
1232 1587 1381 1654 benelieri
1411 1595 1444 1654 et

483 1693 515 1762 in
539 1693 624 1760 omni
647 1693 829 1762 necessitate
852 1693 1003 1774 relevari;
1028 1693 1269 1762 proverbiorum
1293 1695 1443 1780 vigesimo

484 1801 643 1888 quarto-1:
665 1825 681 1858 i<
696 1801 738 1868 Ne
755 1801 855 1868 dicas:
880 1799 1041 1884 Quomodo
1057 1799 1131 1866 fecit
1153 1801 1248 1880 mibi,
1272 1799 1317 1866 sic
1332 1801 1442 1866 faciam

484 1909 513 1976 el
535 1915 567 1976 et
590 1907 717 1974 reddam
742 1907 914 1992 uuicuique
939 1907 1111 1974 secundum
1136 1925 1215 1992 opus
1238 1925 1333 1974 suum
1354 1933 1386 1972 ».
1410 1909 1443 1972 ln

485 2015 544 2080 boc
568 2015 713 2080 mandato
735 2023 783 2082 est
806 2015 1033 2082 consummatio
1049 2015 1126 2098 legis
1142 2013 1329 2092 nutnrnlis;
1351 2013 1444 2080 cuius

484 2139 547 2188 uua
571 2138 645 2207 pars
666 2121 810 2208 negativa
833 2121 962 2206 ponitur
989 2121 1103 2188 Tobiae
1136 2129 1249 2206 quarto
1279 2127 1311 2188 et
1340 2119 1443 2206 impli-

485 2233 576 2296 catur
599 2227 667 2296 bic:
698 2229 818 2314 «Quod
842 2229 882 2296 ab
897 2227 958 2296 alio
980 2227 1086 2296 oderis
1109 2229 1164 2296 tibi
1181 2229 1269 2308 lieri,
1292 2229 1380 2308 vide,
1403 2245 1444 2296 ne

485 2341 522 2400 tu
542 2335 711 2422 aliquando
733 2334 825 2400 alteri
840 2335 935 2400 facias
953 2361 980 2398 v.
1008 2335 1082 2400 Vult
1096 2351 1187 2420 ergo,
1211 2335 1295 2420 quod
1321 2351 1444 2420 semper

486 2443 621 2520 bonum,
647 2439 771 2526 quaudo
793 2457 978 2524 possumus,
1013 2439 1141 2506 cuilibet
1169 2441 1338 2518 faciainus,
1363 2443 1445 2508 sicut

487 2547 621 2632 prompti
647 2563 756 2614 snmus
779 2547 817 2612 ad
842 2547 1010 2614 volendum
1033 2545 1193 2632 recipere,
1217 2547 1391 2614 secuudum
1406 2547 1444 2614 il-

486 2653 537 2720 lud
554 2653 593 2720 ad
617 2653 739 2718 Galatas
755 2653 880 2720 ultimo:
902 2679 917 2710 «
935 2653 1053 2720 Bonum
1071 2659 1176 2720 auteur
1201 2653 1365 2734 facientes,
1382 2675 1444 2722 nou

337 2783 465 2830 toraniam.
485 2759 701 2826 deficiamus»
728 2765 786 2826 etc.
813 2797 854 2808 -
881 2761 915 2824 Et
940 2755 1030 2840 nota,
1063 2759 1147 2846 quod
1179 2779 1241 2826 non
1273 2759 1368 2826 dicit:
1400 2761 1445 2826 l-

485 2867 564 2944 eile,
588 2871 683 2950 prout
707 2865 819 2932 uoiiint
842 2863 1007 2946 domines,
1032 2867 1100 2934 sed:
1125 2875 1220 2954 prout
1235 2867 1359 2946 unitis;
1377 2875 1444 2934 tum

485 2973 559 3058 quia
583 2973 726 3040 voluntas
756 2981 864 3040 nostra
891 2971 981 3040 nobis
1014 2975 1115 3040 notior
1142 2979 1210 3054 est;
1238 2979 1306 3040 tuin
1333 2975 1445 3054 etiam,

485 3079 559 3166 quia
577 3079 675 3166 magis
690 3097 747 3146 nos
771 3085 873 3146 movet
891 3079 1096 3148 consideratio
1120 3079 1233 3160 nostri3
1252 3081 1445 3160 tumeliam,

470 3187 559 3272 quia
583 3185 723 3272 loquitur
746 3187 785 3250 ad
808 3203 861 3252 eos
885 3187 937 3270 qui
964 3187 1156 3252 voluntatem
1183 3185 1297 3252 babent
1322 3187 1446 3252 ordina-

329 3313 471 3358 nocusoin-
485 3299 566 3370 tam,
601 3299 633 3358 et
667 3291 841 3358 secundum
876 3291 961 3358 illam
997 3297 1044 3358 est
1079 3291 1274 3376 operandum
1290 3291 1313 3356 ².
1343 3329 1386 3340 -
1412 3293 1446 3358 ln

347 3365 445 3422 gationis.

483 3415 606 3464 summa
631 3397 799 3484 tenendum
832 3403 879 3464 θεῖ
902 3397 940 3464 de
971 3405 1139 3484 praecepto
1161 3399 1384 3466 beneficentiae
1412 3399 1446 3466 iu

483 3505 640 3590 generali,
663 3505 747 3590 quod
765 3511 886 3570 tantum
909 3505 1073 3592 astringit,
1090 3512 1243 3590 quantum
1268 3505 1446 3592 explicatur

485 3631 540 3698 per
564 3613 713 3698 speciales
734 3611 939 3698 obligationes
962 3619 1220 3698 praeceptorum;
1245 3619 1276 3680 et
1298 3613 1368 3694 ideo
1394 3631 1447 3680 su-

484 3739 541 3804 pra
565 3721 663 3806 legem
699 3725 831 3786 naturae
863 3719 969 3786 addita
991 3723 1038 3786 est
1074 3721 1126 3786 lex
1154 3719 1287 3804 scripta,
1324 3727 1359 3786 ut
1391 3737 1447 3804 per

395 3883 399 3894 ,
484 3843 552 3892 eam
578 3825 670 3892 sciret
695 3827 804 3906 bomo,
830 3825 867 3892 ad
884 3825 961 3910 quid
983 3825 1214 3912 astringeretur
1229 3845 1271 3892 eii
1293 3825 1421 3894 iustitia.

576 3935 627 3998 77.
654 3935 694 4000 Εῖ
716 3933 747 4000 si
763 3931 901 4020 diligitis
923 3931 997 4000 iiiuc
1010 3933 1023 3972 ³
1037 3939 1097 4000 etc.
1122 3935 1287 4020 Postquam
1305 3933 1446 4018 promul-

213 4053 214 4056 *
330 4059 361 4104 ni
376 4059 471 4104 stanneo
485 4039 569 4124 gavit
593 4039 676 4126 leges
700 4041 894 4124 evangelicas
917 4041 977 4106 sub
1001 4039 1193 4126 perfectione
1223 4039 1446 4122 conveniente,

343 4117 459 4210 ”iiim
485 4147 536 4214 bic
572 4145 709 4214 seeundo
737 4147 859 4232 probet
890 4165 928 4214 eie
959 4145 1143 4214 conditione
1173 4145 1337 4232 deficiente
1347 4173 1357 4226 ,
1391 4147 1446 4214 ubi

484 4253 635 4332 ostendit,
659 4253 742 4336 quod
767 4253 950 4338 praecipere
973 4253 1083 4320 debuit
1112 4253 1286 4320 secundum
1317 4253 1446 4320 modum

484 4361 716 4444 praemissum3
751 4361 891 4446 alioquin
929 4361 1054 4426 nullum
1092 4368 1140 4427 est
1174 4361 1324 4428 meritum
1361 4361 1446 4444 apud

485 4467 595 4534 Deum.
620 4467 708 4534 Unde
728 4465 863 4534 ostendit
888 4465 938 4534 bic
963 4467 1040 4546 tria,
1065 4467 1182 4534 scilicet
1199 4467 1283 4554 quod
1305 4485 1368 4532 nou
1386 4467 1447 4534 suf·

485 4573 549 4640 licit
564 4573 603 4640 ad
619 4573 768 4640 meritum
789 4591 858 4640 esse
875 4573 1061 4640 beneootnm
1078 4581 1224 4660 respectu
1239 4573 1444 4654 cocuntium,

485 4699 542 4748 nec
572 4679 748 4766 beneficum
776 4681 878 4748 solum
906 4687 1053 4766 respectu
1082 4681 1356 4760 retribuendum,
1388 4699 1446 4748 nec

485 4785 800 4852 coinmtinicutieunc
825 4791 972 4872 respectu
998 4787 1329 4872 recompeneunlinni.
1353 4787 1392 4854 tt
1412 4787 1446 4852 iu

485 4893 544 4960 boc
568 4891 719 4972 ostendit,
743 4893 828 4978 quod
857 4891 996 4978 perfecta
1027 4893 1242 4960 benevolentia
1270 4897 1300 4960 θῖ
1328 4893 1446 4960 benefi-

485 4987 587 5068 centia
608 5017 671 5066 uon
703 5005 825 5067 tanturn
847 4998 939 5068 debet
970 5017 1004 5066 εθ
1027 4999 1199 5068 extendere
1229 4999 1269 5066 ad
1299 4999 1445 5080 emices,

428 5165 429 5168 ,
485 5123 597 5174 verum
629 5105 722 5174 eliam
752 5107 792 5172 ad
823 5105 1038 5172 ndeereuriee
1069 5107 1160 5172 iuxta
1191 5105 1325 5172 formam
1352 5125 1446 5194 supe-

485 5213 580 5280 rius4
602 5213 843 5298 promulgatam.

576 5321 627 5384 78.
657 5319 758 5398 (Veis
784 5317 860 5402 32).
890 5315 1032 5386 Ostendit
1047 5337 1123 5406 ergo
1147 5321 1263 5404 primo,
1284 5321 1368 5406 quod
1385 5339 1447 5388 nou

486 5425 601 5494 sufficit
626 5443 694 5494 esse
711 5425 897 5492 beneeoicin
920 5425 1029 5492 eoiiiin
1045 5435 1194 5512 respectu
1218 5427 1446 5512 diligentium,

485 5531 560 5618 quia
584 5533 645 5598 hoc
666 5539 714 5598 est
743 5537 964 5616 peccatorum;
996 5541 1126 5618 propter
1154 5533 1238 5618 quod
1262 5533 1322 5598 ait:
1355 5537 1397 5600 ut
1415 5535 1449 5602 ci

486 5637 624 5724 diligitis
649 5637 722 5704 iiiuc
743 5637 803 5724 qni
824 5657 882 5704 ecc
906 5637 1065 5724 diligunt,
1090 5639 1121 5706 id
1145 5647 1209 5720 est,
1232 5639 1308 5724 quia
1331 5657 1386 5708 vos
1401 5641 1449 5706 di-

488 5743 605 5830 liguut,
622 5761 708 5832 quoe
729 5743 820 5810 cobis
844 5751 891 5810 cst
911 5743 1050 5828 gentici
1073 5743 1103 5808 id
1127 5743 1275 5828 estquod
1298 5743 1447 5812 meritum

557 6121 567 6152 ¹
589 6125 663 6178 Vers.
682 6125 725 6176 29.
743 6151 779 6164 -
797 6121 915 6178 Subinde
941 6123 1087 6190 allegantur
1106 6123 1173 6178 Tob.
1200 6123 1229 6188 i,
1256 6123 1302 6190 lb,
1327 6123 1352 6176 in
1371 6123 1446 6176 cuius

486 6213 538 6266 tine
555 6213 636 6266 codd.
660 6213 766 6276 legunt:
784 6209 856 6278 cide,
885 6225 917 6266 ne
941 6223 1066 6280 nnqcum
1085 6215 1114 6266 tn
1139 6211 1220 6266 citeri
1241 6211 1390 6280 aliquunde
1407 6211 1424 6280 i
1435 6241 1446 6252 .

486 6299 560 6366 cius,·
581 6307 606 6352 et
618 6301 671 6352 Gal.
686 6301 716 6364 6,
730 6301 754 6352 9.
765 6327 800 6340 -
814 6301 921 6352 lnlertus
933 6313 982 6364 pro
996 6297 1194 6352 consummatio
1207 6299 1266 6352 Vct.
1279 6297 1446 6354 concordatio

486 6395 513 6442 et
527 6403 580 6458 pro
599 6387 674 6444 nobis
694 6387 764 6444 bonu
782 6387 900 6458 incipere
918 6403 967 6454 pro
984 6387 1023 6442 ud
1041 6387 1184 6442 uolendnin
1203 6385 1330 6456 recipere.

557 6475 640 6532 ²Clr.
659 6479 749 6532 Glossa
774 6475 916 6532 ordinarie
938 6477 964 6530 in
989 6479 1051 6530 Luc.
1070 6477 1101 6540 6,
1127 6477 1169 6530 at.
1196 6477 1236 6546 (ex
1255 6475 1392 6542 umbros,
1411 6479 1444 6532 V.

488 6567 515 6622 ln
533 6571 594 6622 Luc.
611 6583 639 6622 n.
658 6567 726 6636 74.)ι
746 6569 797 6622 Nec
816 6567 867 6620 ait:
887 6571 966 6634 proiit
978 6567 1089 6630 faciunt,
1102 6567 1149 6620 sed
1157 6569 1245 6634 proni
1256 6565 1351 6632 unitis,
1365 6569 1397 6622 nt
1407 6565 1424 6634 s
1438 6595 1446 6604 ·

487 6657 561 6714 ciunt
578 6655 651 6712 cobis
670 6655 804 6723 bominac,
824 6659 848 6712 ci
864 6669 912 6712 ccc
929 6655 1038 6724 faciatis
1057 6653 1126 6722 titis,
1147 6661 1174 6708 ut
1193 6655 1346 6708 vicissitudo
1359 6655 1392 6708 sit
1404 6667 1447 6708 cu·

487 6747 620 6816 incitatior,
641 6763 702 6802 cum
721 6749 789 6802 votis
808 6751 881 6800 aetus
900 6751 1036 6814 aequatur.

559 6835 570 6868 ³
591 6839 703 6904 Vulgata
722 6851 775 6892 ees.

557 6923 570 6954 ⁴
590 6927 665 6980 Nuin.
685 6927 726 6980 65.
746 6939 823 6994 seqq.
841 6951 876 6964 ·-
895 6925 984 6976 Plures
1003 6925 1082 6978 codd.
1100 6923 1231 6980 unitricis.

1084 563 1276 632 contient.
1302 565 1338 632 ΙΝ
1361 565 1599 634 Evnncttttttt
1625 565 1742 632 tuctu
1766 565 1798 628 C.
1823 565 1872 632 vt.

1507 741 1713 808 retributione
1736 741 1887 826 dignuin?
1909 743 2000 826 qnasi
2030 743 2131 810 dicat:
2156 742 2289 810 nullum.
2317 745 2351 808 tt
2375 745 2466 810 ratio
2486 763 2556 808 natio.

1507 865 1578 913 nem
1601 847 1720 914 reddit:
1755 845 1842 912 Num
1871 857 1899 914 et
1926 855 2114 932 peccatores
2135 847 2304 940 diligentes
2333 867 2369 928 ee
2390 849 2465 916 diii-

1504 961 1603 1038 gnnt,
1629 953 1683 1036 qui
1706 953 1828 1020 nullum
1846 951 1963 1018 babent
1988 955 2135 1020 meritum
2150 955 2237 1036 apud
2258 955 2377 1032 Deum;
2406 955 2465 1022 buc

1506 1059 1587 1126 enini
1612 1065 1659 1126 est
1683 1057 1854 1136 naturaie,
1880 1059 2053 1126 secundum
2075 1057 2150 1126 illud
2180 1059 2381 1126 Ecclesiastioi
2412 1059 2465 1126 de-

1507 1163 1587 1232 cimo
1612 1163 1746 1230 tertio⁵:
1774 1189 1790 1222 <t
1808 1165 1906 1230 Oinoe
1930 1164 2043 1232 animal
2068 1163 2167 1250 diligit
2191 1163 2292 1232 simile
2320 1165 2396 1244 sibi,
2422 1165 2466 1232 sic

1505 1279 1536 1338 et
1559 1271 1659 1338 omnis
1684 1273 1776 1338 bomo
1799 1271 1982 1358 proximum
2000 1271 2085 1338 sibi»
2108 1279 2166 1338 etc.
2178 1295 2187 1351 ;
2207 1271 2259 1338 vel
2274 1271 2368 1338 etiam
2389 1289 2466 1338 cur-

1506 1381 1595 1458 note,
1629 1377 1709 1444 sicut
1732 1379 1936 1448 Ecclesiastici
1952 1379 2112 1466 trigesimo
2135 1377 2286 1464 septimo:
2316 1405 2331 1436 «
2348 1377 2466 1446 Sodalis

1506 1487 1605 1552 amico
1630 1487 1771 1552 condolet
1793 1503 1888 1552 causa
1916 1485 2034 1552 ventris
2066 1493 2096 1552 ct
2127 1491 2237 1552 contra
2266 1483 2388 1552 hostem
2416 1501 2466 1552 ac-

1507 1591 1599 1674 cipiet
1623 1597 1794 1656 scutum».
1820 1591 1901 1656 Talis
1925 1591 2048 1658 dilectio
2070 1589 2154 1676 apud
2169 1591 2268 1656 Deum
2294 1589 2466 1656 nonhabet

1507 1697 1674 1774 meritum,
1706 1697 1780 1780 quia
1813 1715 1875 1764 uon
1904 1695 2097 1780 impenditur
2129 1701 2259 1782 propter
2292 1697 2402 1764 Deum.
2436 1695 2465 1762 Si

1508 1801 1589 1870 enim
1622 1809 1752 1888 propter
1773 1803 1874 1870 Deum
1904 1801 2157 1888 impenderetur,
2183 1801 2293 1888 utique
2323 1801 2467 1888 diligeret

1508 1909 1601 1976 bomo
1634 1909 1802 1996 diligentes
1831 1929 1884 1990 ee,
1908 1909 2081 1976 secundum
2115 1909 2192 1974 illud
2223 1909 2466 1976 proverbiorum

1507 2017 1658 2082 octavofz
1691 2017 1782 2102 «Ego
1806 2015 1968 2102 diligentes
1994 2033 2043 2082 me
2066 2015 2160 2102 diligo
2176 2039 2206 2094 »3
2236 2013 2349 2080 ininne
2373 2015 2466 2080 etiam

1508 2119 1716 2208 diligentibus
1749 2123 1820 2206 plus
1849 2121 2022 2190 dilectionis
2055 2121 2259 2206 rependeret,
2292 2121 2466 2188 secuudum

1508 2229 1585 2296 illud
1600 2229 1756 2296 secundae
1778 2229 1817 2296 ad
1829 2227 2007 2296 Corinthios
2021 2227 2223 2296 duodecimo:
2250 2229 2343 2316 «Ego
2360 2235 2465 2296 autem

1508 2335 1709 2404 libentissime
1732 2335 1906 2420 impendam
1933 2341 1963 2404 et
1986 2335 2245 2422 superimpendar
2267 2353 2325 2422 pro
2348 2335 2466 2404 anima-

1508 2445 1568 2512 bus
1589 2445 1719 2524 vestris,
1745 2443 1829 2524 licet,
1853 2445 1925 2530 plus
1942 2463 1997 2512 vos
2012 2445 2159 2532 diligens,
2183 2445 2287 2512 minus
2310 2443 2421 2530 diligar
2435 2469 2464 2524 »;

1508 2549 1599 2630 item,
1625 2551 1714 2616 nelle
1739 2551 1833 2616 inodo
1858 2551 1952 2618 etiam
1976 2551 2145 2638 diligentes
2168 2551 2326 2638 diligeret,
2355 2569 2466 2618 secun·

1508 2657 1583 2724 dum
1607 2657 1685 2724 illud
1708 2659 1828 2742 primae
1856 2659 1977 2724 loannis
2001 2659 2157 2744 quartotz
2188 2659 2252 2724 «tn
2283 2659 2342 2724 boc
2375 2677 2465 2744 appa·

1508 2765 1575 2832 ruit
1596 2765 1710 2832 caritas
1726 2765 1814 2844 bei,
1838 2783 1900 2830 non
1921 2765 1996 2848 quia
2021 2783 2078 2830 uos
2112 2763 2317 2830 dilexerimus
2348 2767 2465 2846 Deum,

1509 2871 1726 2956 sedquoniam
1751 2871 1817 2956 ipse
1832 2871 1919 2956 prior
1943 2869 2053 2936 dilexit
2075 2887 2133 2936 uos
2147 2895 2162 2928 i
2176 2895 2184 2950 ;
2200 2875 2232 2938 ei
2255 2871 2293 2938 ad
2315 2871 2466 2940 Romanos

1509 2977 1638 3064 quinto:
1666 3003 1683 3034 ιι
1706 2977 1906 3044 Commendat
1937 2983 2041 3044 autem
2073 2977 2234 3044 caritatem
2262 2995 2352 3046 suam
2383 2979 2466 3046 Deus

1509 3085 1539 3148 in
1563 3083 1668 3160 nobis,
1695 3083 1859 3168 quoniam,
1888 3101 1960 3150 cuin
1984 3083 2086 3150 adbuc
2110 3091 2288 3168 peccatores
2312 3103 2465 3166 essemus,

1509 3189 1653 3256 Christus
1677 3207 1734 3274 pro
1758 3189 1863 3274 impiis
1881 3189 2030 3256 ‘mortuus
2054 3195 2101 3256 est
2117 3217 2146 3254 ».
2175 3227 2214 3236 -
2232 3191 2319 3258 Unde
2340 3191 2466 3276 quande

1510 3295 1610 3364 solum
1636 3295 1673 3362 ad
1698 3295 1866 3382 diligentes
1889 3295 2085 3376 extenditur,
2111 3313 2174 3362 uon
2197 3301 2245 3362 θεῖ
2266 3297 2390 3364 dilectio
2421 3297 2466 3365 di-

1510 3403 1582 3470 viua
1604 3421 1661 3470 nec
1677 3403 1828 3490 gratuita,
1853 3403 1907 3470 scd
1929 3403 2126 3480 mercenaria
2140 3409 2172 3468 et
2187 3403 2340 3482 bumana,
2358 3421 2393 3470 ac
2408 3421 2466 3490 per

1511 3511 1570 3576 boc
1592 3527 1650 3576 uec
1673 3509 1882 3576 retributione
1903 3509 2008 3594 digna.

1598 3619 1651 3682 79.
1677 3617 1777 3700 (Veis.
1804 3613 1881 3696 33.).
1904 3615 1971 3682 Neu
1995 3615 2111 3682 suflicit
2133 3613 2225 3682 etiam
2255 3633 2322 3682 esse
2351 3615 2466 3704 benoli-
2486 3625 2615 3672 Sicinium.

1511 3741 1586 3790 enin
1617 3731 1765 3808 respectu
1795 3721 2068 3802 retribuendum,
2099 3721 2175 3808 quia
2206 3723 2264 3790 boc
2296 3723 2388 3790 etiam
2420 3729 2467 3792 est

1510 3829 1651 3914 ipsorum
1676 3827 1926 3908 mundanorum3
1951 3835 2079 3912 propter
2103 3829 2187 3914 quod
2210 3829 2334 3896 subdit:
2370 3831 2406 3894 di
2437 3829 2469 3896 si

1511 3931 1729 4022 benefeceritis
1764 3931 1817 4002 iiis
1846 3937 1905 4024 qni
1939 3935 2028 4002 nobie
2060 3931 2268 4022 benefaciunt
2275 3961 2288 4014 ;
2316 3935 2466 4002 Glossass:

1515 4067 1530 4100 <i
1547 4041 1580 4108 ld
1594 4049 1653 4122 est,
1668 4041 1749 4122 ideo,
1766 4041 1840 4126 quia
1855 4041 2055 4108 benefaciunt
2072 4065 2106 4114 »;
2124 4061 2207 4130 qnue
2222 4041 2314 4108 uobis
2329 4051 2378 4108 eet
2389 4061 2472 4128 grie,

1511 4147 1581 4214 tici
1604 4147 1637 4214 id
1658 4155 1707 4216 est
1728 4147 1815 4234 quod
1836 4147 2006 4216 meritum?
2027 4147 2118 4234 quasi
2148 4147 2250 4214 dicat:
2272 4147 2405 4214 nullum.
2432 4147 2467 4216 tt

1509 4251 1589 4320 ratio
1612 4253 1772 4320 redditur:
1798 4253 1966 4342 Siquidem
1991 4261 2018 4318 et
2036 4259 2223 4340 percuteres
2241 4251 2300 4320 boe
2318 4251 2467 4342 fuciunt,-

1509 4358 1697 4426 beneficium
1713 4377 1849 4444 namque
1874 4377 1932 4444 pro
1956 4361 2242 4446 recompensatione
2264 4359 2382 4428 factum
2403 4377 2466 4426 non

1508 4471 1556 4532 θεῖ
1580 4465 1769 4552 gratuitum,
1800 4465 1854 4534 sed
1885 4465 2009 4546 venale,
2032 4473 2064 4534 et
2093 4465 2162 4534 ideo
2189 4483 2248 4534 nec
2276 4465 2466 4552 acceptabile

1509 4579 1566 4638 est.
1589 4573 1675 4640 Unde
1699 4573 1902 4642 Ecclesiasticl
1927 4573 2115 4660 vigesimot:
2141 4599 2157 4630 «
2172 4573 2271 4640 Datus
2293 4573 2467 4658 insipientis

1508 4697 1572 4746 uon
1594 4681 1655 4746 erit
1691 4681 1747 4746 tibi
1780 4679 1884 4760 utilis;
1918 4681 2001 4746 oculi
2031 4681 2100 4748 eius
2135 4681 2351 4766 septemplices
2376 4685 2465 4760 sunt3

1509 4785 1626 4872 exigua
1641 4785 1726 4852 dabit
1750 4793 1780 4852 et
1795 4787 1895 4854 multa
1917 4785 2190 4870 improperabit».
2207 4787 2266 4852 Sed
2289 4787 2368 4854 illud
2383 4785 2466 4870 quod

1509 4891 1680 4960 liberaliter
1704 4901 1734 4960 et
1751 4893 1893 4960 hilariter
1914 4891 2019 4972 datur,
2034 4893 2113 4960 illud
2136 4899 2331 4978 acceptatur,
2356 4911 2467 4960 secun-

1509 4999 1586 5066 dum
1609 4999 1688 5066 illud
1711 4999 1866 5068 secundae
1889 4997 1927 5066 ad
1943 4999 2121 5068 Corinthios
2140 5019 2240 5068 nouo:
2261 5025 2277 5060 «
2293 4999 2467 5086 Unusquis-

1511 5125 1573 5192 que
1595 5113 1692 5192 prout
1713 5107 1880 5174 destinavit
1901 5107 1935 5174 in
1958 5107 2051 5174 corde
2075 5125 2150 5188 suo,
2176 5127 2238 5174 oon
2261 5125 2303 5176 ex
2325 5107 2465 5188 tristitia,

1510 5221 1565 5280 aut
1598 5233 1640 5282 ex
1675 5213 1873 5294 necessitate3
1908 5215 2040 5280 hilarem
2077 5215 2157 5280 enirn
2195 5215 2335 5280 datorem
2369 5213 2468 5300 diligit

1511 5321 1638 5388 Deus».
1661 5319 1692 5386 Si
1716 5337 1791 5404 ergo
1815 5319 1998 5386 benefacere
2020 5319 2286 5386 benefacientibus
2303 5319 2403 5386 solum
2420 5323 2468 5386 est

1510 5425 1668 5506 debiturn,
1694 5425 1878 5494 benefacere
1892 5445 1955 5492 uon
1970 5425 2236 5494 benefacientibus
2258 5425 2466 5512 prolatitium

1510 5533 1652 5612 videtur,
1669 5533 1754 5618 quod
1777 5533 1961 5600 malefacere
1981 5531 2247 5600 benefacientibus
2262 5537 2310 5600 est
2324 5531 2467 5618 impium

1511 5645 1541 5706 et
1565 5639 1836 5720 crudelissimum;
1861 5639 1946 5725 quod
1968 5639 2094 5724 quidem
2119 5639 2192 5706 facit
2207 5647 2370 5724 peccator,
2393 5657 2466 5704 cuni

1511 5743 1639 5812 offendit
1659 5743 1778 5824 Deum;
1814 5745 1905 5812 iuxta
1934 5745 2017 5830 qued
2052 5743 2178 5812 secundi
2211 5745 2466 5830 Paralipomenon

1581 6121 1592 6152 ⁵
1611 6127 1686 6178 Veis.
1706 6125 1747 6176 lli.
1767 6139 1823 6192 seq.
1842 6153 1877 6162 -—
1895 6123 1985 6178 Glossa
2004 6121 2201 6178 interlinearis:
2221 6121 2292 6178 Num
2306 6123 2331 6176 cl
2343 6127 2466 6190 peccate·

1511 6225 1569 6278 icc,
1589 6213 1685 6266 etbnlei
1703 6219 1727 6266 et
1747 6211 1893 6280 publicani,
1917 6211 2055 6280 diiigenter
2079 6225 2107 6266 se
2128 6209 2258 6278 diliguni,
2278 6217 2372 6264 natura
2390 6211 2466 6264 duce.

1512 6329 1544 6338 -
1565 6301 1682 6354 Subinde
1701 6301 1827 6368 allegator
1844 6301 1921 6354 Ecoli.
1949 6299 1997 6366 37,
2022 6301 2047 6352 5.
2074 6297 2199 6364 Superius
2221 6313 2271 6364 pro
2295 6299 2343 6372 qni
2359 6299 2466 6354 nntium

1511 6387 1593 6442 ACD
1610 6389 1674 6460 guiu
1696 6387 1811 6444 nultum.

1581 6475 1686 6532 ὃῖῖθῖε.
1708 6479 1749 6532 tt.
1768 6505 1804 6518 -·
1823 6477 1947 6544 Sequitur
1964 6477 1993 6530 tt.
2013 6475 2072 6530 Cor.
2091 6477 2139 6544 lb,
2158 6475 2200 6526 lb.
2218 6505 2255 6518 -
2273 6479 2398 6544 Superius
2417 6493 2466 6544 pro

1511 6565 1728 6638 diligentium
1748 6565 1886 6634 diligentes
1903 6577 1932 6618 ce
1951 6565 2007 6618 Vat.
2026 6563 2149 6634 diligeret
2165 6563 2238 6620 Deus
2257 6565 2394 6634 diligenter
2412 6577 2448 6618 ee.

1581 6651 1686 6710 'Veis
1706 6657 1752 6724 tt,
1771 6661 1830 6722 post
1847 6667 1928 6722 quein
1948 6655 2024 6706 Rom.
2045 6655 2076 6718 5,
2096 6653 2121 6706 8.
2141 6665 2196 6718 seq.

1581 6743 1592 6774 ⁸
1610 6745 1713 6800 Scilicet
1730 6741 1924 6800 interlinearis.

1581 6833 1592 6864 ⁹
1610 6835 1686 6888 Vers.
1707 6835 1748 6888 tt.
1773 6847 1828 6900 seq.
1841 6859 1876 6872 —
1889 6833 2013 6900 Sequitur
2031 6835 2058 6886 ll.
2072 6831 2130 6886 Cor.
2144 6831 2175 6894 9,
2194 6829 2220 6884 t.
2231 6859 2267 6874 --
2279 6829 2405 6896 Superius
2417 6843 2466 6896 pro

1509 6925 1602 6982 canule
1622 6927 1680 6978 t'at.
1702 6923 1827 6978 nebeim.
2114 6911 2116 6916 ’
