5900 8266
549 639 592 706 98
977 675 978 680 ¹
1143 643 1335 712 COMMENT.
1359 643 1398 710 ΙΝ
1419 639 1658 712 EVANGELIUM
1682 641 1799 710 Lucan
1825 643 1854 710 C.
1882 643 1929 712 tV.

548 819 597 882 est
617 815 699 882 bona
730 817 967 896 annuntiatio1‚
989 817 1075 884 unde
1103 817 1136 884 in
1166 825 1277 886 nostra
1306 817 1510 886 translatione

548 919 681 988 dieitur:
709 921 762 988 Ao
784 921 1056 988 4444444444444
1075 909 1260 988 4444444444
1281 921 1375 988 misit
1397 941 1456 988 rue.
1473 925 1510 990 lit

548 1027 623 1092 huie
659 1025 828 1092 oonoordat
859 1026 938 1092 illud
962 1027 1086 1094 Nahum
1106 1027 1227 1112 primo:
1257 1053 1274 1086 u
1289 1027 1381 1106 Eece,
1412 1045 1509 1114 super

548 1135 670 1198 montes
689 1129 785 1216 pedes
807 1131 1047 1216 evangelizantis
1064 1137 1095 1198 et
1117 1131 1335 1198 annuntiantis
1349 1149 1460 1216 paoem
1471 1157 1509 1212 »;

548 1243 581 1304 44
602 1237 699 1304 Isaiae
716 1235 975 1322 quinquagesimo
998 1237 1155 1306 seeundo:
1181 1237 1310 1322 «Quam
1333 1237 1436 1322 puluri
1457 1255 1514 1306 su·

547 1361 605 1430 per
629 1349 752 1410 montes
768 1341 861 1428 pedes
877 1343 1092 1410 aununtiantis
1103 1351 1144 1410 et
1158 1343 1369 1428 praedicantis
1386 1363 1509 1430 paoem,

547 1449 763 1518 annuntiantis
778 1449 912 1530 bonum,
936 1449 1146 1534 praedicantis
1160 1451 1293 1518 salutem
1307 1475 1338 1516 ».
1355 1451 1439 1518 liano
1454 1469 1511 1518 au-

548 1565 611 1624 tem
641 1553 757 1622 dieitur
779 1555 917 1624 maxime
938 1555 1149 1642 pauperibus
1170 1555 1334 1636 nuntiare,
1364 1555 1441 1642 quia
1469 1555 1511 1624 ad

547 1679 706 1748 pauperes
738 1659 897 1728 inchoavit
934 1677 1133 1740 sermonem;
1167 1661 1314 1728 Matthaei
1349 1661 1461 1746 quinto
1476 1661 1509 1728 ²:

552 1765 668 1834 «Beati
697 1783 851 1852 pauperes
875 1767 987 1852 spiritu
1009 1795 1043 1846 u,
1070 1769 1099 1834 et
1122 1785 1179 1852 per
1196 1783 1349 1852 pauperes
1373 1785 1510 1852 pauper-

547 1879 645 1940 tatem
659 1871 727 1938 aliis
749 1871 959 1958 praedioauit3
981 1871 1128 1940 Matthaei
1145 1871 1330 1940 undecimo:
1358 1899 1375 1932 u
1391 1873 1510 1960 Paupe-

547 1995 600 2046 res
631 1977 886 2066 evangelizantur
905 2005 936 2046 a.
968 1981 1030 2048 Neo
1061 1979 1198 2060 mirum,
1228 1979 1303 2066 quia
1333 1979 1450 2046 dieitur
1476 1979 1509 2044 in

548 2085 684 2152 Psalmo:
708 2085 869 2170 «Propter
890 2087 1047 2156 miseriam
1065 2089 1194 2172 inopum
1217 2091 1250 2152 et
1265 2085 1416 2170 gemitum
1431 2105 1510 2172 pau-

547 2209 662 2278 perum
686 2211 771 2260 4444
800 2209 1009 2280 exsurgam»
1037 2199 1095 2260 eto.
1122 2193 1172 2258 His
1203 2191 1315 2278 utique
1343 2191 1511 2260 annuntiat

548 2299 701 2380 salutem,
723 2299 797 2384 quia
814 2298 887 2366 alibi
899 2299 927 2366 ³:
951 2299 1087 2366 «Parcet
1100 2297 1233 2382 pauperi
1251 2303 1282 2366 et
1296 2297 1381 2384 inopi
1397 2303 1430 2366 et
1444 2297 1510 2364 ani-

546 2423 615 2474 mas
639 2423 815 2490 pauperum
831 2405 933 2482 saluas
954 2405 1044 2472 iaoiet
1058 2431 1074 2464 »
1099 2411 1158 2470 eto.
1185 2405 1220 2470 Et
1236 2411 1365 2490 propter
1388 2405 1449 2472 hoo
1462 2403 1510 2472 di-

547 2513 633 2582 oitur
654 2529 672 2594 4
697 2511 816 2598 Spiritu
838 2519 870 2578 et
893 2531 909 2578 a
934 2513 1065 2578 Domino
1087 2513 1219 2592 missus3
1249 2513 1343 2580 Isaiae
1375 2513 1511 2598 quadra-

548 2619 665 2708 gesimo
689 2625 818 2686 ottavo:
845 2645 861 2676 4
879 2621 964 2686 Sicut
979 2619 1065 2686 misit
1079 2637 1131 2686 me
1152 2617 1305 2686 Dominus
1321 2623 1352 2686 44
1376 2619 1510 2704 Spiritus

548 2725 617 2794 eius
635 2751 662 2790 a.
696 2725 759 2792 «ln
782 2725 842 2792 hoo
875 2743 950 2812 orgo
980 2725 1185 2812 eognovimus
1219 2725 1381 2794 raritatem
1404 2725 1460 2794 Dei
1476 2753 1509 2806 4,

549 2833 626 2920 quia
652 2833 769 2900 «misit
789 2833 902 2900 Filium
927 2851 1021 2902 suum
1037 2859 1071 2914 4,
1093 2833 1214 2918 primae
1238 2833 1360 2900 loannis
1382 2839 1506 2918 quarto.

641 2939 693 3006 38.
716 2941 822 3008 Tertio
843 2941 1023 3010 insinuatur
1047 2949 1227 3028 reparator
1243 2961 1309 3028 ¹per
1338 2941 1509 3028 passionis

386 3061 538 3158 44444444
548 3045 748 3126 irruentium,
771 3063 843 3114 uum
869 3045 1011 3114 additur:
1036 3047 1168 3116 Sonare
1192 3049 1369 3126 enutritos:
1394 3049 1509 3134 quod4

399 3125 536 3222 prdeffiudi.
549 3153 677 3240 quidem
701 3153 814 3220 liberat
835 3173 853 3220 a
878 3155 964 3222 44444
989 3155 1104 3240 444444
1128 3155 1272 3222 44444444
1302 3161 1332 3222 44
1360 3155 1509 3242 4444444-

551 3261 610 3342 444,
635 3281 652 3328 4
676 3261 830 3328 44444444
851 3261 997 3330 rutiour's
1026 3269 1059 3328 et
1088 3259 1284 3348 4444444444
1318 3259 1507 3328 4444444444.

386 3379 530 3488 adibilia.
551 3405 591 3418 --
608 3369 732 3436 Liberat
757 3367 868 3454 ulique
890 3387 907 3436 a
933 3369 1020 3436 44444
1044 3355 1189 3446 44444444
1211 3367 1347 3454 arripare:
1379 3373 1508 3452 propter

533 3463 635 3560 'quod
656 3473 789 3540 dieitur:
817 3475 947 3542 Seuere
969 3475 1129 3540 enutritos
1143 3473 1260 3554 eorde,
1279 3473 1366 3542 misit
1380 3475 1506 3540 scilieet.

548 3577 591 3646 Ad
608 3579 803 3646 rurationem
820 3579 951 3646 actualis
966 3579 1078 3664 eulpae
1093 3577 1269 3646 necessaria
1286 3585 1332 3646 est
1349 3595 1423 3646 uum
1438 3595 1508 3664 pas-

549 3685 636 3752 sione
657 3673 772 3752 Christi
797 3685 942 3752 eontritio
965 3685 1188 3770 poenitentiam
1212 3685 1394 3752 Psaimus⁵:
1421 3685 1508 3768 «Qui

453 3803 528 3850 utiter-
549 3797 638 3856 sanat
661 3789 813 3856 contritos
827 3789 922 3856 eorde
935 3817 963 3854 u.
979 3827 1021 3838 --
1037 3790 1093 3856 Vel
1119 3791 1178 3856 hou
1193 3789 1326 3868 dieitur,
1352 3787 1428 3874 quia
1442 3789 1509 3874 ipsa

549 3897 642 3982 eulpa
665 3895 795 3964 actualis
820 3901 920 3962 totum
945 3897 1044 3962 robur
1067 3897 1190 3964 animae
1211 3895 1344 3982 frangit3
1369 3895 1508 3962 7444444-

550 4021 623 4070 rum
640 4003 790 4072 seeundo:
815 4003 950 4088 «444444
965 4002 1053 4070 reiut
1069 4021 1155 4070 mare
1173 4001 1317 4070 contritio
1333 4009 1389 4070 tua
1401 4027 1418 4062 u
1434 4007 1507 4082 ete.;

549 4115 580 4178 44
602 4111 843 4178 Prorerhiorum
869 4111 991 4178 deeimo
1013 4109 1140 4194 quinto:
1172 4111 1336 4194 «Lingua,
1355 4109 1508 4194 quaeim-

550 4217 708 4284 moderata
723 4221 798 4296 ost,
822 4221 963 4282 conteret
987 4215 1181 4300 spiritum».

639 4323 692 4390 39.
716 4325 819 4410 (Vere.
845 4321 921 4406 44).
945 4321 1070 4390 Liberat
1100 4329 1206 4390 autem
1236 4343 1253 4390 a
1281 4323 1371 4390 ruulo
1393 4321 1509 4408 444444

551 4429 749 4518 originalis:
770 4435 900 4516 propter
932 4429 1014 4516 quod
1048 4429 1191 4498 additur:
1217 4433 1257 4498 Et
1276 4429 1290 4470 ⁶
1309 4429 1509 4516 4444444444

550 4537 690 4624 captivis
712 4537 948 4604 4444444444444.
974 4537 1082 4604 blerito
1107 4555 1200 4604 eausa
1216 4537 1376 4624 originalis
1399 4537 1509 4622 eulpae

550 4645 706 4730 uaptirum
743 4643 941 4712 detinebatur
972 4661 1071 4728 genus
1104 4631 1278 4710 humanum
1313 4663 1332 4708 a
1366 4643 1508 4724 diabolo;

548 4753 642 4820 Isaiae
674 4751 935 4838 quinquagesimo
965 4749 1121 4816 serundo:
1150 4777 1167 4810 «
1183 4753 1341 4818 Excutere
1370 4749 1409 4816 de
1439 4751 1509 4836 pul-

488 4943 491 4948 ,
551 4877 641 4938 rere,
667 4875 838 4942 consurge,
863 4855 951 4934 sede,
978 4855 1164 4936 ierusalem:
1187 4857 1273 4924 suive
1297 4855 1424 4924 rinouia
1438 4855 1506 4924 44444

550 4965 615 5044 444,
632 4963 755 5048 raptiva
769 4963 833 5054 lilia
851 4963 933 5030 Sion.
948 4961 1029 5044 Quia
1042 4963 1118 5028 haer
1132 4961 1208 5028 dioit
1223 4963 1390 5028 Dominus:
1408 4963 1509 5030 Gratis

550 5067 720 5138 venundati
747 5069 821 5136 estis
854 5073 883 5136 et
919 5065 985 5134 sine
1010 5073 1141 5152 argento
1166 5067 1395 5134 redimemini»
1427 5075 1507 5148 444.;

550 5175 633 5242 unde
657 5173 823 5240 Zachariae
841 5193 941 5242 nono:
971 5173 1047 5238 «Tu
1069 5179 1176 5240 autem
1191 5173 1224 5240 in
1248 5173 1401 5258 sauguine
1416 5161 1508 5242 testa-

549 5279 645 5348 menti
671 5279 716 5346 tui
740 5279 868 5346 emisisti
892 5279 1012 5346 vinetus
1037 5279 1074 5344 de
1098 5279 1170 5344 laou
1185 5305 1200 5338 »
1231 5285 1289 5346 ete.
1313 5279 1350 5344 Et
1371 5279 1431 5346 hoo
1463 5287 1509 5346 est

621 5653 630 5684 ¹
650 5653 702 5708 Cir.
722 5669 803 5720 supra
820 5667 884 5722 pag.
907 5655 937 5718 5,
956 5659 1017 5708 notu
1039 5653 1062 5706 4.
1081 5655 1227 5710 Translatio
1245 5655 1310 5720 4444,
1323 5671 1392 5722 quae
1406 5653 1510 5710 subiun-

551 5745 634 5810 gitur,
654 5747 693 5796 est
713 5743 840 5808 Vulgatae
853 5743 911 5796 lsai.
923 5743 951 5794 64
959 5779 966 5806 ,
981 5743 1004 5794 4.
1017 5743 1074 5796 Duo
1089 5757 1164 5812 seqq.
1175 5743 1226 5796 4444
1238 5749 1300 5796 4444
1311 5745 1416 5798 Nahum
1428 5745 1454 5808 4,
1469 5745 1509 5798 45.

551 5839 575 5886 44
593 5831 651 5886 lsai.
670 5831 718 5896 44,
737 5831 762 5884 7.
969 5897 972 5902 ¹
1072 5877 1073 5880 ,

621 5917 632 5950 4
652 5923 728 5974 Vers.
747 5921 772 5974 3.
792 5947 825 5962 -
845 5923 996 5988 Sequuntur
1015 5921 1104 5972 blatth.
1121 5921 1165 5986 44,
1182 5921 1209 5974 u.
1227 5925 1251 5974 et
1270 5923 1311 5974 Ps.
1333 5921 1374 5986 44,
1394 5921 1418 5972 6.

621 6007 632 6040 ⁸
652 6013 744 6064 Psalm.
762 6009 807 6076 74,
827 6013 870 6066 43.
888 6039 925 6052 ·-
944 6009 1060 6064 Subinde
1079 6009 1225 6076 allegantur
1241 6011 1299 6064 4444.
1318 6009 1367 6078 48,
1387 6013 1398 6064 4
1406 6011 1428 6064 6.
1448 6015 1475 6064 44
1492 6011 1510 6064 l.

446 6153 447 6156 ,
551 6103 619 6154 4444.
632 6101 660 6166 4,
673 6103 703 6154 9:
719 6103 745 6154 lu
756 6103 807 6154 hoc
821 6101 944 6168 apparuit
957 6101 1051 6152 caritas
1063 6099 1111 6152 Del
1124 6097 1149 6152 iu
1169 6097 1259 6166 nobis,
1280 6101 1406 6166 quoniam
1417 6101 1510 6154 Filium

552 6203 629 6244 suum
643 6189 810 6256 unigenitum
830 6191 902 6244 misit
914 6191 996 6256 Deus;
1016 6193 1062 6242 444.
1085 6191 1113 6256 3,
1133 6191 1180 6256 46,
1201 6187 1245 6242 ubi
1259 6195 1401 6244 occurrunt
1413 6187 1510 6240 verba:

550 6277 582 6330 lu
602 6277 652 6332 hoo
671 6277 846 6346 4444444444
864 6277 1006 6334 raritatem
1026 6277 1096 6344 4444,
1109 6277 1237 6346 quautam
1255 6275 1300 6332 tile
1319 6275 1441 6332 4444444
1451 6282 1511 6338 444.

621 6361 633 6394 ⁴
654 6367 679 6418 44
697 6367 720 6416 D
739 6367 856 6418 secunda
873 6379 971 6418 manus
988 6363 1121 6418 substituit
1140 6379 1208 6434 quos
1218 6385 1229 6432 ;
1246 6365 1270 6418 H
1289 6363 1368 6428 legit:
1394 6363 1464 6418 44444
1481 6363 1512 6418 44

552 6457 684 6522 grauatum
711 6457 858 6522 reparator
886 6451 983 6508 4444444
1004 6459 1054 6508 444.
1073 6453 1181 6508 44444444
1200 6467 1250 6520 pro
1269 6451 1425 6524 4444444444
1451 6455 1510 6508 Vat.

551 6541 718 6598 4444444444.
1175 6605 1176 6608 ,

622 6627 633 6660 ⁵
653 6633 747 6686 Psalm.
769 6631 834 6696 446,
853 6633 878 6686 3.
897 6661 931 6672 -
950 6631 1008 6686 Duo
1028 6647 1102 6700 seqq.
1121 6631 1170 6686 4444
1189 6637 1250 6686 suunt
1269 6633 1365 6686 Thren.
1385 6635 1416 6698 4,
1429 6633 1474 6686 43.
1484 6637 1512 6686 44

551 6721 629 6776 Prov.
651 6723 696 6790 46,
718 6721 741 6776 4.
1403 6753 1404 6758 .

622 6811 634 6842 ⁶
655 6815 766 6880 Vulgata
784 6813 878 6868 omittit
907 6813 947 6868 nt.
974 6811 1092 6868 Subinde
1109 6817 1169 6880 post
1186 6811 1283 6868 rra-tto
1300 6811 1323 6864 Α
1343 6811 1368 6880 (4
1394 6811 1511 6886 sectanda

552 6903 642 6968 manu)
662 6905 684 6956 H
703 6903 804 6956 addunt
822 6901 909 6968 euim,
937 6901 960 6952 D
988 6901 1014 6970 (a
1039 6901 1155 6956 secunda
1181 6901 1272 6968 mauu)
1299 6899 1356 6964 444,
1376 6901 1398 6952 G
1415 6901 1512 6954 omittit

551 7003 645 7048 44444.
665 7017 699 7030 -
719 6991 869 7056 Sequuntur
888 6991 945 7042 lsai.
965 6991 1013 7060 54,
1032 6993 1056 7046 4.
1076 7005 1131 7060 444.
1151 6995 1176 7044 44
1194 6991 1302 7042 Zachar.
1320 6989 1350 7056 9,
1371 6991 1413 7042 44.

1574 821 1658 906 quod
1680 817 1795 888 dieitur
1813 819 1906 888 lsaiae
1922 817 2161 906 quadragesimo
2179 837 2261 886 nono
2272 817 2301 884 ⁷:
2327 817 2436 886 «Dedi
2453 825 2484 886 te
2500 819 2531 886 in

1574 925 1683 992 foedus
1706 925 1829 1010 populi,
1851 933 1890 992 ut
1910 925 2031 992 ditores
2051 925 2099 992 his
2123 925 2178 1012 qui
2195 925 2288 992 vineti
2307 931 2396 992 sunt:
2422 925 2529 1004 Exite;

1574 1037 1604 1096 et
1628 1029 1677 1096 his
1702 1029 1812 1114 quiin
1841 1029 1979 1096 tenebris
2003 1037 2093 1096 sunt:
2120 1029 2358 1108 Revelamini»;
2390 1035 2530 1114 etpost:

1580 1135 1763 1220 «Equidem
1784 1135 1948 1222 eaptivitas
1968 1153 1989 1202 a
2009 1135 2080 1204 forti
2096 1137 2224 1203 tolletur
2242 1159 2271 1216 u;
2293 1135 2369 1222 quia
2396 1161 2412 1194 r<
2425 1153 2531 1204 aseen-

1574 1239 1650 1306 dens
1680 1239 1826 1308 Christus
1854 1241 1888 1308 in
1917 1241 2036 1320 altum,
2070 1241 2222 1326 captivam
2247 1241 2338 1308 duxit
2372 1243 2532 1328 444444444-

1575 1353 1680 1426 tem»,
1709 1345 1750 1414 ad
1772 1347 1920 1432 Ephesios
1944 1353 2067 1432 quartu.
2090 1347 2130 1414 Et
2143 1347 2219 1414 haee
2245 1347 2387 1414 remissio
2402 1347 2434 1414 in
2450 1347 2532 1434 Cyro
2551 1367 2634 1426 4444.

1574 1451 1784 1538 praetigurata
1820 1453 1895 1534 luit,
1928 1453 1982 1540 qui
2006 1453 2124 1522 dimisit
2151 1453 2362 1540 captiuitatem
2392 1453 2531 1522 tiliorum

1574 1559 1685 1638 lsraei;
1709 1559 1804 1624 Isaiae
1828 1559 2067 1644 quadragesimo
2093 1561 2248 1648 quintoss:
2275 1585 2292 1618 u
2316 1559 2532 1646 Captivitatem

1574 1679 1674 1732 meam
1697 1663 1849 1744 dimittet,
1875 1683 1937 1730 non
1958 1663 1992 1732 in
2014 1667 2133 1750 pretio,
2160 1675 2215 1734 444
2239 1669 2268 1734 44
2293 1655 2481 1734 muneribus
2500 1693 2529 1732 u.

1661 1771 1715 1836 49.
1746 1769 1870 1838 Liberat
1901 1771 1996 1836 etiarn
2030 1789 2050 1836 a
2082 1773 2238 1840 4444444444
2269 1771 2433 1852 44444444·
2462 1773 2532 1842 ideo
2546 1789 2607 1856 ram,
2621 1805 2634 1838 a
2648 1807 2695 1858 ag:-

1574 1873 1740 1942 subditur:
1765 1875 1902 1942 0444449
1927 1875 2055 1956 otram,
2078 1877 2163 1944 misit
2188 1877 2305 1946 44444444
2325 1895 2377 1944 me
2394 1877 2532 1964 proaui—
2555 1849 2694 1942 duim

1574 2001 1670 2060 ruro‚·
1688 1983 1770 2068 quod
1796 1989 1827 2050 et
1840 1981 1932 2062 ierit,
1947 1983 2028 2050 siout
2048 1983 2163 2052 dieitur
2180 1985 2322 2052 llatthaei
2346 1983 2529 2052 undecimo:

1579 2115 1594 2148 4
1611 2089 1743 2168 Erotes,
1759 2089 1938 2156 renuntiate
1953 2089 2059 2156 loanni
2084 2109 2167 2176 quae
2184 2089 2304 2158 uidistis
2325 2097 2358 2158 et
2383 2089 2529 2158 audistis:

1574 2191 1655 2262 oaeoi
1682 2193 1785 2260 rident
1801 2221 1817 2252 u
1844 2199 1923 2274 etu.;
1946 2195 1978 2260 in
1996 2213 2059 2280 quo
2081 2197 2274 2284 significatur
2300 2197 2437 2264 laterior
2458 2197 2531 2290 illu-

1573 2299 1710 2376 minatio.
1727 2299 1815 2368 Unde
1829 2299 1950 2368 loannis
1964 2319 2049 2368 nono
2062 2303 2103 2370 ¹⁰:
2132 2329 2148 2362 «
2164 2305 2195 2370 ln
2220 2305 2370 2372 iudioium
2386 2319 2443 2388 ego
2459 2305 2531 2372 ueni

1573 2405 1603 2470 in
1629 2405 1798 2486 muudum,
1820 2411 1857 2470 ut
1874 2405 1928 2490 qui
1944 2425 2007 2472 non
2022 2407 2130 2476 rident
2147 2411 2272 2476 videant
2285 2437 2316 2488 u,
2339 2409 2371 2476 id
2393 2415 2440 2476 est
2456 2427 2532 2496 gen·

1574 2509 1655 2590 44444,
1670 2509 1843 2578 seeundum
1860 2511 1938 2578 illud
1949 2511 2044 2578 lsaiae
2060 2497 2300 2602 quauiagasimo
2310 2533 2408 2580 nouo:
2426 2515 2531 2582 «Dedi

1574 2623 1605 2684 te
1621 2617 1650 2682 iu
1675 2617 1776 2684 luoem
1794 2617 1934 2704 gentium
1946 2643 1977 2684 ».
1996 2617 2031 2684 Et
2048 2619 2107 2686 boo
2123 2625 2170 2686 est
2189 2619 2273 2706 quod
2297 2621 2413 2688 dieitur
2435 2621 2530 2688 Isaiae

1574 2721 1722 2810 vigesimo
1747 2741 1845 2790 nono:
1877 2723 2039 2792 «audient
2061 2725 2093 2792 in
2117 2724 2167 2794 die
2189 2725 2243 2794 illa
2264 2725 2355 2792 surdi
2374 2727 2472 2794 uerba
2494 2727 2531 2792 li-

1573 2831 1638 2908 bri,
1670 2837 1700 2896 44
1731 2831 1767 2896 de
1793 2825 1931 2898 tenebris
1955 2837 1989 2896 et
2013 2831 2144 2918 ealigine
2176 2833 2256 2900 ntuli
2286 2849 2451 2898 caecorum
2485 2827 2531 2900 444

1572 2935 1746 3004 debunt».
1778 2937 1815 3004 Et
1837 2937 1896 3004 hoo
1929 2937 2054 3022 petebat
2073 2939 2190 3006 Dauid:
2219 2965 2235 2998 «
2253 2939 2397 3006 illumina
2424 2941 2532 3008 oeulos

1572 3061 1658 3112 meos
1672 3069 1701 3108 u.
2304 3111 2305 3116 ,
2548 3109 2549 3112 ,

1633 3151 1714 3216 444.
1752 3149 1876 3218 Liberat
1908 3149 2001 3216 etiam
2028 3151 2068 3218 ab
2104 3151 2298 3236 4444444444
2330 3151 2531 3232 volueratis:
2544 3165 2694 3262 strenatio-

1572 3261 1702 3342 propter
1727 3255 1812 3342 quod
1826 3255 2049 3342 subiungitur:
2067 3259 2142 3324 nt11
2160 3259 2321 3324 diruittere
2342 3257 2531 3344 eorrfruetoa
2544 3227 2644 3320 14444444
2661 3235 2694 3268 u.

1571 3363 1610 3430 44
1630 3363 1874 3444 4444444444,
1898 3363 1985 3430 misit
2006 3363 2131 3432 seilicet.
2153 3357 2325 3450 Comiu'ott'
2348 3373 2434 3446 sunt,
2451 3385 2531 3452 quo-

1572 3487 1644 3536 rum
1662 3469 1807 3536 uoluntas
1829 3489 1885 3554 per
1901 3477 2063 3556 peceatum
2088 3475 2134 3538 est
2166 3469 2322 3538 infirmata
2342 3471 2379 3538 ad
2396 3471 2530 3554 bonum,

1571 3575 1653 3642 siout
1688 3581 1761 3640 suut
1796 3575 1872 3642 fatui
1907 3583 2108 3660 peecatorem
2143 3567 2347 3644 Ecclesiastiei
2380 3577 2532 3664 vigesimo

1572 3681 1676 3766 primo
1688 3681 1734 3748 12:
1769 3707 1787 3738 «
1813 3681 1873 3748 Cor
1892 3683 1985 3750 'fatui
2018 3683 2109 3766 quasi
2131 3701 2185 3748 vas
2217 3683 2411 3750 ooniraotum
2426 3709 2466 3764 »3
2499 3693 2531 3752 et

1571 3789 1668 3856 lsaiae
1683 3787 1941 3874 quinquagesimo
1973 3793 2097 3856 ottavo:
2126 3787 2287 3856 «Dimitte
2309 3805 2362 3856 eos
2385 3789 2439 3874 qui
2458 3807 2530 3856 uon-

1571 3895 1662 3964 tratti
1687 3901 1775 3974 sunt,
1801 3895 1956 3962 liberos».
1982 3895 2060 3962 Haeo
2084 3901 2188 3962 autem
2213 3895 2382 3962 ooniraotio
2411 3901 2457 3962 est
2480 3913 2531 3962 re-

1571 4001 1738 4088 44446464,
1762 4001 1839 4068 rium
1862 4001 1914 4066 hio
1937 4001 2091 4080 virinus,
2115 4003 2169 4066 sed
2190 3999 2406 4086 irreparabilis
2434 4001 2531 4068 ellini-

1571 4115 1626 4174 tur
1658 4107 1689 4174 in
1724 4113 1844 4186 morte,
1875 4107 2049 4174 seeundum
2086 4107 2165 4174 illud
2193 4105 2289 4174 isaiae
2312 4105 2472 4192 trigesimo
2485 4107 2529 4176 13:

1577 4213 1846 4282 «comminuetur
1862 4213 1951 4300 quasi
1976 4215 2085 4300 lagena
2102 4213 2187 4300 iuguli
2212 4213 2397 4282 contritione
2420 4231 2532 4300 perra-

1572 4321 1652 4400 lida,
1676 4327 1707 4388 et
1730 4339 1793 4388 non
1814 4319 1994 4388 invenietur
2017 4321 2055 4388 de
2078 4321 2259 4408 fragmentis
2291 4321 2358 4388 eius
2381 4325 2475 4402 testa,
2498 4321 2531 4390 in

1573 4437 1637 4516 qua
1660 4435 1805 4514 portetur
1836 4427 1993 4514 ignitulus
2007 4427 2046 4494 de
2070 4426 2213 4494 44444444
2228 4453 2263 4508 »;
2288 4427 2447 4514 quianon
2471 4429 2532 4498 erit

1573 4533 1785 4620 susceptibilis
1806 4533 1934 4618 gratiae.
1960 4533 1995 4600 Et
2031 4535 2091 4600 hou
2112 4533 2172 4600 erit
2203 4533 2235 4600 iu
2258 4533 2394 4614 iudicio,
2418 4551 2531 4600 seruu-

1573 4641 1648 4708 dum
1673 4639 1750 4708 illud
1782 4639 1912 4708 Psalmi:
1939 4641 2069 4726 «Reges
2100 4657 2154 4706 eos
2183 4639 2216 4704 in
2246 4639 2337 4726 virga
2364 4639 2469 4706 terrea
2498 4649 2530 4708 et

1572 4755 1725 4834 tanquam
1746 4765 1802 4816 ras
1824 4747 1913 4834 figuli
1943 4747 2119 4832 4444444444
2144 4765 2196 4814 444
2214 4775 2241 4812 u.
2276 4747 2334 4812 Sed
2360 4745 2455 4812 modo
2478 4763 2530 4814 re·
2734 4835 2735 4838 Ἴ

1572 4855 1751 4920 missionem
1767 4851 1858 4932 44444,
1874 4853 1960 4938 quod
1975 4853 2147 4936 figuratum
2162 4849 2210 4918 est
2222 4851 2314 4938 primi
2331 4851 2531 4926 blanhabaeo-
2547 4863 2634 4922 Figura·
2705 4899 2706 4902 =

1573 4977 1644 5026 rum
1669 4957 1803 5038 decimo,
1828 4957 1883 5024 ubi
1914 4957 2043 5038 dieitur,
2067 4957 2154 5044 quod
2175 4959 2235 5026 sub
2267 4945 2409 5038 lonatha,
2431 4957 2530 5026 fratre

1573 5063 1717 5144 Simonis,
1739 5063 1838 5130 lautae
1860 5069 1933 5130 suut
1958 5064 2075 5132 urultae
2091 5065 2289 5134 remissiones
2308 5065 2438 5132 ludaeis,

1661 5173 1715 5240 44.
1738 5173 1899 5242 Postremo
1925 5173 2104 5240 insinuatur
2136 5179 2367 5240 remunerator
2387 5191 2449 5258 per
2479 5191 2530 5238 44-
2548 5181 2608 5238 taam,
2624 5197 2693 5230 ramu-

1572 5277 1762 5346 tributiour's
1796 5277 1980 5356 iudicium,
2008 5277 2039 5344 in
2075 5297 2139 5364 quo
2162 5277 2254 5344 44444
2279 5277 2312 5344 64
2343 5243 2691 5346 universalisquiiiiiios.

1645 5651 1656 5684 ⁷
1676 5655 1749 5708 Vers.
1771 5657 1794 5706 8.
1813 5669 1869 5722 seq.
1889 5659 1915 5706 et
1931 5653 1995 5706 dein
2009 5667 2036 5706 r.
2048 5653 2097 5720 45,
2109 5659 2169 5718 post
2182 5667 2264 5722 quem
2277 5655 2343 5718 Eph.
2357 5651 2388 5720 4,
2402 5653 2427 5704 8.
2441 5651 2530 5722 (eodd.

1574 5741 1734 5796 substituunt
1752 5739 1782 5796 iu
1798 5739 1908 5796 Psalmo
1927 5739 1975 5808 67,
1995 5743 2042 5794 lb:
2062 5741 2209 5794 ascendisti
2221 5741 2247 5792 in
2267 5743 2361 5804 aliurn,
2381 5741 2472 5806 cepisti
2491 5755 2530 5796 oa·
2606 5787 2607 5790 ,

1574 5829 1738 5898 4444444444).

1646 5913 1657 5946 ⁸
1675 5919 1749 5972 Vere.
1770 5919 1817 5980 43,
1838 5917 1884 5970 464
1902 5931 1951 5984 444
1969 5921 2019 5972 444
2036 5917 2148 5984 Vulgata
2164 5933 2258 5990 oeque.

1646 6003 1658 6034 ⁹
1676 6009 1788 6074 Vulgata
1799 6007 1835 6064 El
1847 6007 1950 6074 444444,·
1964 6007 2027 6076 (CD
2042 6007 2164 6064 omittunt
2182 6007 2282 6064 444444...
2297 6007 2475 6078 praedictare).
2495 6037 2530 6052 -

1575 6097 1692 6152 Subinde
1712 6097 1837 6164 allegatur
1854 6099 1941 6150 Matth.
1962 6099 2004 6162 44,
2024 6097 2046 6152 l.
2066 6113 2137 6166 seq.;
2156 6101 2202 6152 444.
2217 6087 2280 6154 Luc.
2298 6097 2329 6166 7,
2348 6099 2393 6152 44.

1646 6183 1668 6216 1⁰
1687 6189 1762 6240 Vers.
1781 6187 1826 6250 39.
1842 6213 1878 6226 -
1898 6187 1963 6238 7444
1980 6199 2055 6254 seqq.
2074 6187 2122 6240 4444
2142 6193 2202 6246 4444
2219 6187 2276 6240 4444.
2295 6187 2344 6250 49,
2364 6187 2380 6238 6
2390 6205 2397 6250 ;
2417 6187 2465 6250 49,
2488 6189 2528 6242 48.

1574 6279 1600 6328 44
1616 6277 1660 6328 Pe.
1681 6277 1730 6340 44,
1750 6275 1776 6328 4.
2216 6327 2218 6330 .

1646 6359 1667 6392 ²¹
1687 6363 1797 6428 Vulgata
1816 6363 1911 6416 omittit
1928 6363 1971 6418 Ei.
1991 6363 2107 6418 Subinde
2126 6379 2173 6430 pro
2192 6361 2265 6418 444444
2282 6361 2383 6418 seilicet
2400 6361 2469 6430 [Vnt.
2487 6365 2530 6418 ed·

1575 6451 1612 6504 dit
1629 6451 1681 6520 444]
1703 6465 1755 6504 444
1773 6451 1851 6518 pauci
1868 6451 1948 6504 codd.
1967 6449 2068 6508 dimisit
2084 6451 2198 6518 soii-iret,
2215 6451 2289 6518 quod
2308 6451 2358 6504 CD
2378 6465 2439 6502 uum
2453 6463 2527 6520 seqq.

1574 6539 1764 6604 coniungentes
1781 6545 1977 6606 prosequuntur
1997 6539 2162 6608 confractos,
2182 6551 2300 6608 quorum
2329 6543 2391 6602 eto.;
2409 6539 2433 6592 H
2451 6539 2528 6604 legit:

1574 6625 1674 6684 scilieet
1691 6625 1778 6694 444444,
1796 6625 1839 6682 444
1851 6625 1941 6682 44444.
1953 6625 2062 6682 Dimisit
2073 6625 2155 6698 tpitur
2168 6625 2335 6694 4444444444,
2348 6639 2466 6694 4444444
2480 6633 2529 6678 444.

1646 6713 1668 6748 ²²
1687 6717 1764 6770 Vere.
1784 6715 1832 6784 47,
1850 6721 1910 6782 post
1926 6731 2009 6784 quem
2025 6717 2082 6770 lsai.
2101 6717 2151 6778 58,
2169 6715 2196 6768 6.

1646 6801 1668 6836 ²⁸
1688 6807 1765 6860 Vers.
1783 6803 1872 6858 44.-’
1886 6803 2004 6858 Subinde
2016 6805 2159 6868 allegantur
2177 6805 2217 6856 Ps.
2237 6805 2268 6868 4,
2287 6803 2313 6854 9.
2332 6805 2357 6854 44
2375 6803 2394 6854 l.
2411 6801 2529 6856 blachab.

1577 6897 1623 6960 tu,
1643 6895 1686 6948 48.
1706 6893 1779 6962 s'eqq.
