5908 8266
563 611 631 684 739,
752 633 753 636 ’
915 689 916 692 ι
1430 605 1545 674 INDEX
1570 605 1698 672 RERUM

836 695 903 758 nav
1045 707 1046 710 ¹
2207 693 2262 748 ota

617 815 654 830 -
671 783 791 838 irascitur
809 799 861 838 non
881 799 928 852 per
950 783 1030 838 aniani
1053 785 1205 840 commotio
1293 783 1416 836 Dunotus
1435 811 1470 822 ·-
1488 783 1636 836 Daemones
1652 785 1713 834 sunt
1730 779 1880 848 incorporei
1919 781 1963 836 491
1989 797 2017 836 ι.
2045 783 2115 836 6·-
2135 781 2211 834 trabit
2241 783 2367 836 deorsum
2390 795 2440 848 ρει
2465 793 2557 846 εερει-

562 891 641 944 nem,
656 873 708 928 sed
723 887 775 938 ρει.
791 875 886 940 661666
902 873 1017 938 rigidam
1038 875 1204 940 punitionem
1241 871 1284 926 Vll
1304 869 1356 922 996
1376 869 1408 922 69
1426 871 1611 936 -superbus
1630 883 1690 922 cum
1703 869 1759 922 suis
1773 869 1880 924 sociise
1917 869 2004 938 biam,
2025 883 2074 936 ρει
2099 869 2253 934 avaritiam,
2279 883 2328 936 ρει
2356 869 2484 924 luxuriam
2503 869 2556 922 668

565 967 600 1020 91
621 961 993 1020 tav.t-reddtttnuttta
1013 963 1206 1028 operaimpio·
1242 959 1315 1014 caelo
1324 959 1497 1026 expulsusest
1507 959 1600 1012 94169
1611 959 1659 1012 v.l
1677 959 1881 1012 -maledictus
1917 971 1945 1022 v,
1964 959 1998 1010 44
2015 983 2053 1000 -·
2069 963 2145 1010 vexat
2165 971 2257 1010 servos
2284 969 2360 1012 suos·
2375 959 2400 1022 4ιι
2429 957 2558 1024 operibus

565 1069 627 1110 rum
645 1049 708 1108 ibid.
1023 1115 1025 1118 Ι
1212 1115 1214 1118 ¹
1242 1053 1281 1102 est
1299 1049 1482 1102 maledictione
1501 1049 1746 1114 culpaeetpoenae
1759 1047 1809 1100 498
1823 1049 1879 1100 uti
1916 1045 1961 1098 luti
1981 1047 2098 1100 luxuriae
2117 1051 2142 1098 et
2166 1045 2253 1098 lateris
2279 1047 2411 1100 avaritiae¹
2426 1051 2450 1100 et
2468 1047 2557 1112 palea·

619 1169 654 1184 -
672 1139 816 1206 aliquando
834 1139 953 1194 restituet
974 1139 1095 1194 anditum
1121 1145 1147 1194 ει
1169 1139 1206 1192 ln·
1242 1163 1277 1178 ···
1295 1137 1444 1190 Daemones
1461 1135 1554 1190 fortius
1577 1133 1726 1190 cruciantur
1748 1135 1797 1188 146
1817 1137 1879 1188 uti
1916 1149 1977 1188 runi
1997 1133 2136 1200 superbiae
2154 1133 2556 1190 476646-411644414661461

567 1233 698 1286 tellectum
723 1229 842 1284 veritatis
869 1229 967 1294 populo
986 1229 1144 1282 ludaeorum
1161 1229 1206 1284 911
1242 1253 1278 1266 -
1295 1223 1390 1278 6661414
1412 1223 1440 1278 46
1463 1223 1599 1278 falsitatem
1620 1229 1644 1278 et
1662 1223 1808 1280 vanitatem
1826 1223 1880 1276 367
1917 1221 1952 1274 64
1969 1223 2148 1276 seducendum
2174 1235 2223 1288 per
2251 1223 2493 1290 concupiscentiam
2511 1227 2557 1278 bo

566 1319 618 1374 669
638 1317 672 1388 64
1244 1315 1272 1368 64
1294 1313 1444 1366 -111614446
1461 1311 1560 1366 diaboli
1577 1313 1670 1368 babuit
1688 1313 1807 1376 initium,
1829 1325 1880 1366 nec
1917 1323 2025 1374 norum,
2045 1311 2209 1378 divitiarum,
2229 1313 2393 1378 voluptatum
2406 1301 2466 1364 Ι617
2486 1313 2501 1364 6
2518 1343 2557 1352 ·-

623 1433 656 1448 ··
674 1405 743 1458 insto
761 1405 858 1460 iudicio
887 1407 934 1460 dat
958 1407 1101 1474 aliquando
1124 1407 1206 1460 malos
1244 1403 1276 1456 ab
1294 1401 1368 1456 initio
1388 1403 1468 1456 factus
1488 1405 1526 1454 εει
1546 1403 1632 1456 maius
1654 1417 1670 1456 a
1691 1417 1733 1470 se,
1756 1403 1806 1456 sed
1830 1407 1880 1454 sta·
1917 1399 1979 1466 quia
1997 1397 2122 1452 deorsum
2140 1397 2244 1466 cecidit,
2255 1397 2367 1454 libenter
2377 1415 2472 1454 omnes
2483 1399 2557 1454 deor·

566 1497 698 1564 praelatos
719 1493 802 1548 9181
825 1511 854 1551 v.
876 1495 891 1550 4
908 1509 1012 1562 -ρει
1028 1497 1113 1548 ntalos
1133 1495 1206 1548 mini·
1243 1491 1288 1544 tint
1308 1497 1368 1558 post
1385 1491 1488 1544 initium
1506 1491 1559 1544 368
1582 1491 1618 1544 70
1643 1519 1678 1532 ·-
1699 1493 1781 1544 Parva
1805 1505 1879 1544 mora
1917 1501 1977 1540 sum
1995 1489 2109 1540 traheret
2128 1487 2225 1540 91194
2248 1489 2277 1542 49
2299 1515 2333 1556 ς·
2354 1493 2478 1556 procurat
2495 1501 2556 1554 pec·

513 1617 516 1622 -
566 1591 634 1640 stros
650 1583 732 1636 multe
752 1583 822 1638 bona
838 1583 932 1650 implet
950 1583 1002 1636 499
1020 1583 1056 1636 76
1076 1581 1104 1650 3*
1243 1579 1289 1634 4644
1306 1581 1374 1634 inter
1391 1579 1449 1634 eius
1465 1579 1627 1634 creationem
1644 1585 1673 1634 et
1689 1580 1793 1646 lapsum
1816 1577 1880 1636 ibid.
1917 1583 2034 1628 catorum
2054 1573 2203 1628 occasiones
2222 1577 2255 1630 Vl
2278 1577 2312 1630 78
2342 1593 2370 1632 v.
2389 1577 2424 1630 45
2442 1605 2481 1628 -,·-
2497 1589 2556 1642 per·

620 1701 654 1730 -,·
674 1673 812 1726 consuevit
828 1671 983 1738 impendere
1002 1671 1129 1724 beneficia
1143 1675 1206 1724 tent·
1295 1697 1331 1706 -
1348 1669 1497 1722 Daemones
1512 1667 1659 1734 perduntur
1687 1675 1795 1736 propter
1822 1681 1881 1736 pec·
1919 1667 1984 1718 fecte
2001 1661 2106 1716 obsidet
2128 1661 2290 1730 implicando
2315 1667 2433 1720 animam
2451 1667 2478 1718 in
2496 1677 2556 1730 pec·

568 1775 633 1828 pore
650 1757 743 1812 festivo
761 1759 794 1814 91
814 1761 866 1814 393
887 1761 900 1812 9
1243 1761 1330 1810 catum
1346 1757 1488 1824 superbiae
1506 1755 1540 1810 ab
1559 1757 1632 1810 initio
1649 1763 1677 1810 et
1694 1763 1804 1824 propter
1821 1773 1881 1824 pec·
1918 1761 2005 1808 catum
2022 1751 2084 1806 ibid.

622 1851 766 1904 Davonarto
783 1877 820 1890 ···
836 1847 969 1918 bonorum
997 1849 1142 1902 alienorum
1165 1861 1207 1902 re·
1244 1849 1300 1908 cata
1318 1845 1489 1912 superaddita
1511 1845 1539 1898 in
1566 1851 1683 1900 extremo
1708 1845 1809 1900 iudicio
1835 1847 1879 1900 944
1969 1871 2005 1882 -
2023 1841 2155 1896 16646464
2174 1841 2360 1908 decipiendum
2378 1843 2480 1898 91497
2497 1843 2555 1904 tud

567 1935 750 2004 prehensibilis
785 1943 825 1992 est
854 1943 963 2006 propter
993 1937 1132 1990 avaritiam
1160 1937 1206 1992 911
1245 1935 1294 1988 496
1314 1935 1347 1988 73
1366 1963 1400 1974 -
1421 1935 1518 1988 corruit
1529 1933 1757 2000 sempiternaliter,
1769 1935 1880 1990 totaliter
1916 1961 1952 1972 -
1970 1947 2022 1986 non
2042 1935 2122 1984 tentat
2138 1931 2263 1998 aliquem,
2282 1931 2333 1982 nisi
2354 1933 2554 1998 utvincatnon

568 2027 622 2080 619
641 2025 675 2078 66
829 2023 831 2030 ’
1244 2029 1269 2078 et
1286 2023 1524 2090 irrecuperabiliter
1550 2025 1600 2078 993
1628 2021 1660 2076 49
1680 2051 1715 2064 ·-
1735 2025 1880 2078 Daemones
1919 2027 1946 2076 ut
1963 2023 2082 2074 vincatur
2103 2019 2135 2072 87
2155 2021 2211 2088 q.i
2235 2047 2270 2070 ,-,-
2290 2019 2310 2072 si
2323 2021 2491 2086 cognovisset
2508 2033 2556 2084 pa·

621 2115 732 2168 Davorto
752 2143 786 2156 -
806 2121 845 2170 est
864 2117 963 2168 frustm
981 2117 1089 2184 spiritus
1106 2117 1140 2170 Vt
1154 2117 1205 2170 163
1244 2111 1426 2180 superbientes
1444 2111 1577 2168 definitive
1597 2111 1704 2178 proiecti
1724 2113 1879 2168 suntaDeo
1918 2111 2034 2166 tientiam
2054 2107 2107 2174 iob,
2125 2123 2261 2178 nunquam
2282 2123 2343 2162 eum
2357 2113 2482 2162 tentasset
2492 2105 2555 2162 ibid.

569 2219 595 2258 ι.
615 2205 631 2258 9
650 2231 687 2244 -
704 2203 804 2258 interna
824 2209 864 2260 est
881 2207 958 2274 quasi
986 2207 1082 2260 batmor
1099 2211 1127 2260 et
1143 2205 1206 2258 viri·
1244 2203 1275 2256 33
1305 2203 1338 2254 97
1366 2201 1400 2244 ·’-
1430 2203 1559 2270 Origenes
1584 2203 1648 2258 falso
1678 2201 1782 2270 docuit,
1808 2201 1880 2256 Clari-
1917 2227 1953 2242 ···
1971 2215 2024 2254 non
2044 2201 2113 2266 capit
2129 2199 2179 2252 nisi
2196 2211 2339 2264 perversos
2358 2199 2400 2276 911
2419 2195 2471 2252 659
2486 2195 2518 2248 49

569 2293 637 2348 ditas
656 2291 708 2346 995
725 2307 753 2362 n,
771 2297 786 2348 3
806 2323 842 2332 -
860 2301 900 2348 εει
917 2295 993 2364 quasi
1011 2295 1146 2364 quoddam
1166 2295 1206 2348 vi·
1244 2297 1312 2344 stum
1330 2305 1380 2356 pro
1397 2291 1576 2358 daemonibus
1592 2291 1621 2342 in
1638 2291 1698 2344 6466
1711 2291 1742 2342 46
1758 2291 1811 2344 tine
1822 2303 1879 2344 esse
1970 2315 2006 2330 ·-
2022 2289 2133 2342 libenter
2153 2285 2261 2342 destruit
2279 2285 2409 2354 principia
2422 2285 2555 2350 bonitatis,

568 2395 633 2436 num
650 2381 752 2448 gratiae
770 2383 822 2438 647
840 2383 858 2438 6
878 2411 912 2422 -
931 2385 1032 2438 iuterna
1058 2387 1096 2438 εει
1115 2383 1206 2438 vinum
1244 2393 1399 2446 passurum,
1428 2385 1452 2432 et
1475 2381 1512 2432 sic
1540 2393 1585 2434 eos
1613 2380 1668 2432 fore
1685 2381 1827 2434 salvandos
1847 2381 1878 2432 91
1918 2377 1981 2444 quia
1998 2375 2555 2432 1664466666666666161491119448-

538 2513 539 2516 .
569 2471 710 2526 1664496666
729 2471 775 2526 971
801 2473 833 2526 13
853 2501 889 2514 -
907 2473 993 2528 94666
1020 2473 1149 2540 significat
1174 2475 1207 2528 af·
1246 2471 1296 2524 498
1314 2483 1340 2522 v.
1361 2471 1393 2522 49
1917 2447 1981 2518 Ι44611
2006 2465 2110 2532 quaerit
2135 2465 2187 2520 nisi
2214 2471 2328 2520 nostram
2359 2463 2555 2520 damnationem

569 2561 694 2614 lectiones
720 2561 870 2618 devotionis
896 2563 931 2616 99
959 2579 989 2616 v.
1015 2565 1086 2616 8-
1105 2567 1143 2616 est
1162 2577 1207 2616 un·
1298 2587 1332 2598 ···
1350 2559 1511 2624 significatus
1530 2559 1577 2612 fuit
1595 2573 1644 2624 per
1663 2563 1773 2612 statuam
1788 2559 1880 2612 Danie-
1918 2561 2043 2622 nuquam
2063 2555 2122 2606 ‘iam
2147 2555 2288 2610 damnatus
2305 2555 2368 2610 ibid.
2394 2583 2430 2594 -
2453 2551 2555 2606 Diaboli

569 2655 696 2714 gerentum
723 2651 873 2716 spirituale,
896 2667 951 2720 quo
980 2651 1103 2718 perungit
1122 2651 1207 2704 animo
1245 2647 1276 2700 lis
1296 2647 1328 2700 94
1347 2647 1398 2700 663
1422 2647 1437 2700 4
1464 2647 1582 2714 -quia
1607 2647 1761 2700 adversatur
1788 2645 1879 2708 nobis,
1918 2641 2076 2696 desiderium
2097 2657 2201 2708 semper
2214 2649 2253 2696 est
2264 2645 2300 2698 ad
2312 2643 2492 2697 seductionem
2510 2639 2556 2696 bo·
2639 2645 2640 2648 ’

571 2741 652 2790 totum
683 2737 815 2792 Christum
842 2741 893 2792 693
923 2755 951 2792 v.
968 2741 984 2792 3
1004 2769 1039 2780 -
1058 2741 1158 2792 interna
1178 2739 1208 2792 si·
1246 2735 1306 2786 ideo
1324 2735 1420 2788 dicitur
1445 2741 1551 2804 satanas
1575 2735 1691 2786 911669
1712 2733 1880 2786 49-966·
1917 2741 2021 2792 norum,
2041 2735 2286 2796 quantumcumque
2298 2729 2332 2784 ab
2346 2729 2402 2782 aliis
2414 2731 2556 2796 expellatur

571 2825 708 2890 gnificatur
727 2841 776 2892 per
793 2829 950 2882 suavitatem
963 2825 1092 2892 unguenti
1104 2825 1138 2878 79
1151 2825 1202 2878 v.l
1246 2837 1338 2876 mones
1365 2827 1494 2876 vocantur
1519 2835 1583 2874 aves
1610 2823 1674 2874 coeli
1700 2823 1743 2874 vel
1771 2825 1880 2886 propter
1919 2815 1970 2866 994
1998 2815 2033 2866 52
2051 2843 2086 2854 ···
2105 2815 2220 2868 19499919
2245 2817 2484 2882 490994194194908
2508 2819 2556 2886 91ιὶ

537 2965 540 2968 .
568 2939 606 2954 ·-
624 2915 776 2978 exprimitur
794 2915 822 2968 46
849 2919 986 2978 unguento
1009 2915 1091 2966 effuso
1112 2911 1163 2966 419
1184 2915 1206 2964 3,
1246 2925 1320 2964 suam
1338 2911 1504 2964 velocitatem
1521 2909 1566 2962 vel
1583 2915 1692 2974 propter
1709 2909 1879 2974 rapacitatem
1919 2901 2010 2956 vivunt
2030 2901 2055 2954 in
2072 2903 2223 2955 austeritate
2241 2903 2310 2958 vitae
2330 2905 2364 2958 96
2383 2903 2418 2956 94
2527 2933 2528 2936 =

570 2999 622 3054 419
642 3001 676 3054 49
693 3027 730 3040 -
758 3001 898 3054 laetificans
922 2999 1076 3064 designatur
1100 3013 1149 3064 per
1168 3013 1207 3052 ae·
1247 2995 1906 3052 9187ι.99-*9661666664169416614666ι6·
1971 3017 2005 3030 ·—
2024 2991 2124 3044 inducit
2147 2991 2175 3044 in
2198 2993 2295 3046 mentis
2318 2993 2500 3048 alienationem
2522 2995 2555 3048 94

569 3095 639 3142 stum
660 3089 703 3142 914
732 3089 782 3142 334
813 3089 846 3140 83
866 3117 900 3128 -·
929 3089 1081 3142 Deuotionis
1100 3087 1206 3152 signum
1245 3085 1508 3152 caliginosoibid.'-
1520 3083 1880 3152 Daemonesdeprebendnnt
1919 3079 1969 3132 369
1988 3077 2022 3132 73
2037 3107 2075 3134 ,·-
2095 3079 2185 3132 Aufert
2203 3095 2309 3134 sensum
2329 3083 2367 3136 eis
2384 3095 2454 3150 quos
2473 3083 2555 3148 possi·

569 3181 609 3230 est
628 3179 743 3230 sternere
769 3177 927 3230 vestimenta
947 3175 999 3230 499
1018 3175 1053 3230 64
1070 3203 1106 3212 -
1125 3175 1206 3230 Devo
1244 3181 1269 3230 et
1295 3179 1456 3242 cognoscunt
1485 3175 1539 3230 illas
1565 3173 1737 3242 cogitationes
1763 3179 1879 3242 nostras,
1919 3167 2138 3232 indiuiduitate
2158 3181 2248 3222 cortun
2268 3173 2429 3226 tuentctht
2449 3173 2499 3224 996
2521 3173 2555 3236 69

569 3263 647 3316 bonis
676 3263 781 3338 signum
811 3269 850 3318 ost
878 3265 990 3318 elevatio
1016 3263 1154 3318 oculorum
1173 3263 1206 3328 94
1243 3279 1313 3332 quae
1335 3279 1384 3332 ρει
1410 3263 1485 3330 signa
1509 3263 1708 3318 manifestantur
1729 3261 1761 3320 44.
1782 3263 1839 3332 ql
1917 3287 1952 3296 -
1971 3259 2055 3310 tilieti
2078 3257 2106 3308 ili
2132 3257 2239 3310 h0tssine
2267 3259 2398 3326 triplicem,
2423 3261 2554 3328 loquelam

567 3349 654 3422 4679
1296 3381 1330 3396 ···
1354 3353 1449 3408 invidit
1478 3353 1589 3408 felicitati
1616 3353 1762 3422 primorum
1791 3365 1881 3418 paren·
1919 3347 1971 3400 989
1988 3345 2023 3398 39
2042 3373 2077 3386 ·-·
2096 3351 2224 3412 potestate
2240 3355 2349 3414 accepta
2366 3363 2474 3414 semper
2491 3349 2556 3404 inci·

621 3467 657 3476 -
675 3441 792 3494 Dulcedo
810 3441 960 3494 devotionis
988 3441 1070 3494 oritur
1088 3455 1119 3494 cx
1136 3455 1206 3494 com·
1244 3449 1299 3496 tum
1318 3443 1351 3498 94
1372 3445 1422 3496 496
1437 3457 1463 3496 v.
1478 3443 1639 3496 96-4416ιε
1652 3443 1757 3496 intravit
1770 3443 1798 3494 in
1809 3444 1880 3495 bunc
1919 3441 1953 3490 tat
1973 3437 2106 3488 bominem
2122 3425 2159 3488 {td
2181 3443 2291 3500 peccata
2316 3437 2369 3490 399
2396 3437 2429 3490 97
2451 3453 2554 3506 -per

568 3527 710 3594 punctione
729 3529 762 3582 94
782 3529 829 3584 974
864 3531 895 3584 43
914 3559 950 3568 ··-
968 3525 1052 3584 oritur
1069 3543 1101 3582 ex
1124 3531 1206 3584 consi·
1243 3529 1372 3582 mundum
1390 3545 1439 3594 ρει
1457 3527 1593 3582 diabolum
1613 3535 1800 3596 suggerentem
1817 3525 1881 3582 ibide
1918 3525 2094 3580 carnalitatem
2111 3525 2231 3592 inquiunt
2252 3527 2350 3580 multos
2367 3525 2429 3580 ibid.
2448 3555 2484 3566 -
2508 3531 2554 3580 ba·

457 3605 460 3614 ’
568 3617 701 3670 deratione
719 3617 851 3672 dilationis
869 3617 980 3684 praemii
993 3617 1026 3672 91
1046 3617 1098 3670 399
1118 3617 1146 3670 tt
1170 3647 1205 3656 -
1242 3617 1390 3672 -occidit
1410 3617 1524 3684 primum
1544 3617 1679 3670 bominem
1701 3607 1879 3682 promittendo
1918 3613 1962 3668 bet
1979 3603 2165 3666 6149646646
2182 3627 2220 3680 se,
2238 3615 2416 3668 carnalitatem
2435 3615 2557 3680 suggerit

568 3705 718 3758 Deuotionis
742 3713 907 3770 uugttontum
936 3707 1072 3760 conficitur
1100 3719 1130 3758 ει
1148 3719 1205 3772 ερε·
1243 3707 1370 3758 vitam-et
1385 3707 1508 3772 negando
1528 3713 1639 3758 mortem
1659 3707 1710 3758 366
1731 3707 1757 3758 64
1918 3703 1944 3756 46
1964 3701 2020 3756 allis
2039 3701 2100 3756 ibid.
2136 3759 2137 3764 ,

566 3881 937 3938 6166664614691166679
1244 3887 1334 3950 spectu
1355 3885 1457 3950 generis
1477 3885 1584 3936 humani
1605 3885 1719 3938 911-996
1740 3885 1773 3938 69
1794 3913 1827 3922 -
1842 3891 1880 3938 εει
1918 3879 2010 3934 56944
2029 3909 2061 3920 ·—
2081 3879 2175 3946 intttgtt
2197 3881 2296 3932 bomini
2313 3895 2427 3946 poenam
2448 3883 2480 3934 94
2503 3881 2554 3934 489

620 3973 786 4038 -perfecta
808 3973 1012 4040 facitquaerere
1038 3979 1062 4026 et
1085 3973 1205 4056 ⁴detinere
1244 3971 1374 4026 bomicida
1393 3971 1517 4026 69464116
1538 3971 1641 4038 generis
1661 3973 1878 4028 1161666491366
1919 3971 1989 4022 8-
2005 3971 2132 4022 Daemon't
2160 3971 2281 4022 solatium
2308 3977 2349 4026 εει
2366 3971 2488 4024 obsidere
2508 3973 2554 4024 ho-

567 4059 763 4114 inventumlflt
783 4061 828 4116 414
855 4061 888 4114 96
907 4091 943 4104 -
960 4063 1100 4116 Devotioni
1118 4063 1205 4116 iuncta
1244 4061 1288 4116 61.
1306 4061 1358 4114 368
1370 4061 1502 4116 79-εει
1514 4061 1623 4116 coluber
1634 4063 1758 4116 mordens
1778 4063 1809 4114 83
1823 4063 1878 4116 v.8
1917 4059 2016 4112 minem
2030 4063 2054 4112 et
2071 4063 2232 4112 tormentum
2249 4059 2372 4112 exbibete
2386 4061 2430 4122 914
2448 4061 2499 4112 993
2520 4061 2554 4112 69

460 4215 461 4220 ι
566 4153 607 4204 εει
624 4149 738 4202 visitatio
755 4151 859 4204 Domini
877 4151 930 4204 367
947 4151 984 4206 76
1243 4175 1278 4190 -
1297 4151 1368 4204 venit
1391 4165 1439 4218 ρει
1463 4151 1646 4216 suggestiones
1673 4151 1707 4202 78
1733 4167 1760 4220 ι.
1785 4151 1817 4204 45
1845 4179 1880 4192 -
1916 4149 2124 4202 -deteotantur
2143 4147 2301 4214 inpeccatis
2321 4151 2371 4202 399
2393 4147 2429 4202 97

620 4265 657 4280 -·
675 4241 745 4292 lavat
755 4243 873 4296 animam
884 4243 919 4296 94
932 4241 983 4294 599
996 4257 1023 4296 v.
1038 4241 1205 4294 ti-mentis
1242 4239 1319 4292 intrat
1338 4241 1364 4294 in
1382 4241 1497 4292 animam
1514 4241 1684 4306 suggerendo
1705 4241 1755 4292 433
1778 4241 1809 4294 43
1830 4239 1860 4294 3*
1970 4265 2004 4276 -
2024 4251 2097 4292 suom
2116 4243 2195 4290 vocat
2213 4237 2338 4304 donnum,
2356 4253 2388 4302 ειι
2414 4253 2468 4304 qua
2486 4253 2553 4292 non·

566 4327 627 4382 facit
638 4329 825 4396 transmigrare
837 4331 865 4384 in
878 4337 995 4384 montem
1007 4331 1111 4384 Domini
1124 4331 1204 4382 6466
1295 4355 1330 4368 -
1349 4329 1444 4382 dicitur
1463 4343 1608 4394 suggerere
1625 4331 1669 4382 vel
1687 4329 1827 4383 incendere
1846 4329 1878 4382 94
1917 4325 2076 4390 dumplene
2095 4325 2337 4390 expulsnsfuerat,
2358 4323 2499 4378 etiterum
2517 4337 2555 4376 re·
2665 4349 2667 4360 v

566 4445 603 4456 -
623 4415 722 4472 interna
748 4423 865 4472 aufertur
888 4433 903 4472 a
931 4421 1031 4472 tristitia
1057 4421 1125 4472 mala
1153 4419 1203 4472 697
1243 4415 1348 4470 49714
1367 4415 1396 4470 9*
1415 4445 1448 4458 -··
1467 4421 1569 4472 6666146
1596 4417 1716 4484 suggerit
1741 4421 1879 4484 peccatum
1916 4413 1955 4466 dit
1973 4413 2016 4466 944
2036 4411 2088 4466 994
2107 4413 2141 4466 63
2159 4441 2194 4450 ··-
2214 4415 2312 4466 Domus
2332 4413 2389 4466 eius
2407 4417 2446 4478 est
2464 4427 2554 4478 pecca·

566 4523 594 4560 v.
614 4507 647 4560 99
666 4535 700 4546 -·
721 4509 818 4562 Sensus
836 4509 924 4562 delicit
942 4515 1052 4576 propter
1070 4507 1204 4562 inconsue-
1242 4505 1290 4558 994
1313 4519 1341 4560 ι.
1361 4505 1392 4558 48
1415 4535 1446 4544 -
1466 4505 1584 4574 suggerit
1601 4505 1688 4562 omnia
1707 4511 1813 4574 peccata
1827 4505 1878 4558 368
1917 4505 1957 4556 tor
1974 4499 2037 4556 ibid.
2055 4529 2092 4542 -
2108 4499 2227 4554 ambulat
2243 4515 2292 4568 ρει
2309 4503 2365 4556 1666
2379 4503 2490 4568 deserta,
2510 4515 2554 4556 vo·

566 4597 684 4652 tudinem
709 4597 858 4652 deuotionis
880 4599 933 4652 566
956 4601 1026 4652 5-—
1047 4601 1143 4652 Sensus
1163 4599 1205 4652 de·
1243 4595 1331 4646 68-
1350 4597 1431 4650 malas
1449 4595 1621 4662 cogitationes
1644 4595 1758 4650 immittit
1784 4609 1879 4662 sugge-
1915 4591 1971 4646 lens
1988 4589 2016 4642 in
2034 4589 2082 4644 illis
2095 4589 2218 4644 umbram
2230 4589 2406 4658 negligentiae
2417 4597 2442 4644 et
2456 4593 2552 4644 fontem

566 4685 681 4740 notionis
699 4684 822 4754 ligatura
840 4703 933 4742 somno
952 4689 1047 4754 culpae
1065 4687 1118 4742 687
1130 4701 1157 4740 v.
1172 4687 1199 4742 14
1242 4683 1325 4738 nendo
1344 4697 1392 4752 per
1412 4685 1574 4740 occasionem
1596 4685 1647 4738 497
1667 4685 1699 4738 44
1713 4685 1878 4750 -estprin-
1916 4681 2090 4734 contumeliae
2108 4679 2247 4746 fabricare,
2267 4685 2295 4734 ut
2324 4679 2360 4734 ibi
2380 4679 2463 4748 possit
2480 4679 2552 4748 quie·

565 4803 603 4814 -
620 4775 734 4830 amissio
752 4783 847 4844 gustus
873 4777 1023 4832 devotionis
1043 4781 1081 4832 est
1100 4779 1205 4844 signum
1243 4773 1342 4840 cipium
1370 4775 1490 4828 omnium
1510 4781 1680 4840 peccatorum
1709 4787 1756 4842 ρει
1785 4787 1878 4840 sugge·
1915 4785 1989 4826 scere
2006 4769 2040 4826 ib.
2059 4769 2094 4822 69
2111 4799 2149 4808 -
2167 4785 2219 4822 non
2246 4769 2357 4838 quiescit
2374 4769 2422 4824 nisi
2452 4769 2478 4822 in
2507 4769 2553 4836 eis,
2600 4783 2601 4790 ¹

566 4867 660 4932 mortis
677 4865 816 4932 spiritualis
836 4867 886 4922 668
907 4883 934 4922 v.
953 4865 987 4920 47
1003 4897 1042 4906 -
1058 4871 1206 4934 Recupera·
1242 4863 1353 4916 stionem
1371 4869 1399 4916 et
1422 4863 1630 4928 occasionaliter,
1650 4875 1825 4930 non'semper
1844 4865 1879 4916 ef·
1915 4859 1941 4912 in
1961 4859 2056 4928 quibus
2072 4859 2171 4912 invenit
2188 4861 2309 4914 defluxus
2333 4859 2552 4924 concupiscentia·

567 4955 605 5010 tio
623 4961 717 5020 gustus
735 4955 882 5010 devotionis
902 4961 940 5010 εει
952 4957 1059 5024 signum
1071 4957 1141 5010 vitae
1155 4959 1205 5024 spi·
1242 4953 1337 5006 fective
1355 4955 1408 5006 368
1426 4951 1455 5006 74
1915 4963 1974 5000 rum
1993 4947 2054 5002 4944.
2073 4977 2109 4988 -
2126 4961 2179 5002 666
2198 4949 2340 5014 requiescit
2356 4949 2384 5000 in
2402 4947 2498 5000 sanctis
2516 4945 2553 4998 vi·

566 5045 667 5098 ritualia
686 5045 738 5098 569
756 5061 783 5098 ιι.
803 5045 837 5098 47
1290 5039 1330 5078 ’-
1349 5041 1436 5108 arguit
1454 5041 1589 5096 hominem
1613 5039 1755 5108 sophistice
1781 5041 1813 5094 ad
1842 5053 1878 5102 se·
1914 5037 1960 5100 ris,
1978 5035 2121 5090 attttctts'at
2141 5039 2292 5102 maceratis,
2312 5035 2358 5090 sed
2378 5035 2412 5088 ab
2430 5037 2469 5090 eis
2487 5035 2553 5102 fugit

620 5159 656 5174 ·-
674 5135 744 5186 Deus
762 5135 895 5188 invenitur
914 5141 1023 5202 propter
1036 5135 1211 5188 devotionem
1241 5127 1393 5182 ducendum
1412 5129 1445 5180 94
1466 5129 1515 5180 696
1536 5145 1562 5182 ι.
1582 5131 1597 5182 8
1615 5155 1653 5170 ···
1673 5129 1762 5194 arguit
1779 5129 1812 5180 ad
1842 5141 1878 5180 se·
1914 5123 1976 5178 4944.

566 5223 688 5284 affectius,
707 5229 817 5286 apparet
835 5237 887 5288 ρει
903 5221 1150 5288 contemplationem
1168 5223 1205 5274 in·
1241 5215 1392 5268 ducendum
1412 5213 1566 5282 decipiendo
1585 5231 1632 5282 ρει
1645 5215 1841 5280 suggestionem
1853 5219 1878 5266 ει
1967 5239 2003 5252 ····
2021 5225 2073 5264 non
2091 5213 2247 5276 permittitur
2261 5213 2427 5268 malefacere
2441 5213 2489 5266 nisi
2503 5227 2553 5280 pro

564 5308 1203 5364 46966463914466,9-44660446664646666
1241 5315 1290 5368 per
1307 5299 1672 5378 4666166616661666464944.
1689 5309 1878 5356 -εειεεειι-
1915 5305 2034 5366 tempore
2051 5303 2096 5364 911
2123 5301 2157 5354 95
2181 5303 2217 5354 96
2234 5327 2271 5342 -··
2293 5315 2347 5354 666
2366 5307 2454 5368 ροιεει
2470 5315 2551 5372 ειιρει

565 5403 675 5450 vaootnt·
693 5399 907 5464 contemplationi
924 5399 959 5452 75
979 5413 1005 5450 v.
1022 5399 1102 5450 444-
1118 5399 1205 5450 Davo·
1241 5399 1310 5462 sator
1331 5391 1444 5444 bominis
1465 5391 1497 5442 87
1509 5405 1538 5444 u.
1550 5393 1584 5444 99
1598 5419 1632 5432 ·—
1646 5395 1750 5444 accusat
1763 5391 1877 5444 animam
1916 5389 2049 5444 bominem
2069 5391 2223 5458 ascendere,
2248 5391 2298 5444 nisi
2327 5395 2406 5446 bomo
2425 5393 2451 5446 ei
2468 5393 2552 5458 proci·

566 5485 1197 5552 446646ιεινειε6664616646εερ466416436691
1241 5479 1416 5542 peccatricem
1434 5479 1486 5534 673
1505 5481 1529 5544 3Ι
1541 5507 1578 5518 -·
1595 5495 1627 5534 ex
1655 5479 1818 5546 malignitate
1839 5493 1878 5542 ac·
1915 5477 1961 5532 dat
1977 5479 2122 5534 voluntarie
2142 5481 2173 5532 99
2195 5481 2228 5534 46
2246 5509 2282 5528 ,-
2295 5495 2349 5534 666
2368 5481 2448 5536 babet
2465 5495 2553 5548 posse,

618 5601 654 5630 ,-,-
672 5573 791 5628 Claristus
808 5573 881 5628 dedit
893 5575 1044 5640 exemplum
1057 5573 1205 5628 devotionis
1242 5575 1330 5636 cusat,
1358 5573 1383 5622 et
1411 5569 1471 5622 ideo
1498 5573 1538 5624 est
1560 5567 1647 5634 magis
1673 5569 1878 5634 prosternendus
1914 5567 1964 5622 nisi
1980 5575 2108 5636 quantum
2128 5575 2250 5636 peccator
2270 5571 2292 5624 ei
2311 5573 2356 5624 dat
2374 5585 2405 5624 ει
2417 5583 2490 5624 mera
2504 5585 2555 5624 vo,

565 5663 672 5714 91618
691 5663 707 5712 3
727 5663 880 5716 -e-interna
909 5663 1054 5718 necessaria
1079 5667 1118 5714 εει
1141 5663 1206 5714 viris
1241 5671 1322 5726 quam
1343 5657 1488 5712 audiendus
1508 5657 1558 5712 674
1580 5671 1648 5710 6-
1665 5657 1812 5712 Daemones
1836 5671 1879 5712 ac·
1914 5657 2012 5712 4661646
2029 5659 2082 5712 399
2099 5659 2134 5712 97
2151 5689 2186 5698 -
2207 5659 2269 5714 nibil
2286 5659 2387 5714 bomini
2404 5663 2490 5724 66664,
2503 5659 2552 5714 nisi

565 5749 777 5814 contemplativis
794 5749 830 5804 74
856 5765 884 5804 u.
911 5751 948 5802 49,
971 5779 1006 5792 -
1025 5753 1110 5804 Homo
1127 5753 1205 5818 spiri.
1242 5751 1335 5800 cusani
1361 5749 1522 5800 volmtntem
1546 5753 1662 5802 nostram
1685 5747 1721 5802 87
1748 5763 1776 5816 q.
1803 5751 1820 5802 9
1843 5775 1878 5788 -
1914 5749 1994 5800 bomo
2014 5747 2155 5816 acquiescit
2172 5749 2208 5802 94
2232 5749 2284 5804 447
2303 5765 2331 5804 v.
2349 5751 2383 5802 l3
2402 5777 2436 5788 -
2460 5755 2553 5816 regnat

566 5837 643 5892 tualis
662 5837 741 5892 debet
758 5839 823 5904 ungi
842 5839 984 5894 devotione
995 5841 1092 5894 montis
1105 5841 1136 5894 od
1160 5843 1206 5898 do
1241 5837 1389 5890 Daemones
1405 5851 1459 5890 non
1476 5839 1593 5890 referunt
1609 5837 1664 5890 Deo
1688 5843 1814 5906 tanquam
1842 5837 1879 5890 di·
1914 5851 1963 5904 ρει
1979 5837 2091 5890 liberum
2109 5851 2212 5902 pravae
2225 5837 2368 5894 voluntatis
2387 5853 2553 5908 consensum,

564 5939 656 5980 eorem
674 5927 726 5978 649
744 5941 772 5982 v.
791 5927 819 5982 41
1241 5927 1335 5994 stanti,
1352 5927 1401 5978 sed
1426 5933 1551 5994 tanquam
1580 5927 1661 5980 iudici
1679 5925 1741 5980 ibid.
1759 5953 1795 5980 —·
1813 5927 1880 5978 Dae·
1914 5927 2277 5994 nonpronriavirtutetui
2296 5927 2331 5980 14
2350 5927 2432 5980 9·-
2451 5933 2490 5982 est
2510 5929 2553 5980 lto·

618 6021 702 6068 -ut
720 6017 753 6070 sit
771 6017 826 6072 Deo
844 6023 960 6086 accepta,
979 6019 1139 6074 concurrunt
1153 6035 1206 6072 ma·
1241 6029 1336 6068 mones
1353 6029 1383 6068 ex
1403 6017 1488 6069 694646
1501 6017 1570 6068 mala
1583 6015 1724 6074 observant
1735 6021 1761 6070 et
1773 6017 1879 6070 damna·
1914 6017 1961 6068 stis
1977 6015 2073 6068 debitis
2091 6027 2180 6068 contra
2201 6017 2348 6072 resistentes
2366 6015 2429 6070 4444.

563 6119 616 6158 nus
633 6105 785 6176 operando,
802 6107 892 6174 lingua
911 6109 1055 6172 laudando,
1074 6123 1151 6162 mens
1167 6123 1206 6162 re·
1241 6105 1340 6158 tionem
1364 6111 1507 6170 procurant
1534 6103 1598 6170 itio,
1613 6133 1650 6146 -
1667 6105 1813 6158 Daemones
1841 6103 1878 6158 di·
1968 6133 2002 6146 -·
2022 6119 2074 6158 666
2091 6111 2177 6170 ροιεει
2195 6109 2294 6158 tentare
2308 6107 2466 6172 ultraquam
2480 6105 2552 6158 Deus

566 6197 707 6250 6444166646,
734 6197 777 6250 911
802 6197 835 6250 63
862 6197 890 6250 44
919 6227 955 6238 -
980 6197 1089 6252 Devotio
1112 6197 1205 6266 populi
1241 6201 1338 6248 cuntur
1354 6195 1410 6248 Deo
1436 6199 1542 6260 portare
1566 6195 1659 6248 merita
1676 6195 1744 6248 mala
1763 6191 1825 6270 ibid.
1843 6219 1878 6252 -.,·
1915 6193 2040 6260 permittit
2057 6196 2090 6248 91
2109 6193 2161 6246 393
2180 6191 2333 6258 65-666
2348 6197 2435 6258 ροιεει
2453 6199 2553 6248 tenure

565 6299 630 6352 erga
659 6285 791 6340 Christum
815 6289 1019 6342 comanendatur
1046 6287 1092 6340 144
1116 6287 1206 6342 aa-
1241 6285 1389 6338 Daemones
1408 6283 1532 6338 malitiam
1550 6289 1665 6338 nostram
1679 6287 1842 6348 cognoscunt
1853 6289 1879 6338 ει
1913 6283 1965 6338 nisi
1982 6285 2037 6336 Deo
2055 6283 2222 6350 permittente
2241 6283 2285 6338 911
2304 6285 2355 6338 669
2376 6283 2409 6336 49
2428 6313 2464 6322 -
2482 6285 2553 6338 Deus

565 6375 747 6428 manifestatur
775 6377 801 6430 46
827 6377 980 6430 adoratione
1007 6383 1034 6430 ει
1058 6377 1137 6430 16646
1163 6375 1206 6428 914
1242 6375 1427 6440 cognoscendo
1454 6377 1641 6428 „memorantur
1658 6377 1684 6426 ει
1712 6359 1792 6426 ιεειεε
1817 6379 1878 6428 6664
1913 6387 1963 6440 ρει
1979 6371 2114 6425 diabolum
2135 6371 2228 6438 probat
2242 6371 2350 6428 Sanctus
2364 6375 2397 6428 91
2410 6371 2461 6428 499
2474 6373 2511 6428 76
2523 6371 2553 6428 3*

537 6481 540 6488 ·
566 6465 671 6518 14996
827 6471 830 6476 “
1208 6523 1210 6526 ,
1241 6461 1304 6516 4944.
1323 6491 1358 6500 -
1376 6467 1416 6516 est
1433 6467 1545 6530 exactor,
1562 6461 1708 6530 qui'exigit
1725 6475 1780 6528 pro,
1799 6465 1878 6528 culpa
1916 6489 1950 6500 ···
1968 6461 2095 6514 Dominus
2113 6459 2224 6514 diabolis
2237 6461 2305 6516 iusto
2318 6461 2415 6516 iudicio
2428 6463 2555 6530 perurittit

621 6553 743 6606 sznnna
762 6583 798 6592 —-
815 6555 946 6620 significat
966 6553 1035 6608 bona
1054 6551 1136 6606 9179
1150 6553 1205 6606 69
1241 6563 1356 6614 ροερειιι
1375 6551 1527 6604 infernalem
1545 6551 1660 6604 911336
1679 6551 1713 6602 86
1914 6551 1995 6604 multa
2015 6551 2058 6602 911
2072 6547 2124 6602 994
2138 6549 2169 6602 66
2183 6575 2219 6590 ···
2231 6563 2337 6618 semper
2348 6551 2480 6606 desiderat
2493 6565 2554 6618 per-

499 6697 501 6708 ,
563 6667 603 6682 -
620 6641 666 6694 464
690 6641 834 6708 intelligere
851 6641 922 6696 bona
941 6647 1045 6696 aetema
1070 6639 1199 6696 4444614
1293 6639 1732 6692 -Daemonesvenanturanimas
1741 6637 1878 6692 bominum
1914 6637 1989 6706 sequi
2018 6637 2089 6692 viros
2113 6637 2209 6704 iustos,
2228 6641 2276 6694 sed
2304 6653 2355 6692 666
2385 6645 2483 6706 ροιεει,
2504 6639 2553 6692 nisi

563 6729 602 6782 35
620 6757 656 6768 -
674 6729 805 6796 signifieat
823 6733 918 6784 electos
937 6731 984 6784 591
1010 6731 1042 6782 16
1241 6729 1276 6780 94
1289 6729 1323 6780 63
1336 6743 1362 6780 v.
1376 6727 1410 6780 97
1423 6727 1765 6794 -astpaterneccativtt
1778 6727 1830 6780 333
1843 6725 1877 6778 78
1914 6731 2042 6794 quantum
2062 6725 2220 6794 permittitur
2237 6741 2254 6782 a
2273 6729 2383 6782 Domino
2401 6729 2454 6782 669
2468 6725 2506 6780 49
2517 6755 2554 6804 7-

619 6845 657 6854 -
674 6815 720 6870 Dei
738 6819 853 6884 protegit
870 6823 897 6872 et
923 6817 1051 6884 praemiat
1069 6815 1152 6870 iustos
1169 6815 1204 6870 94
1292 6815 1439 6872 -Diaboli
1454 6815 1629 6870 invitatorium
1643 6815 1676 6868 ad
1689 6821 1827 6880 peccatum
1840 6821 1879 6868 ost
1914 6815 2028 6870 concutit
2050 6817 2124 6870 viros
2142 6819 2285 6884 perfectos,
2312 6817 2379 6872 sicut
2405 6817 2553 6876 concutitur

560 6901 617 6954 449
636 6917 663 6956 u.
682 6905 717 6956 47
759 6923 761 6926 ·
905 6927 906 6930 “
1243 6903 1356 6968 vanitas,
1376 6903 1514 6970 iniqnitas,
1538 6905 1661 6970 avaritia,
1679 6905 1827 6970 voluptates
1844 6905 1878 6956 91
1914 6905 2028 6958 triticum
2045 6905 2074 6958 in
2100 6901 2268 6960 cribroibid.
2286 6933 2323 6946 -
2341 6917 2447 6970 semper
2472 6905 2554 6960 babet
