5900 8266
497 593 559 658 bat

367 779 470 826 oeream.
491 771 636 844 regiones,
657 775 762 844 oppida
776 773 807 830 et
820 773 875 832 rici
887 773 966 844 iliae
982 771 1031 832 ¹».
1048 809 1085 818 -·
1100 777 1156 836 Pro
1172 779 1292 838 secundo
1306 779 1449 850 sequitur:

318 863 320 868 ’
490 869 622 928 Proiecit
646 869 681 928 de
700 871 793 944 caeto,
816 871 893 928 cultu
917 871 966 930 illo
995 873 1158 944 reprobato,
1182 873 1209 932 et
1233 857 1344 932 abiecto
1372 877 1452 946 regni

491 967 574 1036 solio,
594 967 625 1026 et
638 967 732 1028 divino
754 967 848 1030 farore
864 969 958 1028 ablato
980 971 1009 1028 et
1028 973 1154 1044 angelico
1171 971 1324 1044 praesidia
1346 973 1378 1030 iu
1396 973 1452 1030 ter-

491 1083 572 1140 raru,
591 1067 668 1126 omni
689 1067 839 1126 altitudine
862 1065 1021 1138 subtractar
1043 1085 1093 1126 nec
1115 1069 1190 1126 enim
1209 1067 1353 1126 remansit
1367 1069 1396 1126 in
1421 1085 1452 1126 ea

491 1165 567 1238 lapis
595 1179 682 1238 snper
710 1165 850 1236 lapidem,
882 1163 916 1222 ut
947 1165 1123 1236 praedictum
1151 1165 1196 1222 est
1226 1165 1318 1222 Lucae
1349 1165 1452 1222 decimo

491 1277 579 1330 nono;
601 1261 759 1334 incipiam,
779 1261 926 1318 ciuitatem
946 1261 1067 1330 scilieet,
1088 1261 1201 1332 Israel,
1232 1279 1302 1334 quae
1322 1261 1388 1318 olim
1409 1261 1452 1318 in-

493 1357 570 1432 clyta
588 1375 648 1416 esse
671 1357 796 1428 solebat3
812 1359 958 1416 Ieremias:
980 1381 996 1408 (ι
1007 1357 1149 1426 Quomodo.
1167 1357 1251 1428 capta
1273 1357 1362 1414 estet
1378 1373 1452 1414 com-

494 1453 633 1528 prehensa
650 1453 759 1528 inclyta
777 1455 928 1514 uniuersae
953 1453 1049 1514 terrae
1063 1455 1095 1510 »ὴ
1118 1453 1239 1526 Antiqui
1256 1453 1287 1510 θὴ
1307 1453 1452 1510 Hebraeus

492 1569 549 1612 non
569 1551 676 1618 habent
695 1553 727 1630 iu
749 1555 872 1624 terrave,
892 1553 942 1610 sed
961 1555 997 1612 cte
1016 1551 1096 1610 caeto
1119 1553 1238 1624 terrane,
1259 1549 1290 1608 et
1304 1549 1396 1624 potest
1412 1567 1452 1608 so·

493 1667 561 1708 nare
580 1651 678 1722 quasi:
698 1651 731 1708 ia
752 1651 877 1722 terreum·
890 1649 942 1718 ¹rel
963 1651 1085 1720 terrane,
1100 1647 1135 1714 ,id
1157 1647 1200 1704 θεὴ
1221 1647 1377 1706 Ierusalem
1397 1645 1452 1704 ter·

327 1765 474 1828 enarrasset.
494 1763 589 1804 renam
611 1743 756 1818 inclytam.
768 1777 811 1786 -
823 1745 877 1802 Sed
896 1759 948 1816 pro
970 1741 1056 1804 tertio
1075 1743 1219 1816 sequitur:
1241 1741 1314 1802 Nou
1339 1745 1381 1800 est
1407 1759 1452 1800 re-

364 1821 447 1864 ΜΝ·
493 1843 642 1914 cordatus,
665 1841 699 1900 ad
719 1841 923 1910 miserendum,
942 1841 1062 1900 scabelli
1076 1837 1187 1912 pedara
1202 1855 1339 1912 saorara,
1361 1841 1388 1898 id
1410 1840 1453 1900 est

494 1939 603 2014 populi,
626 1939 674 2012 qui
694 1941 747 1998 sibi
766 1939 912 2002 humiliter
928 1939 990 1996 erat
1009 1937 1169 2008 subiectus3
1190 1940 1235 1997 rel
1254 1939 1410 1996 Ierusalem
1426 1939 1454 1998 ei

493 2037 608 2110 templi,
628 2035 678 2093 nbi
697 2035 834 2096 Dominus
857 2053 942 2108 snper
968 2023 1198 2108 ¹propitiatorium
1227 2053 1365 2110 apparere
1385 2037 1453 2096 sole·

494 2133 545 2192 bat
564 2133 670 2206 Moysi,
692 2133 896 2208 propterquod
917 2131 1074 2192 scabellula
1084 2135 1193 2206 pedara
1207 2137 1269 2194 cius
1291 2135 1407 2206 dicitur3
1422 2137 1453 2194 iu

495 2231 540 2290 dic
560 2227 674 2300 furaris
692 2233 753 2306 eui,
773 2233 804 2290 id
822 2229 868 2290 θεὴ
886 2233 1027 2290 virudictae
1049 2233 1263 2308 irrefragabilis.

572 2325 740 2400 Atteporice
764 2329 916 2402 exponitur
942 2329 973 2386 in
1000 2329 1124 2390 (ὴὴθεεθΞ
1153 2329 1182 2388 θὴ
1205 2331 1369 2404 moraliter,
1388 2347 1454 2404 quo·

332 2425 570 2506 securitariam
597 2425 762 2500 quicumque
796 2425 925 2486 solebant
944 2443 1005 2488 esse
1027 2429 1249 2500 munitissimi,
1270 2429 1454 2488 excaecantur

356 2503 480 2596 ξξζξξὶὴζθὴ
494 2521 592 2582 merito
608 2521 785 2596 peccatorum
801 2539 928 2594 snamm,
943 2523 1016 2584 sicut
1037 2525 1126 2598 primo
1139 2525 1248 2598 Regum
1262 2525 1344 2584 Naas
1364 2527 1455 2584 voluit

494 2621 616 2692 recipere
635 2623 711 2680 utros
737 2623 832 2690 tabes,
856 2623 888 2680 ut
917 2621 1026 2682 erueret
1048 2623 1197 2680 cuiuslibet
1226 2623 1338 2682 oculum
1363 2623 1454 2682 dexte-

494 2733 574 2788 rum3
596 2717 624 2776 θὴ
644 2719 816 2776 sanctissimi
837 2719 918 2792 prins
937 2721 968 2776 in
983 2719 1113 2778 sordibus
1132 2719 1296 2778 versantur.

572 2813 602 2872 3.
624 2815 717 2888 (ltere.
737 2815 789 2890 2.).
804 2817 893 2874 Bnun.
917 2817 1131 2886 Praecipitavit
1147 2817 1296 2874 Dorulaus
1308 2815 1362 2872 etc.
1375 2815 1455 2872 Post·

336 2921 370 2984 pe
383 2925 476 2984 eolesa—
494 2925 577 2980 quam
598 2911 771 2970 lamentatus
794 2911 837 2968 est
853 2911 1071 2969 excaecationem
1094 2923 1266 2980 synagogae,
1283 2909 1327 2964 hic
1349 2909 1455 2964 lamen-

329 2973 476 3082 iiiiiiiiine
494 3005 573 3064 tatur
588 3009 744 3078 potestatis
757 3007 993 3064 sserbtractioueur.
1013 3005 1053 3060 Et
1066 3005 1132 3076 quia
1151 3005 1254 3076 duplex
1269 3001 1311 3060 θεὴ
1326 3001 1454 3076 potestas

496 3121 676 3178 magnorum,
696 3103 803 3160 scilicet
815 3103 969 3160 resistendi
984 3101 1010 3160 et
1025 3099 1203 3170 prandendi·
1222 3101 1311 3172 primo
1326 3099 1455 3172 deplorat

495 3199 666 3258 ablationem
675 3199 793 3272 primae
800 3243 807 3272 ,
821 3199 922 3258 deinde
939 3199 1081 3256 secundae
1096 3199 1125 3256 in
1139 3215 1226 3256 versu
1238 3197 1381 3270 sequenti,
1398 3199 1454 3256 ibi:

344 3315 476 3362 condrusto.
499 3295 649 3370 Ocufrepit
668 3299 699 3354 iu
722 3297 770 3354 ira
791 3297 844 3354 etc.
868 3329 909 3338 --
932 3295 1071 3354 Potentia
1095 3293 1188 3354 autem
1217 3297 1370 3356 resistendi
1395 3313 1457 3354 cou-

495 3393 615 3452 sistebat
633 3393 666 3450 in
683 3393 895 3452 raauiticaibvs
918 3393 945 3452 et
967 3393 996 3450 in
1016 3393 1151 3464 personis
1170 3391 1242 3452 titas
1270 3393 1458 3466 r·apcutibus;

496 3505 548 3562 pro
581 3493 674 3562 primo
702 3489 789 3550 dicit:
820 3491 1052 3564 Praecipitavit,
1084 3505 1134 3564 pro
1171 3491 1308 3550 secundo:
1343 3491 1459 3550 Polluit

497 3603 628 3660 repuura.

576 3685 653 3744 Dicit
674 3703 753 3760 ergo:
777 3685 1001 3758 Praecipitavit,
1031 3685 1105 3758 quod
1127 3685 1172 3742 est
1193 3685 1258 3758 plus
1285 3703 1368 3758 quam
1391 3685 1479 3744 dcii.

331 3801 483 3898 tsspqggurffi:
496 3799 570 3852 cere;
587 3783 800 3856 praecr'pitare,
815 3837 816 3840 ,
831 3783 883 3842 hoc
911 3783 954 3842 est
977 3785 1145 3858 proiiciendo
1172 3785 1357 3856 coniungere.
1377 3785 1458 3844 Unde

331 3907 482 3964 „mmmm
495 3879 635 3952 sequitur:
661 3881 723 3940 Nec
746 3881 891 3952 pepercit,
923 3881 996 3954 quod
1029 3871 1113 3940 etiam
1145 3883 1269 3954 amplius
1298 3883 1344 3940 est
1373 3883 1469 3956 quam

332 3961 475 4060 misenum.
491 3979 701 4048 praecipitarc;
724 3977 797 4050 quod
820 3979 852 4036 in
875 3977 979 4036 ultima
1001 3975 1170 4050 captivitate
1198 3977 1242 4036 est
1271 3979 1456 4052 completum,

496 4073 642 4134 exstinctis
674 4075 855 4134 caeremoniis
884 4075 1070 4146 Iudaeorum,
1103 4075 1254 4134 secundum
1286 4075 1415 4136 Glossam
1429 4073 1458 4150 ³,

495 4171 614 4232 Domino
633 4173 811 4252 providente,
835 4171 867 4230 ut
899 4189 949 4246 per
976 4191 1006 4232 ea
1036 4191 1107 4246 quae
1134 4175 1304 4242 euenerunt,
1334 4175 1458 4234 uentura

496 4269 625 4330 rideatur
647 4269 827 4344 prophetare.
849 4269 974 4346 Econtra
992 4271 1027 4340 de
1052 4271 1252 4330 iusto'dicitnr
1274 4273 1302 4330 in
1323 4273 1457 4330 Psalmo:

501 4389 516 4420 e
532 4367 602 4426 Oum
620 4367 750 4426 ceciderit
767 4369 876 4438 iustus,
898 4383 956 4426 non
971 4368 1133 4438 collidetur,
1155 4371 1221 4442 quia
1241 4369 1380 4428 Dominus
1395 4387 1459 4442 sap·

497 4463 577 4536 ponit
598 4483 714 4522 manum
734 4483 813 4522 suam
825 4489 855 4522 a.
872 4465 981 4526 Ovmia
999 4465 1129 4540 speciosa
1145 4465 1246 4540 Iacob,
1270 4465 1396 4526 aedificia
1410 4467 1460 4524 sci-

495 4561 574 4630 licet,
599 4579 669 4634 quae
688 4563 772 4620 erant
792 4579 849 4620 nou
869 4565 963 4622 solum
987 4565 1019 4621 in
1039 4561 1262 4632 munimentum,
1291 4565 1390 4622 sedin
1416 4579 1460 4622 or·

496 4659 662 4716 manentum
680 4657 795 4732 templi,
820 4659 851 4718 et
868 4661 926 4718 alia
955 4659 1080 4720 ciuitatis
1104 4659 1245 4730 aedificiar
1266 4661 1461 4720 destructilia

496 4753 599 4822 furare
617 4771 683 4828 suo,
706 4757 735 4814 id
754 4755 799 4814 θεὴ
818 4757 850 4816 irr
861 4755 1035 4828 implacabili
1054 4757 1114 4826 ira;
1136 4757 1314 4816 uaruiticucs
1329 4757 1365 4816 ad
1385 4755 1461 4814 litte·

410 4901 412 4906 .
497 4867 573 4922 ran,
596 4853 720 4924 airpiuis
746 4851 841 4928 Iuda,
862 4851 1012 4912 'ciuitatem
1033 4853 1068 4912 ab
1091 4855 1165 4912 omni
1193 4853 1289 4912 fructu
1314 4855 1440 4912 sterilem
1453 4871 1471 4922 ,²-

497 4963 554 5004 non
573 4947 725 5006 habentem
744 4963 779 5006 ex
799 4965 829 5006 se
845 4951 1059 5018 successionem
1083 4951 1232 5008 Ieremias:
1257 4971 1272 5000 «
1286 4949 1389 5008 Totum
1403 4965 1461 5006 mu·

497 5057 561 5098 rum
582 5043 737 5100 Ierusalem
757 5059 808 5118 per
822 5045 971 5102 circuitum
990 5043 1285 5104 costronensi-auus
1306 5041 1472 5102 Chaldaeo-¹

497 5155 561 5196 rum
572 5161 585 5190 r
596 5183 602 5196 .
614 5139 676 5208 Vel,
690 5141 722 5198 in
734 5141 868 5212 speciosis
890 5137 1018 5214 intellige
1038 5141 1228 5212 opulentiam,
1243 5143 1275 5200 in
1288 5141 1462 5198 munitioni-

497 5235 550 5294 bus
571 5235 736 5308 potentiam.
757 5239 870 5296 Deiecit
890 5239 922 5296 ia
943 5241 1068 5308 terrave,
1090 5237 1179 5296 dictas
1202 5235 1306 5296 scilicet
1324 5237 1462 5296 munitio·

497 5347 558 5390 nes.
572 5333 678 5390 -Sed
699 5349 749 5404 pro
772 5333 942 5392 desolatione
959 5347 1157 5404 personarum
1177 5331 1321 5404 seqnitur:
1344 5331 1463 5390 Polluit

497 5445 634 5504 reprcunt,
650 5431 677 5488 id
691 5429 737 5488 θεὴ·
745 5431 825 5500 qmni
846 5429 996 5500 pollutioni
1011 5429 1038 5488 et
1051 5429 1222 5500 ignominiae
1236 5429 1379 5500 exposuit,
1396 5431 1462 5502 quia

497 5527 660 5584 bominibus
680 5519 798 5584 subiecit
817 5527 1034 5594 incircumcisis,
1055 5513 1175 5598 quornm
1197 5524 1338 5584 consortio
1352 5525 1383 5582 et
1403 5525 1462 5584 ritu

498 5621 644 5698 profanati
664 5623 744 5692 snnt;
767 5625 793 5680 et
807 5623 960 5694 principes
979 5623 1057 5708 eius,
1082 5621 1187 5680 scilicet
1209 5623 1329 5694 polluit,
1349 5623 1461 5700 idest,

499 5721 623 5802 pollutos
644 5719 797 5778 denotarit.
819 5719 862 5778 Sto
884 5737 951 5794 ergo
971 5719 1050 5792 patet
1073 5719 1227 5778 subtractio
1250 5719 1394 5794 potentiae
1417 5737 1463 5780 re-

500 5817 627 5876 sistendi.

573 6315 582 6346 ¹
602 6319 637 6370 ite
650 6319 752 6384 llugoa
766 6321 791 6370 S.
800 6319 882 6382 Vici,
896 6319 1129 6374 Anuatatiunculae
1142 6321 1329 6374 elucidatoriae
1341 6321 1366 6372 in
1383 6323 1461 6374 Tbro·
1517 6335 1519 6340 ·
1549 6339 1552 6346 ·

500 6391 703 6512 troslcre51niai,
727 6403 750 6442 c.
771 6393 794 6442 i.
814 6391 884 6444 circa
902 6391 1014 6444 initium.
1031 6419 1068 6430 -
1087 6393 1238 6460 Sequemur
1262 6393 1325 6444 Luc.
1349 6393 1398 6454 re,
1418 6393 1461 6444 tt.

501 6469 528 6514 ct
544 6463 593 6514 ler.
634 6465 677 6526 1,-
702 6463 723 6514 t.

573 6529 584 6562 ²
604 6529 753 6584 Didia-aria-
772 6533 795 6582 in
816 6535 886 6584 bunc
905 6533 1007 6594 locum,
1026 6533 1172 6586 secundum
1187 6547 1311 6594 sensum,
1331 6529 1402 6596 apud
1414 6533 1461 6596 Ly·

501 6615 609 6664 renum,
621 6601 760 6654 Rabeuurn
779 6607 804 6654 et
824 6605 893 6666 Hug.
911 6615 927 6652 a
948 6605 973 6666 S.
995 6603 1073 6664 vicu,
1085 6601 1131 6654 ubi
1148 6601 1287 6668 respicitur
1301 6605 1320 6654 l.
1334 6605 1398 6668 bag.
1412 6603 1422 6652 t
1432 6603 1461 6666 t,

502 6673 528 6724 ⁶2..
545 6701 581 6710 -—·
597 6673 652 6724 Vat.
671 6673 714 6724 lric
731 6673 835 6736 penitus
851 6673 951 6736 differt,
971 6673 1054 6726 citans
1077 6673 1156 6726 ludio.
1179 6675 1227 6736 il,
1247 6673 1275 6738 6.
1293 6687 1387 6738 seqq:
1407 6673 1462 6726 Sic·

501 6745 534 6796 ut
555 6739 639 6796 luctas
661 6741 747 6796 catar't
769 6743 887 6810 recipere
909 6741 1028 6810 rupinas
1046 6741 1139 6808 tabes,
1156 6757 1191 6796 nc
1212 6741 1338 6810 perderet
1361 6741 1462 6796 uibrare

502 6811 611 6864 circium
631 6811 729 6866 israel:
751 6817 775 6864 et
786 6811 952 6866 sauatssuut
968 6817 1031 6878 etc.;
1051 6825 1121 6880 quae
1137 6813 1272 6880 quomodo
1289 6813 1392 6864 adrem
1405 6827 1462 6876 per·

504 6881 615 6946 tineent,
637 6895 690 6932 non
710 6881 840 6934 ridemus.

1207 601 1403 670 eleusium
1429 601 1659 670 THRENORUM
1682 601 1713 666 C.
1740 599 1770 664 ll.

1595 777 1626 834 4.
1638 775 1810 850 Atleporicc,
1826 779 1872 836 rol
1884 761 2053 838 pecualiter:
2062 777 2131 838 Post
2146 777 2364 838 excaecationem
2378 775 2476 834 subdit
2516 787 2597 850 sepsos
2611 789 2643 832 er-

1514 871 1718 946 censeqnsnter
1733 873 2016 946 praecipitationem.
2032 873 2313 946 Praecipitatigitur
2328 873 2475 940 Dominus,
2489 841 2597 938 iiiiii?
2608 841 2641 884 '⁰¹

1516 967 1589 1028 sicut
1611 969 1746 1040 obdurat;
1766 985 1818 1028 uec
1832 971 1949 1042 parcit,
1979 971 2046 1028 dum
2069 969 2229 1042 pertinaces
2248 971 2303 1028 sibi
2330 967 2475 1042 relinquit.

1517 1065 1653 1138 Speciosa
1674 1067 1777 1140 Iacob,
1806 1069 1899 1126 clerici
1921 1067 1947 1126 et
1976 1069 2115 1140 religiosi,
2143 1083 2214 1140 quos
2240 1065 2378 1138 destruit,
2409 1067 2477 1124 dum

1515 1163 1624 1222 destrui
1643 1165 1801 1236 permittit;
1814 1165 1875 1224 Ioel
1886 1163 1918 1222 ⁴:
1943 1187 1958 1216 θ
1973 1165 2017 1222 Ad
2039 1165 2078 1232 te,
2100 1165 2232 1234 Domine,
2252 1163 2396 1230 clamabo,
2411 1165 2477 1234 quia

1514 1261 1590 1332 iguis
1612 1261 1756 1320 devoravit
1778 1263 1903 1334 speciosa
1923 1259 2068 1318 deserti».
2090 1259 2145 1318 Isti
2168 1257 2269 1316 debent
2294 1273 2354 1316 esse
2380 1259 2478 1318 Eccle-

1516 1357 1573 1414 siae
1594 1355 1780 1426 munitiones,
1802 1357 1851 1414 sed
1864 1355 1963 1414 rteicai
1976 1359 2047 1414 suut
2062 1357 2096 1412 iu
2110 1357 2232 1426 terrave,
2249 1357 2316 1414 solis
2336 1353 2476 1412 terrestri-

1515 1453 1568 1510 bus
1589 1453 1747 1524 iuhiantes;
1776 1453 1923 1510 Psalmus:
1950 1473 1966 1504 e
1980 1451 2080 1510 Oculos
2109 1467 2174 1510 suos
2202 1449 2366 1510 statuerunt
2395 1451 2475 1510 decli·

1516 1567 1584 1608 nare
1606 1551 1635 1608 in
1657 1549 1761 1610 terram
1776 1575 1805 1606 ›>.
1817 1583 1860 1592 --
1872 1549 2025 1622 Amplius,¹
2042 1547 2169 1606 claustra
2188 1547 2316 1626 solebant
2339 1565 2399 1606 esse
2412 1565 2477 1606 rua-

1515 1647 1641 1706 aitioues
1673 1649 1771 1706 contra
1793 1647 1948 1716 diabolum,
1976 1645 2024 1704 ubi
2054 1645 2178 1705 Ecclesia
2206 1647 2355 1720 reponeret
2380 1647 2476 1720 pullos

1517 1759 1599 1814 suos3
1620 1745 1700 1804 modo
1733 1747 1800 1804 sunt
1829 1743 1921 1804 factae
1946 1743 2041 1802 turres
2070 1743 2175 1804 diaboli
2207 1761 2255 1816 per
2288 1745 2477 1816 exemptiones

1517 1841 1641 1912 erectae,
1658 1843 1717 1900 suis
1732 1843 1887 1918 privilegiis
1901 1841 2064 1910 abutentes
2081 1841 2181 1914 quibus
2195 1843 2325 1916 indiguos
2341 1859 2387 1900 eos
2402 1861 2475 1912 esse,

1517 1939 1640 2000 ostendit
1668 1941 1794 2012 ipsorum
1820 1941 1880 1998 vita
1909 1941 2031 2000 infamia.
2051 1939 2179 2012 Polluit,
2210 1939 2241 1996 nt
2271 1955 2372 2012 supra,
2403 1941 2477 2012 regi-

1517 2053 1581 2096 men
1603 2036 1742 2094 Ecclesiae
1755 2037 1824 2108 atc.;
1848 2039 1892 2096 rel
1913 2039 2043 2110 speciosa
2062 2037 2164 2110 Iacob,
2185 2035 2253 2094 rota
2282 2035 2476 2110 religiosorum

1518 2137 1548 2194 et
1567 2135 1740 2194 clericorum.

1597 2231 1712 2291 Aliter⁵
1733 2233 1888 2308 atteparice
1909 2233 2071 2308 deploratur
2086 2233 2130 2292 hic
2147 2235 2244 2304 tapsus
2261 2233 2382 2290 truruaui
2398 2247 2478 2304 peue-
2495 2241 2557 2284 erne
2568 2251 2644 2302 susus

1516 2333 1559 2388 ris
1584 2329 1677 2404 quoad
1694 2329 1763 2388 ‘tria
1795 2333 1941 2404 praecipue
1974 2331 2165 2390 incommoda:
2186 2333 2278 2404 primo
2303 2329 2478 2386 excaecatio·
2500 2293 2637 2348 allegoricus.

1516 2429 1582 2498 uis;
1604 2427 1700 2484 deinde
1725 2427 1931 2486 mortaIItatis:
1952 2427 2085 2486 Proiecit
2104 2427 2137 2486 cte
2158 2425 2385 2498 caetc,·-tertia,
2414 2443 2477 2484 cou-

1517 2525 1708 2598 cupiscentiac
1728 2525 1878 2598 carnatis,
1901 2525 1958 2584 ibi:
1977 2525 2084 2584 Omnia
2096 2527 2223 2596 speciosa
2243 2527 2341 2584 Iacob.
2360 2557 2402 2566 -
2421 2525 2478 2584 Pro
2495 2533 2630 2580 praecario.

1518 2625 1609 2696 primo
1642 2623 1728 2680 dicit:
1767 2623 1914 2696 Quomodo
1948 2623 2055 2680 obiecit
2087 2623 2214 2696 calipiue
2243 2623 2297 2682 etc.
2333 2623 2478 2682 Doutiuus

1517 2719 1611 2788 pitiana
1632 2719 1715 2776 Sicu.
1742 2717 1815 2776 Sicu
1837 2717 2043 2788 interpretatur
2063 2719 2181 2788 specula
2207 2719 2234 2776 et
2255 2719 2398 2792 significat
2421 2721 2477 2778 sta-

1518 2813 1580 2872 tum
1601 2815 1711 2872 animae
1731 2811 1878 2870 rationalis
1907 2815 1935 2870 iu
1958 2813 2129 2880 innocentia,
2156 2829 2226 2884 quae
2253 2815 2348 2872 creata
2369 2815 2413 2872 est
2441 2819 2476 2874 ad

1518 2905 1697 2966 aeternitatis
1718 2909 1826 2964 lumina
1841 2907 2068 2980 contemplanda,
2089 2925 2171 2980 quam
2186 2909 2280 2980 posuit
2301 2911 2333 2966 in
2345 2911 2476 2984 specula,

1519 3019 1581 3060 cum
1603 2997 1714 3059 dixit⁶:
1739 3023 1754 3052 <c
1769 3001 1809 3058 De
1841 3003 1917 3074 ligno
1939 3001 2071 3060 scientiae
2093 3003 2157 3060 boni
2183 3003 2214 3062 et
2238 3005 2307 3062 mali
2336 3021 2370 3062 ne
2393 3021 2476 3064 cenre-
2498 3063 2500 3066 ,

1519 3099 1569 3156 das
1581 3123 1596 3152 »
1614 3097 1769 3168 eta'tluasi
1784 3099 1901 3156 enimin
1919 3099 2037 3172 specula
2049 3085 2184 3172 erigitur,
2207 3101 2317 3180 qnando
2336 3101 2478 3160 imminen-

1520 3197 1557 3254 tis
1578 3197 1648 3256 mati
1678 3199 1835 3268 periculum
1859 3213 1911 3268 per
1935 3199 2212 3270 circumspectionem
2238 3189 2337 3256 carere
2356 3199 2478 3258 iubetur.
2545 3215 2547 3218 ·

1520 3295 1605 3352 Filia
1625 3311 1692 3370 ergo
1715 3293 1800 3366 Sicu,
1833 3295 1926 3352 anima
1947 3295 2079 3364 hominis,
2099 3295 2158 3354 iilia
2184 3295 2401 3368 speculationis,
2422 3313 2479 3356 nou

1520 3391 1616 3448 tamen
1636 3391 1750 3448 firmata
1773 3393 1801 3450 in
1830 3409 1893 3448 arce
1919 3391 2173 3464 contemplationis.
2204 3381 2276 3450 Sunt
2295 3395 2370 3450 enim
2398 3393 2478 3466 tiliae

1520 3489 1695 3562 Ierusalem,
1712 3489 1738 3546 id
1753 3489 1797 3548 est
1810 3491 2049 3562 caatcurplativac
2070 3491 2145 3550 clare
2157 3489 2297 3560 ridentem
2321 3491 2389 3548 sunt
2402 3489 2480 3560 tiliae

1521 3585 1607 3660 Sicu,
1628 3587 1659 3644 id
1677 3587 1723 3644 est
1741 3587 1952 3660 speculativae,
1972 3587 2001 3644 id
2022 3585 2065 3646 est
2087 3603 2137 3662 per
2156 3589 2299 3660 speculum
2315 3587 2478 3658 cernentes;

1521 3685 1590 3742 sunt
1608 3685 1689 3754 filiae
1717 3685 1899 3760 Babptouis,
1919 3685 1949 3742 id
1969 3685 2013 3742 θεὴ
2039 3683 2232 3758 contusionis,
2263 3701 2333 3758 quae
2357 3709 2373 3736 κ
2388 3687 2480 3744 oculos

1522 3799 1588 3842 suos
1602 3781 1768 3840 statuerunt
1787 3781 1925 3842 declinare
1940 3783 1970 3840 in
1990 3781 2140 3842 terram».
2154 3783 2230 3842 Haec
2243 3799 2310 3856 ergo
2325 3783 2391 3854 pita
2409 3781 2481 3842 Sicu

1522 3879 1665 3952 obtegitur
1685 3881 1820 3952 caligine,
1843 3883 1908 3952 quia
1927 3881 2025 3940 lumen
2038 3881 2187 3940 rationalis
2207 3883 2317 3940 animae
2337 3881 2480 3940 obnubila-

1522 3977 1587 4048 tur,
1607 3995 1665 4038 non
1685 3979 1799 4050 penitus
1821 3979 2022 4052 exstinguitur.
2034 4011 2076 4020 -
2096 3979 2149 4036 Sed
2169 3997 2220 4052 pro
2240 3979 2423 4038 mortalitate
2444 3995 2481 4036 se·
2501 3987 2625 4034 llorraruas.

1523 4075 1638 4150 quitur:
1661 4077 1791 4134 Proiecit
1822 4077 1854 4136 rte
1876 4075 1955 4134 caeto
1985 4077 2095 4132 terram
2125 4075 2268 4150 iuctptaru
2287 4077 2403 4146 Israet;
2432 4093 2481 4148 per

1521 4171 1601 4230 hanc
1614 4175 1723 4230 terrare
1742 4173 1885 4246 ¹iactptaru
1906 4189 2007 4246 corpus
2021 4173 2142 4232 bominis
2161 4163 2329 4246 accipimus,
2343 4175 2417 4246 quod
2432 4189 2481 4246 per
2496 4183 2497 4186 ’

1521 4269 1746 4330 immortalitatis
1767 4271 1891 4344 gratiam
1910 4273 1991 4342 quasi
2019 4273 2094 4330 caelo
2115 4271 2205 4330 simile
2232 4269 2357 4340 exstitit,
2380 4271 2427 4330 sed
2448 4271 2480 4328 de

1521 4369 1570 4426 illc
1586 4369 1698 4426 sublimi
1713 4367 1791 4426 statu
1805 4369 1917 4438 cecidit,
1941 4368 2091 4442 postquam
2102 4367 2205 4426 illicita
2218 4369 2388 4440 concupiuit.
2406 4369 2479 4428 Noa

1522 4471 1564 4526 est
1584 4465 1751 4524 recordatus
1775 4465 1893 4528 scabelli
1906 4469 2014 4538 perium
2036 4483 2171 4540 suoram,
2194 4465 2221 4524 id
2243 4465 2286 4526 est
2307 4467 2418 4540 generis
2432 4466 2481 4523 bu·

1523 4563 1612 4630 mani,
1637 4579 1722 4634 aquo
1742 4561 1802 4618 tam
1818 4579 1945 4620 severam
1964 4561 2117 4620 uindictam
2132 4561 2232 4636 exegit.
2255 4561 2479 4632 Praecipitavit,

1522 4661 1550 4716 iu
1565 4675 1619 4732 quo
1635 4657 1728 4716 subita
1742 4657 1914 4732 intelligitur
1928 4659 2038 4732 generis
2048 4657 2169 4728 ¹humani
2184 4659 2280 4728 ruina,
2302 4657 2334 4716 de
2348 4645 2494 4730 paradiso

1523 4759 1550 4814 iu
1572 4757 1722 4824 mundum,
1737 4747 1781 4814 'oa
1805 4755 1908 4836 mundo
1930 4755 1959 4812 in
1983 4755 2139 4826 infernum,
2159 4755 2194 4814 de
2213 4753 2429 4822 immortalitate
2453 4755 2482 4810 in

1523 4853 1651 4922 mortem,
1663 4853 1697 4912 de
1708 4853 1795 4910 morte
1810 4855 1841 4910 in
1851 4853 2070 4912 damnationem.
2081 4885 2121 4894 —
2139 4851 2244 4912 cuuto
2254 4847 2391 4924 speciosa,
2405 4861 2481 4918 ecce,
2500 4863 2608 4930 *concept-

1524 4949 1682 5018 iufeticitas
1704 4949 1963 5020 concupiscentiae,
1984 4951 2064 5006 cuius
2085 4949 2193 5020 septem
2212 4951 2288 5006 mala
2308 4949 2353 5006 liic
2375 4963 2484 5006 enume·
2507 4923 2620 5016 iiiii·

1523 5061 1584 5104 res:
1606 5045 1826 5116 pulcritudinem
1845 5043 1956 5102 toedet:
1981 5043 2088 5102 Ouinia
2107 5047 2237 5116 speciosa
2258 5045 2344 5102 Iacob
2373 5043 2482 5102 bestra-
2516 5115 2517 5118 Ἴ

1524 5143 1582 5214 ait,
1602 5159 1669 5198 nam
1692 5143 1833 5212 speciosus
1851 5139 1935 5200 horno
1956 5141 2019 5198 erat
2037 5141 2069 5200 in
2088 5155 2203 5212 corpore
2216 5139 2247 5198 et
2266 5143 2295 5198 in
2318 5141 2413 5210 corde3
2437 5143 2478 5198 de-

1524 5239 1626 5296 sideria
1640 5217 1668 5296 ei
1681 5233 1851 5296 intentiones
1866 5239 1903 5296 ad
1915 5237 2028 5296 terrena
2049 5237 2167 5296 inclinat
2183 5237 2210 5296 et
2222 5237 2369 5296 incurrat:
2384 5239 2483 5296 biaut-

1525 5335 1615 5392 tioucs
1629 5335 1753 5406 cirpiuic
1764 5333 1842 5392 Iuda
1856 5335 1926 5404 etc.;
1941 5335 2081 5394 hominem
2091 5333 2184 5404 totum
2195 5335 2355 5394 deordinat:
2369 5335 2485 5394 Polluit

1524 5445 1658 5502 repauur,
1680 5431 1755 5504 quod
1775 5431 1805 5488 in
1834 5431 2004 5490 subiectione
2018 5431 2186 5490 'interiorum
2207 5433 2311 5490 virium
2334 5433 2481 5502 consistit;

1524 5529 1551 5584 et
1567 5527 1719 5598 principes
1740 5529 1820 5600 eius,
1842 5527 1984 5600 potentias
2012 5531 2122 5586 animae
2142 5527 2299 5602 cognitiras
2324 5529 2352 5588 et
2378 5529 2484 5590 affecti-

1499 5701 1501 5704 ·
1525 5641 1591 5694 ras;
1613 5623 1808 5684 fortitudinem
1829 5627 1960 5684 enervat:
1988 5623 2138 5698 Confrcpit
2155 5627 2251 5686 iutra
2270 5643 2354 5684 cauae
2375 5643 2481 5698 ccrrlu,

1524 5721 1553 5780 id
1575 5719 1618 5782 est
1639 5721 1774 5782 uirtutem
1796 5721 1960 5794 resistendi;
1986 5723 2110 5798 gratiam
2132 5725 2267 5796 statuat:
2296 5723 2415 5782 Avertit
2441 5739 2483 5782 re·

1517 5821 1654 5878 trcrsuru
1669 5819 1818 5878 deuteruna
1831 5839 1933 5892 suarm
1948 5839 2041 5882 omnes
2057 5837 2154 5878 sensus
2171 5821 2206 5878 ad
2219 5821 2326 5878 malum
2339 5821 2482 5894 exagitat:

1595 6321 1605 6352 ³
1628 6319 1803 6376 crcouuou
1823 6321 1896 6384 apud
1912 6323 2044 6382 Insanum
2065 6319 2104 6386 (ex
2123 6319 2259 6370 ressensis
2279 6317 2306 6370 in
2324 6319 2394 6370 lurnc
2414 6319 2483 6386 los).

1525 6421 1560 6432 -·
1580 6393 1702 6460 Sequitur
1721 6393 1762 6444 es.
1782 6393 1830 6454 36,
1850 6391 1897 6454 243
1917 6391 2013 6444 deiude
2031 6391 2078 6442 ter.
2096 6391 2143 6452 39,
2164 6391 2190 6442 8.

1595 6461 1606 6490 a
1627 6463 1690 6526 Cap.
1711 6463 1734 6524 l,
1757 6463 1803 6526 19,
1823 6463 1917 6514 deinde
1938 6463 1978 6514 is.
1999 6461 2044 6526 lb,
2066 6463 2106 6514 tt.
2126 6487 2160 6500 —
2182 6463 2228 6512 bro
2241 6463 2370 6528 utsupra
2384 6459 2428 6526 (tta
2443 6461 2483 6526 B),

1525 6535 1580 6586 scit.
1599 6535 1734 6598 pollutioni
1756 6541 1778 6586 el
1799 6531 1958 6598 ignominiae
1976 6531 2109 6598 exposuit,
2129 6537 2156 6584 ut
2176 6533 2268 6598 legitur
2291 6533 2316 6584 in
2336 6531 2387 6584 bne
2405 6547 2433 6586 n.
2453 6531 2484 6598 3,

1525 6607 1545 6656 Α
1567 6607 1653 6658 ruinas
1672 6611 1731 6670 apte
1751 6607 1781 6658 ut
1795 6603 1899 6658 Glossa.
1912 6605 1977 6656 Tota
1992 6607 2056 6656 lraec
2078 6601 2160 6666 prium
2185 6603 2293 6668 mystica
2312 6603 2439 6668 expositio
2457 6601 2483 6664 (a

1525 6675 1615 6726 verbis
1634 6673 1675 6728 rel
1694 6673 1833 6730 moraliter
1853 6689 1938 6742 usqne
1955 6675 1988 6726 ad
2016 6675 2041 6726 ct
2067 6673 2240 6738 clericerum)
2265 6673 2430 6726 desideratur
2456 6673 2484 6724 in

1526 6745 1649 6796 omnibus
1661 6743 1881 6808 praecedentibus
1898 6745 2065 6796 editionibus

1596 6813 1608 6844 ⁵
1628 6817 1700 6880 Qurae
1718 6823 1865 6882 sequuntur
1883 6823 2004 6878 excerpta
2022 6819 2083 6866 sunt
2102 6829 2133 6868 ex
2150 6817 2220 6880 erog.
2240 6817 2289 6868 loc.
2309 6815 2351 6866 cit.
2366 6815 2398 6868 ad
2420 6817 2443 6876 i,
2462 6815 2482 6864 t.

1595 6883 1608 6916 ὓ
1628 6887 1692 6938 Gen.
1710 6887 1740 6946 2,
1765 6885 1809 6948 li;
1828 6885 1892 6936 intra
1911 6885 2051 6948 respicitur
2069 6885 2140 6938 locus
2159 6885 2211 6936 ianr
2234 6885 2275 6938 cit.
2296 6887 2334 6938 l‘s.
2359 6885 2401 6952 tt,
2425 6885 2464 6936 tt.
