5900 8266
324 2723 433 2780 urposnio

313 2777 442 2836 spiritualis.

1065 537 1260 606 COthENT.
1281 537 1321 606 lN
1343 535 1582 606 EVANGELIUM
1605 533 1722 604 tuctu
1748 533 1779 604 C.
1805 533 1866 604 Xll.

469 719 519 784 est
538 721 640 784 mater
661 719 694 782 et
716 731 828 782 socrus
849 713 946 782 simol
958 719 978 782 ¹.
1006 715 1040 784 lit
1064 715 1152 802 pauit
1173 715 1256 784 dnos
1277 715 1367 784 vires
1397 719 1429 784 et

469 827 534 890 tres
557 823 724 902 mulieres
749 821 816 888 sive
836 821 912 908 quia
935 823 1085 890 mulieres
1103 823 1205 908 magis
1217 839 1337 908 pronae
1353 827 1433 890 sunt.

468 925 510 992 ad
530 925 714 994 divisionem
729 927 859 1012 propter
876 943 985 994 earum
1003 925 1256 1008 instabilitatem,
1271 925 1337 994 sive
1352 925 1430 1012 qaia

468 1033 579 1116 plures
600 1037 675 1098 suot
698 1031 866 1100 effeminati
890 1037 920 1100 et
945 1033 1086 1102 carnales
1108 1051 1205 1118 qnam
1227 1031 1428 1118 spiritualem

468 1135 552 1204 unde
577 1137 698 1224 primae
719 1137 759 1204 ad
781 1133 960 1204 Corinthios
982 1135 1199 1204 tredecimo²z
1226 1163 1244 1196 α
1260 1135 1330 1204 ldea
1344 1135 1429 1204 inter

467 1261 525 1312 vos
547 1245 640 1312 multi
661 1245 779 1312 infirmi
803 1249 835 1312 et
856 1243 1043 1322 imbecilles
1061 1249 1091 1312 et
1106 1243 1268 1310 dormiunt
1287 1243 1380 1310 multi
1395 1269 1427 1308 s.

468 1351 524 1420 Acl
546 1351 691 1420 litteram
713 1351 759 1418 ita
786 1349 904 1418 lautum
938 1353 1003 1430 est,
1032 1349 1116 1416 siout
1138 1347 1229 1428 dicit,
1259 1357 1329 1434 post
1360 1349 1429 1416 eius

468 1457 750 1540 praedicationem
773 1455 858 1522 unde
875 1453 981 1522 Glossa
1005 1453 1126 1522 Bedae:
1154 1481 1170 1514 e
1189 1455 1261 1522 Post
1273 1453 1428 1540 baptisma

467 1561 639 1648 passionis
662 1567 733 1648 post
756 1561 925 1638 adventum
949 1561 1028 1646 ignis
1049 1565 1136 1628 totus
1157 1559 1245 1628 orbis
1268 1567 1380 1626 contra
1393 1579 1428 1630 se

466 1667 589 1734 divisus
611 1673 680 1748 est;
705 1685 914 1754 unaquaeqne
938 1667 1053 1734 demus
1070 1665 1188 1734 hahuit
1208 1665 1318 1734 fideles
1332 1669 1365 1732 et
1380 1667 1428 1734 in-

467 1773 592 1852 fideles
616 1773 666 1840 his
683 1779 791 1840 contra
807 1773 916 1854 iidem,
935 1771 996 1840 illis
1011 1771 1146 1858 profide
1161 1771 1425 1858 pugnantibus»,

467 1879 642 1960 secundam
672 1879 750 1946 illud
780 1879 950 1948 Zachariae
976 1879 1134 1948 aelami:
1161 1877 1290 1946 «Divisi
1319 1897 1427 1948 omnes

467 1983 621 2064 homines,
637 2003 897 2070 unumquemque
912 1993 1022 2052 contra
1036 1985 1218 2070 proximum
1237 2001 1332 2050 snum
1346 2009 1380 2064 »3
1394 1991 1428 2052 et

468 2089 671 2158 Ecclesiastici
702 2089 861 2176 trigesimo
884 2089 1001 2158 tertio:
1028 2115 1045 2148 r
1064 2089 1189 2158 Intuere
1210 2087 1317 2154 omnia
1330 2107 1427 2174 opera

466 2195 632 2262 ditissimi:
655 2195 719 2262 duo
743 2203 852 2262 eontra
876 2195 950 2276 duo,
971 2203 1004 2264 ει
1025 2213 1128 2264 uuum
1149 2199 1261 2264 contra
1274 2213 1377 2260 unum
1391 2219 1425 2274 »3

465 2299 610 2368 Matthaei
635 2299 775 2368 decimo:
806 2301 952 2368 «Tradet
971 2307 1080 2368 autern
1101 2301 1200 2368 trater
1229 2299 1361 2368 fratrem
1391 2301 1425 2368 in

465 2413 620 2486 mortem,
643 2411 674 2472 et
698 2413 786 2490 pater
810 2405 930 2486 filium,
953 2409 985 2472 et
1008 2405 1172 2492 insurgent
1193 2405 1248 2472 dlii
1264 2405 1295 2472 in
1312 2423 1425 2492 paren-

466 2521 513 2582 tes
534 2519 567 2580 et
589 2521 692 2580 morte
713 2531 767 2582 eos
788 2513 927 2580 alliciant
943 2539 971 2578 a.

556 2621 607 2688 78.
635 2619 861 2708 spiritualiter
890 2645 906 2678 a
922 2617 1055 2704 quilibet
1071 2617 1164 2686 homo
1182 2629 1227 2688 est
1244 2621 1356 2688 domus
1373 2621 1422 2690 vel

464 2725 537 2806 Dei,
562 2725 612 2794 vel
635 2725 774 2794 diaboli4
790 2751 823 2808 »3
846 2725 1020 2794 seeundum
1052 2725 1137 2812 quod
1168 2733 1214 2794 est
1243 2727 1274 2794 in
1298 2743 1335 2794 ea
1357 2743 1423 2812 pax

464 2834 566 2914 mala,
589 2851 671 2920 quae
695 2839 742 2902 est
764 2833 904 2918 peccati,
930 2829 1153 2900 diabolarest
1177 2833 1424 2920 pater310anois

464 2944 596 3006 octavo:
626 2939 720 3008 «Vos
740 2957 781 3008 ex
798 2945 888 3026 patre
910 2937 1032 3006 diabolo
1057 2939 1132 3008 estis
1148 2963 1180 3022 »3
1210 2957 1292 3032 earo
1316 2945 1422 3006 autem

464 3051 514 3112 est
536 3063 639 3114 nurus
661 3053 694 3114 et
715 3051 834 3126 mater3
859 3045 1028 3114 Ezechielis
1052 3045 1172 3114 decimo
1195 3051 1305 3112 sento:
1334 3047 1422 3128 «Pa

465 3157 515 3218 ter
536 3157 613 3218 tuus
635 3153 864 3232 Amorrhaeos,
889 3157 921 3220 et
944 3157 1043 3220 mater
1060 3157 1115 3220 tna
1130 3151 1264 3222 Cethaea
1278 3179 1312 3232 »,
1327 3151 1359 3218 id
1376 3157 1423 3220 est

464 3259 602 3340 garrula.
629 3259 715 3324 Tunc
739 3265 844 3326 autem
870 3257 1035 3324 diuiditur
1060 3259 1143 3326 lilius
1166 3265 1275 3326 contra
1299 3265 1422 3344 patrem

464 3371 497 3430 et
519 3371 652 3430 matrem
677 3371 708 3430 et
730 3381 876 3444 socrum,
898 3363 1023 3448 quaudo
1047 3365 1150 3432 carnis
1175 3365 1325 3450 relinquit
1340 3364 1423 3433 desi-

464 3469 553 3536 deria
583 3473 614 3534 et
644 3469 845 3536 abrenuntiat
875 3467 999 3536 diabolo
1020 3477 1053 3536 et
1076 3469 1197 3554 pompis
1220 3469 1289 3536 eius
1320 3477 1351 3538 et
1382 3469 1422 3536 ab

464 3575 511 3642 eis
533 3571 684 3641 dividitur
701 3589 758 3658 per
773 3571 982 3658 baptismum;
1001 3573 1083 3640 unde
1100 3573 1283 3640 Psalmus⁵:
1307 3575 1423 3660 «Que-

464 3681 548 3748 niam
572 3685 660 3766 pater
685 3697 774 3746 meus
796 3685 828 3746 et
858 3685 960 3748 mater
992 3697 1062 3746 mea
1090 3679 1329 3766 dereliquerunt
1353 3697 1422 3760 me,

410 3853 411 3856 ,
464 3785 618 3854 Dominus
640 3789 747 3852 aretem
770 3783 918 3850 assumsit
942 3803 992 3852 me
1007 3811 1037 3850 s.
1064 3785 1106 3850 ld
1130 3785 1220 3852 istam
1237 3785 1420 3854 divisionem

463 3891 636 3960 taciendam
650 3895 774 3976 oportet
787 3889 907 3958 renasci
921 3891 1042 3970 denum
1061 3889 1183 3958 loannis
1198 3889 1309 3958 tertio:
1330 3917 1347 3952 <r
1359 3891 1422 3960 Nisi

464 3999 535 4084 quis
560 4001 690 4066 renatus
711 3997 808 4064 luerit
830 4015 873 4064 ex
895 4015 978 4084 aqna
1002 4003 1032 4066 et
1057 3997 1176 4082 Spiritu
1202 4003 1326 4078 sancto,
1360 4015 1422 4064 non

463 4109 567 4188 potest
595 4101 726 4168 introire
750 4103 782 4168 in
807 4119 940 4186 regnum
961 4099 1065 4168 Dei».
1097 4101 1179 4188 lgois
1208 4101 1293 4168 enim
1324 4101 1422 4168 divini

533 4549 543 4582 ¹
565 4551 700 4618 Ambros,
718 4551 769 4604 Vll.
787 4549 814 4602 in
833 4551 895 4604 leno.
917 4551 957 4602 te.
977 4565 1004 4602 n.
1023 4549 1092 4604 tam
1113 4549 1162 4618 Qui
1182 4557 1242 4604 sunt
1259 4553 1329 4606 enim
1349 4553 1423 4620 quin·

461 4655 528 4708 que,
542 4655 603 4694 eum
616 4653 658 4694 sex
673 4651 843 4706 personarum
858 4641 925 4692 lacta
937 4637 1058 4690 videatur
1070 4639 1211 4692 subiectio:
1231 4639 1313 4706 patris
1324 4645 1350 4692 et
1363 4639 1422 4704 dlii,

462 4729 555 4784 neutris
566 4735 591 4784 et
603 4729 687 4804 tiliae,
698 4741 790 4780 sacros
803 4731 828 4780 et
839 4729 942 4780 nerrust
959 4729 1127 4794 Quanrqaum
1140 4729 1234 4780 eadem
1248 4735 1338 4792 mater,
1352 4741 1422 4796 quae

462 4831 570 4882 socrus,
586 4819 671 4884 accipi
690 4817 789 4884 possit;
818 4831 888 4884 quae
905 4817 976 4870 enirn
997 4821 1079 4870 meter
1108 4819 1146 4870 εει
1174 4815 1218 4868 lilii
1247 4831 1338 4870 socrus
1366 4815 1422 4870 elus

462 4907 551 4960 texeris
568 4913 607 4960 est
626 4913 675 4960 etc.

532 4993 543 5026 ²
564 4997 639 5050 Vere.
656 4997 700 5050 30.
718 5023 755 5036 -··
772 4995 863 5048 Glossa
882 4993 967 5050 Dedae
987 4999 1025 5048 est
1044 4993 1187 5050 ordinaria
1199 4993 1224 5044 io
1240 4997 1303 5048 Luc.
1316 4993 1365 5062 li,
1377 4995 1423 5050 51.

533 5081 545 5114 ⁸
565 5085 639 5140 Vers.
659 5087 702 5138 lb.
722 5085 772 5138 Pru
791 5081 878 5138 Divisi
894 5083 940 5152 (ita
957 5085 1036 5136 etiam
1056 5083 1132 5136 Cord.
1151 5083 1229 5146 lingo
1249 5083 1274 5134 in
1292 5085 1353 5136 Luc.
1374 5085 1422 5150 te,

462 5173 518 5242 5-2.)
532 5173 644 5240 Vulgata
656 5179 684 5228 et
695 5173 753 5230 ilat.
766 5171 872 5228 Dimisi.
884 5201 921 5212 -
933 5173 991 5226 Duo
1003 5185 1076 5240 seqq.
1091 5173 1138 5224 loci
1152 5177 1212 5224 sunt
1225 5173 1302 5224 Eecli.
1315 5173 1364 5240 33,
1379 5173 1422 5226 t5.

463 5261 600 5330 (ACDDz
619 5263 728 5318 luteae
746 5259 837 5318 omnia
856 5275 940 5332 opera
956 5259 1104 5316 Allisse'mi:
1123 5275 1208 5314 uuum
1222 5263 1317 5316 eonbu
1333 5273 1422 5314 unum

457 5347 543 5416 penit.
558 5353 606 5402 Pro
619 5349 696 5418 ponit
705 5351 821 5404 secunda
834 5363 930 5404 manus
942 5349 968 5402 in
987 5347 1006 5404 C
1024 5349 1158 5402 substituit
1171 5351 1236 5416 ete.,·
1249 5349 1421 5418 propterte),

461 5443 488 5488 et
506 5437 591 5490 blotth.
614 5437 660 5504 tt,
681 5439 723 5490 tl.

531 5521 543 5554 ⁴
563 5525 699 5594 umbros,
718 5527 772 5580 Vll.
791 5527 817 5578 in
833 5527 897 5578 Luc.
918 5527 966 5590 te,
986 5543 1011 5580 n.
1031 5527 1100 5578 tat:
1124 5527 1327 5590 «Domusuna,
1340 5527 1422 5580 homo

461 5627 531 5668 rinus
550 5617 597 5664 est.
616 5613 803 5680 Unusquisque
821 5615 891 5666 enim
910 5613 1006 5668 domus
1023 5619 1069 5668 aut
1087 5615 1134 5666 Dei
1152 5621 1205 5682 εει,
1231 5619 1274 5668 εει
1297 5613 1423 5668 diaboli...

462 5705 489 5754 ln
508 5703 558 5754 hae
575 5713 640 5766 erge
659 5701 741 5754 domo
760 5699 814 5754 dno
832 5699 862 5754 in
880 5703 949 5768 tres,
976 5705 1002 5756 et
1028 5705 1082 5756 tres
1111 5701 1138 5758 iu
1166 5701 1235 5758 dees
1257 5701 1422 5757 dividuntur.

460 5791 532 5842 Duos
552 5789 664 5854 legimus
683 5791 831 5858 trequentes
849 5791 964 5842 animam
985 5797 1010 5842 et
1032 5803 1130 5858 eorpus
1148 5791 1248 5860 [blotth.
1267 5789 1317 5858 ts,
1339 5791 1421 5858 llll...

374 5893 375 5896 ’
461 5879 489 5930 Si
507 5879 574 5932 ditos
591 5879 765 5944 agnovimus,
783 5879 863 5932 etiarn
875 5881 930 5932 ires
943 5893 1146 5944 agnoscamus...
1159 5881 1224 5932 Tres
1236 5879 1307 5932 enim
1319 5879 1422 5932 animae

460 5965 488 6018 in
507 5979 619 6032 corpore
636 5965 786 6018 affectiones
805 5971 881 6018 sunt:
899 5979 951 6020 una
970 5965 1144 6032 rationabilis,
1165 5967 1212 6018 alia
1233 5965 1422 6032 concupiscibi-

460 6055 506 6120 lis,
522 6055 597 6108 tertia
612 6051 766 6120 impetibilis
785 6053 976 6124 [irascibilis]...
996 6055 1052 6106 Non
1070 6067 1134 6118 ergo
1152 6055 1206 6106 duo
1227 6055 1254 6106 in
1271 6055 1356 6118 denos,
1374 6055 1422 6106 sed

460 6143 514 6198 dna
533 6141 563 6198 in
580 6145 649 6208 tres,
671 6145 767 6198 altres
785 6141 816 6196 in
838 6139 908 6196 dues
933 6139 1107 6212 dividentur,-
1130 6143 1226 6196 etenim
1250 6155 1299 6208 per
1320 6143 1422 6196 adven·

460 6239 517 6286 tum
545 6233 639 6286 Christi
667 6235 762 6294 homo,
790 6229 835 6298 qai
866 6235 921 6282 erat
939 6229 1135 6294 irrationabilis,
1154 6228 1314 6286 rationabilis
1338 6235 1422 6286 lactus

460 6327 525 6374 ests
548 6329 598 6376 etc.
617 6349 651 6362 -
671 6319 789 6374 Subinde
809 6319 952 6382 allegantur
971 6321 1041 6370 loen.
1061 6319 1090 6384 8,
1111 6317 1152 6370 dl.
1172 6323 1197 6370 et
1214 6319 1307 6372 Erech.
1327 6319 1375 6384 l6,
1394 6321 1422 6372 3.

460 6409 537 6462 Card.
557 6411 648 6476 lingo,
662 6409 688 6464 in
699 6411 762 6464 Luc.
782 6409 830 6470 ld,
850 6409 902 6460 be:
921 6407 1063 6460 lloraliter:
1073 6409 1170 6474 pater,
1181 6407 1311 6474 mundum
1322 6409 1421 6472 tuear,

459 6511 529 6550 cara.
550 6499 641 6550 Erech.
659 6511 683 6550 e.
703 6499 754 6550 lb:
771 6497 854 6550 Pater
873 6499 936 6550 treus
948 6493 1149 6558 Amorrhaeos,
1163 6495 1242 6548 idest
1259 6493 1422 6558 amaricans,

458 6587 485 6640 et
503 6587 589 6640 mour
610 6589 657 6640 lue
677 6583 805 6650 Cathena,
825 6583 854 6636 id
873 6589 913 6636 est
932 6583 1035 6646 garrula
1056 6583 1115 6648 (cir.
1131 6583 1238 6634 Hieron.
1255 6581 1283 6634 in
1304 6583 1420 6634 eundem

458 6673 524 6726 loe:
543 6671 745 6738 Amorrhaeos,
763 6673 811 6740 qui
828 6671 1012 6736 interpretatm
1026 6669 1205 6742 λαλοιμενος,
1228 6671 1254 6724 id
1272 6677 1312 6724 est
1332 6667 1421 6724 multu

458 6773 583 6814 smmum
601 6757 767 6826 celebratus,
787 6763 812 6814 el
833 6761 924 6814 uiolet·
941 6761 991 6814 lua
1014 6745 1142 6826 German,
1162 6759 1188 6814 id
1212 6765 1253 6814 εει
1277 6751 1420 6824 incedas,

458 6861 528 6916 quae
547 6849 588 6902 vel
608 6847 668 6918 ipsa
686 6847 800 6916 insanit,
818 6851 861 6902 vol
879 6847 949 6904 alies
967 6847 1095 6904 millitia
1114 6847 1281 6916 amentiam).
1339 6863 1342 6870 ··

2386 543 2451 616 333

1492 713 1608 784 amoris
1631 719 1661 784 et
1685 715 1861 802 baptismus
1884 719 1946 782 tam
1969 713 2108 784 flaminis
2130 733 2225 802 qnam
2249 717 2388 788 fluminis
2420 727 2450 790 et

1493 823 1653 910 sanguinis
1685 839 1792 892 omnes
1821 821 1932 890 Dividit
1958 841 1977 888 a
2006 821 2186 892 domesticis
2215 823 2394 904 iuimiais⁶;
2420 833 2450 894 et

1492 929 1571 996 haee
1591 935 1639 996 est
1661 927 1800 996 efficacia
1820 927 1973 998 adventus
1998 925 2100 1014 primi.

1581 1037 1635 1102 79.
1658 1033 1761 1120 (Vens.
1778 1033 1856 1120 ab).
1875 1033 2007 1102 Dicebat
2021 1041 2134 1102 enam
2147 1041 2180 1102 et
2193 1031 2241 1102 ecl
2255 1033 2374 1102 turbes
2387 1039 2447 1102 etc.
2472 1051 2513 1096 eu
2528 1065 2607 1110 sipri-

2483 1105 2586 1152 honsione

1493 1141 1656 1226 Postquam
1693 1139 1836 1208 invitavit
1859 1139 1897 1208 ad
1921 1139 2132 1228 vigilantiam,
2154 1139 2206 1208 hia
2231 1137 2368 1206 seeundo
2390 1157 2448 1204 ar·
2471 1157 2599 1204 renatorum

1490 1245 1566 1332 pail
1585 1243 1838 1332 negligentium,
1865 1247 2006 1332 quaeda
2028 1245 2130 1332 gratia
2156 1243 2271 1312 Christi
2297 1243 2448 1312 venientis
2475 1211 2594 1308 affiii'i‘u'

1492 1369 1555 1420 oon
1577 1357 1671 1420 rarat
1684 1351 1705 1418 l.
1732 1351 1766 1420 Et
1790 1351 1885 1420 habet
1913 1355 1992 1420 haec
2020 1369 2095 1438 pars
2126 1351 2214 1420 duas.
2247 1350 2280 1417 ln
2311 1369 2446 1438 quarum
2466 1369 2556 1414 oriem.

1490 1457 1592 1544 prima
1617 1459 1794 1546 redarguit
1816 1459 2050 1546 negligentium
2072 1467 2220 1546 respectu
2241 1457 2375 1546 gratiae
2395 1475 2448 1524 co-

1490 1565 1695 1650 gnoscendae
1704 1589 1717 1644 ;
1735 1565 1872 1634 secundo
1886 1583 1981 1644 vera,
1998 1575 2146 1654 respectu
2158 1563 2378 1652 paenitentiae
2390 1561 2447 1652 so-

1492 1669 1643 1750 cientlae,
1668 1671 1758 1738 ibi⁸z
1782 1671 1936 1738 Aderant
1955 1679 2069 1738 autem
2099 1671 2238 1760 quidam
2268 1669 2340 1758 ipso
2371 1677 2447 1738 lem·

1487 1795 1578 1864 pere.
1601 1777 1679 1844 Nam
1702 1775 1847 1842 Christus
1871 1775 1955 1842 veuit
1970 1777 2008 1842 ad
2024 1777 2157 1862 gratiam
2182 1777 2400 1846 conferendam
2417 1785 2448 1846 et

1490 1879 1710 1966 paenitentiam
1736 1879 1986 1966 praedicandam.

1580 1987 1818 2074 Neglipeutiam
1850 1993 1956 2054 autem
1988 1995 2135 2072 respectu
2165 1987 2301 2074 gratiae
2327 2005 2614 2074 capno-eremum·

1490 2091 1629 2158 suendae
1650 2091 1828 2178 redarguit
1842 2097 1974 2176 propter
1991 2091 2067 2170 tria,
2084 2091 2201 2160 scilicet
2217 2099 2347 2178 propter
2363 2111 2445 2160 eom·
2464 2061 2616 2170 giiiiianiii*

1490 2197 1692 2266 monitionem
1713 2197 1889 2266 exterioris
1912 2197 2050 2278 iudicii,
2066 2197 2237 2266 interioris
2251 2197 2394 2266 iudicii⁹
2417 2206 2447 2268 et
2469 2171 2608 2282 illidii}

1489 2305 1675 2392 superioris
1696 2303 1803 2372 edicti.
1839 2353 1844 2356 -i
2465 2271 2615 2382 illidam·
2699 2385 2700 2388 Ἴ

1576 2411 1682 2476 Primo
1703 2409 1802 2496 igitur
1823 2413 1980 2496 quantum
2003 2411 2043 2478 ad
2065 2409 2348 2476 commonitionem
2363 2419 2445 2478 erate-
2464 2429 2541 2488 onom
2555 2431 2601 2486 prr·

1488 2515 1592 2584 rioris
1617 2515 1755 2596 iudicii,
1778 2523 1910 2602 propter
1928 2533 2020 2602 qnam
2038 2515 2226 2602 negligentia
2241 2515 2443 2602 ragemundi
2495 2495 2562 2528 ‘'mn''

1487 2625 1534 2688 est
1559 2619 1831 2704 reprehensibilis
1857 2619 1951 2686 dicit:
1976 2617 2111 2686 Dicebat
2132 2627 2245 2686 autem
2259 2619 2352 2686 etad
2373 2625 2445 2686 tur-

1488 2725 1569 2792 bes:
1591 2725 1687 2794 Cum
1715 2725 1867 2794 videritis
1894 2725 2013 2794 nubem
2045 2725 2201 2794 orientem
2234 2725 2273 2794 ab
2303 2743 2442 2806 occasu,

1487 2831 1599 2898 statim
1631 2831 1764 2898 dicitis:
1798 2831 1939 2900 Nimbus
1969 2833 2074 2912 omit,
2111 2831 2141 2898 id
2173 2839 2220 2900 est
2249 2833 2351 2900 imber
2373 2833 2445 2916 plu-

1487 2937 1572 3018 viae,
1604 2947 1635 3006 el
1656 2939 1704 3006 ite
1727 2937 1839 3026 fiel10,
1865 2939 2020 3026 quiahoc
2045 2937 2256 3024 assignem,
2282 2957 2354 3008 curn
2375 2957 2445 3006 oae-

1486 3047 1554 3113 lum
1576 3045 1661 3114 nube
1685 3047 1844 3132 operitur,
1868 3043 1952 3132 qued
1968 3045 2064 3114 terris
2084 3045 2193 3130 pluvia
2216 3051 2443 3132 praeparatum

1487 3153 1643 3220 Psalmus:
1673 3177 1689 3210 «
1703 3151 1763 3238 Qui
1784 3151 1886 3238 operit
1910 3151 2030 3220 eaelum
2054 3151 2193 3220 nubibus
2216 3157 2247 3218 et
2268 3157 2360 3238 parat
2381 3157 2445 3218 ter-

1486 3275 1540 3324 rae
1563 3257 1751 3344 pluviam».

1568 3365 1628 3458 ⁴80.
1652 3363 1754 3448 (Vers
1781 3363 1858 3446 55).
1884 3367 1926 3430 Et
1946 3383 2023 3430 cum
2048 3369 2204 3430 austrum
2219 3361 2373 3448 flantem,
2393 3361 2443 3430 eli-

1487 3469 1578 3538 eitis:
1606 3469 1693 3554 Quia
1717 3479 1828 3538 aestus
1852 3469 1932 3550 erit,
1955 3471 2096 3538 erite11
2118 3469 2180 3556 tim
2203 3469 2256 3538 lob
2286 3469 2444 3556 trigesima

1487 3577 1639 3662 septimo:
1671 3577 1808 3644 «Nonne
1830 3577 2014 3646 vestimenta
2039 3585 2093 3646 tua
2116 3577 2214 3646 calida
2238 3583 2351 3658 erunt,
2371 3595 2444 3644 cum

1488 3685 1619 3768 perflata
1640 3681 1737 3750 fuerit
1759 3689 1846 3748 terra
1868 3689 1977 3752 austro
1994 3689 2028 3750 a?

1574 3791 1628 3856 8l.
1653 3789 1755 3874 (Vens.
1781 3791 1859 3872 bb).
1883 3791 1920 3856 m
1940 3791 2016 3874 quia
2040 3809 2080 3856 ex
2098 3789 2147 3856 his
2164 3789 2363 3858 sensibilibus
2378 3809 2444 3856 ma-

1487 3893 1660 3960 nuducitur
1684 3895 1777 3960 homo
1801 3893 1838 3960 ad
1867 3895 2101 3980 intelligentiam
2130 3893 2258 3960 illorum
2291 3913 2371 3980 quae
2398 3895 2442 3960 illl

1487 3997 1686 4066 considerare
1715 3997 1935 4084 negligebant,
1969 3997 2039 4066 ideo
2068 3999 2196 4066 subdit:
2224 3997 2442 4088 procritue,

1487 4099 1611 4188 faciem
1632 4101 1716 4170 coeli
1738 4109 1767 4168 et
1790 4111 1899 4170 terrae
1915 4105 2016 4186 nostis
2031 4103 2196 4190 probare,·
2217 4101 2277 4170 hoc
2293 4111 2403 4170 autem
2417 4105 2442 4146 ¹²

1558 4549 1683 4606 ⁶Psalm.
1702 4555 1750 4618 26,
1772 4553 1813 4604 to.
1831 4551 2008 4618 -Sequitur
2028 4555 2097 4604 loen.
2117 4551 2196 4614 pr

1557 4637 1735 4704 ὃιιεεριειιεε
1752 4641 1840 4694 ιιειιιι.
1862 4627 1979 4706 ιθ,”36;
1998 4639 2028 4692 Et
2049 4639 2148 4692 inimici
2172 4639 2285 4692 hominis
2308 4639 2445 4692 domestici

1487 4729 1552 4782 eius.
1570 4727 1622 4782 Ch.
1640 4729 1716 4780 blich.
1735 4729 1764 4794 7,
1784 4729 1810 4780 6.

1557 4813 1636 4870 'Clu
1655 4831 1737 4882 supra
1753 4831 1781 4870 n.
1799 4815 1842 4868 tt.
1862 4843 1897 4856 -·
1917 4817 1998 4882 Supra
2019 4831 2067 4882 pro
2086 4813 2208 4870 inuitauit
2228 4815 2287 4870 Vol.
2309 4813 2445 4870 rutilabit.

1557 4901 1649 4970 ‘'Cap.
1671 4905 1719 4968 ta,
1739 4907 1770 4968 t;
1790 4919 1838 4972 pro
1857 4903 1914 4974 apso
1932 4907 2051 4972 tempore
2069 4903 2115 4972 (ita
2133 4905 2214 4958 etiam
2233 4903 2308 4958 Card.
2328 4893 2444 4968 tinguet
2500 4907 2502 4912 “

1486 4993 1614 5062 tyranus)
1635 4993 1746 5058 Vulgata
1764 4993 1823 5062 ipse
1843 4993 1871 5046 ia
1889 4997 2028 5062 tempore,·
2047 4995 2093 5046 elh.
2112 4993 2177 5046 intre
2195 5005 2219 5046 c.
2240 4993 2283 5046 l3.
2300 5007 2325 5044 n.
2345 4993 2367 5044 t.
2380 4997 2407 5044 et
2420 4993 2442 5044 l.

1556 5079 1567 5110 ⁹
1586 5085 1644 5136 vat.
1664 5083 1756 5138 omittit
1775 5083 1914 5138 interioris
1931 5081 2034 5136 iudicii.

1559 5167 1581 5200 ¹⁰
1601 5175 1649 5226 Pro
1668 5171 1713 5242 piet
1731 5173 1775 5242 (ita
1796 5173 1872 5224 etiam
1891 5171 1968 5228 Card.
1987 5173 2063 5238 lingo
2075 5171 2242 5240 etLyranus)
2262 5173 2286 5224 ll
2303 5185 2363 5224 cum
2384 5173 2447 5224 Vol-

1487 5267 1546 5326 gata
1562 5259 1605 5332 fit.
1617 5287 1650 5300 «-
1667 5263 1789 5328 Seqtritur
1807 5263 1849 5314 Ps.
1868 5251 1934 5324 rtet,
1952 5263 1978 5314 8.
1991 5289 2027 5302 ι-
2041 5261 2167 5326 Superius
2178 5273 2229 5326 pro
2240 5257 2325 5314 imber
2333 5259 2445 5330 planiae

1487 5349 1530 5418 (ita
1545 5349 1604 5404 Vat.
1615 5353 1639 5402 et
1652 5349 1731 5402 codd.
1743 5353 1848 5416 praeter
1860 5347 1893 5412 C,
1907 5349 1952 5416 qai
1962 5347 2042 5402 hahet
2052 5347 2135 5404 utebar
2144 5347 2281 5416 pluviae),
2294 5349 2315 5400 H
2330 5347 2439 5418 pluuia,

1485 5443 1510 5492 et
1526 5437 1639 5492 subinde
1652 5451 1700 5504 pro
1716 5441 1900 5506 praeparetur
1918 5437 1974 5490 AD
1991 5437 2079 5500 detur,
2099 5438 2120 5490 ll
2142 5435 2312 5506 infundatur.
2331 5435 2381 5490 Ch.
2403 5437 2443 5490 lsi·

1484 5527 1555 5592 der„
1568 5529 1629 5582 Xlll.
1649 5528 1796 5592 Etymolog.
1808 5539 1832 5578 c.
1847 5527 1888 5580 te.
1903 5543 1929 5580 n.
1946 5527 1993 5580 ut
2004 5545 2012 5578 ε
2024 5525 2134 5580 Pieriae
2147 5527 2247 5590 dictae,
2258 5527 2333 5592 qnod
2348 5527 2444 5590 ssuant,

1484 5613 1695 5684 quasillarias...
1709 5613 1823 5670 Nimbus
1836 5615 2001 5668 est‘deositas
2013 5613 2092 5668 nubis
2105 5615 2261 5678 intempesta
2275 5621 2300 5668 et
2311 5603 2439 5678 obscura,

1485 5709 1509 5758 et
1527 5703 1589 5756 inde
1607 5701 1714 5758 nimbus
1733 5719 1747 5756 a
1765 5701 1845 5758 nube.
1865 5703 1930 5756 Sunt
1947 5709 2037 5756 notem
2055 5701 2137 5754 nimbi
2158 5701 2307 5766 repentinae
2325 5707 2352 5754 et
2369 5717 2442 5766 prae·

1485 5791 1575 5856 cipites
1595 5791 1712 5858 pluviam
1735 5805 1796 5844 nam
1813 5789 1918 5854 pluvias
1934 5803 2062 5844 vocamus
2074 5791 2157 5844 lentas
2169 5794 2194 5842 et
2208 5791 2297 5854 iuges,
2309 5791 2385 5858 quasi
2400 5791 2446 5842 llo·

1485 5877 1557 5944 vias,
1574 5879 1617 5932 vel
1635 5879 1710 5946 quasi
1731 5881 1850 5932 anantes.
1867 5877 1969 5934 imbres
1988 5885 2074 5932 autem
2094 5885 2118 5930 ει
2135 5879 2172 5932 ad
2189 5877 2274 5930 nubes
2292 5885 2317 5930 et
2336 5879 2370 5932 ad
2390 5879 2445 5944 plu·

1485 5967 1542 6022 vias
1560 5967 1705 6032 pertinent,
1725 5969 1788 6020 dicti
1805 5981 1820 6018 a
1839 5969 1938 6022 Graeco
1956 5965 2088 6020 vocabulo
2107 5959 2243 6034 [linborch
2263 5967 2337 6032 quod
2349 5973 2446 6018 terram

1486 6053 1615 6124 inebrient
1632 6055 1668 6106 ad
1686 6055 1889 6118 germinandum
1911 6062 1960 6107 ειε.

1556 6139 1577 6172 ¹¹
1600 6141 1710 6208 Vulgata
1730 6141 1823 6194 oorittit
1842 6139 1893 6206 ile,
1914 6143 1986 6208 qnod
1998 6145 2087 6194 tamen
2099 6139 2235 6194 exhibetur
2245 6139 2323 6192 etiam
2339 6141 2396 6194 all.
2408 6139 2447 6192 Al·

1486 6229 1560 6284 berto
1577 6235 1605 6284 et
1622 6231 1649 6282 S.
1670 6231 1764 6282 Thom.
1784 6229 1850 6298 (Cet.
1867 6243 1946 6282 arrreu
1966 6231 1992 6282 ln
2010 6233 2073 6282 Luc.
2093 6243 2115 6282 c.
2134 6229 2176 6282 tt.
2195 6241 2224 6280 n.
2243 6227 2304 6298 lh).
2324 6227 2447 6282 -Sub-

1485 6319 1546 6370 inde
1564 6319 1692 6382 allegatur
1708 6317 1754 6371 lob
1773 6319 1820 6378 37,
1842 6317 1881 6370 tt.

1556 6403 1577 6434 ¹²
1598 6407 1686 6458 Plures
1705 6403 1800 6468 redd,
1817 6409 1848 6456 ut
1864 6403 1960 6470 ACD,
1979 6405 2103 6458 omittunt
2119 6405 2220 6458 aretem.
2234 6403 2294 6458 Post
2306 6405 2445 6472 lempusll

1486 6493 1559 6548 addit
1575 6493 1775 6548 interlinearis:
1794 6493 1850 6546 mei
1864 6493 2012 6560 adrentus‚·
2031 6495 2057 6546 in
2074 6493 2226 6546 Dseonndo
2238 6505 2332 6546 manos
2345 6493 2445 6548 addidit

1485 6581 1599 6652 pretim.
1617 6579 1671 6634 Ch.
1688 6583 1773 6648 Beda,
1793 6581 1834 6634 lV.
1853 6583 1880 6634 in
1901 6583 1964 6634 Lao.
1983 6583 2032 6650 te,
2051 6583 2101 6634 56:
2117 6583 2173 6634 Ηοε
2190 6583 2311 6648 tempus,
2331 6583 2382 6634 hoe
2407 6589 2445 6634 est

1485 6667 1527 6722 vel
1546 6667 1638 6734 primi,
1658 6669 1699 6722 vel
1719 6667 1828 6722 meandi
1847 6667 1972 6722 deminici
1984 6667 2126 6736 adventum
2139 6681 2200 6722 uam
2214 6667 2247 6722 de
2259 6673 2371 6736 uhoque
2384 6681 2448 6722 non·

1484 6759 1555 6812 nulla
1572 6757 1751 6824 praemiserat
1769 6787 1807 6798 -
1823 6759 1952 6826 Superius
1977 6773 2027 6826 pro
2045 6757 2082 6814 erl
2105 6757 2308 6828 intelligentium
2333 6757 2447 6814 illerum

1486 6845 1515 6918 [b
1534 6845 1734 6920 spiritualium]
1756 6859 1825 6918 quae
1846 6849 1903 6904 liat.
1922 6847 1959 6904 acl
1977 6847 2179 6918 tneettlperne'an
2197 6861 2291 6918 quum.
