5900 8266
528 607 567 670 dS
1130 595 1323 664 COMMENT.
1346 593 1384 662 IN
1406 595 1644 680 utlnneutlttot
1669 593 1785 662 LUCAE
1811 595 1841 660 C.
1867 595 1899 658 11.

595 773 597 778 ’
613 775 647 838 ln
670 775 728 838 hac
747 771 951 856 purpatione
966 787 1040 856 ergo
1055 777 1087 838 et
1103 769 1263 838 delatione
1277 779 1308 838 θῖ
1325 769 1482 838 oblatione

323 967 325 970 Ι
361 895 508 940 coronarium.
527 877 735 964 significatur,
765 877 848 960 qaod
872 875 926 960 qnni
953 883 1105 960 purgatus
1130 883 1174 942 est
1199 895 1217 940 a
1240 877 1390 962 superbia
1411 881 1482 942 eta

525 981 712 1068 negligentia
746 981 916 1066 dispositus
949 985 1013 1058 θεῖ,
1043 985 1081 1046 ut
1102 983 1261 1048 ascendat
1283 983 1323 1048 ad
1344 985 1481 1048 contem·

526 1087 692 1174 platiouem
717 1087 771 1152 Dei
794 1093 828 1152 et
853 1085 1029 1152 descendat
1049 1085 1090 1150 ad
1110 1087 1392 1154 considerationem
1413 1085 1479 1164 sui,
1508 1163 1509 1166 Ἴ

525 1198 554 1260 et
578 1211 717 1258 sursum
738 1191 917 1258 ascendens
940 1197 1043 1276 gemat
1068 1209 1107 1258 en
1130 1209 1235 1258 amore
1253 1199 1284 1258 et
1298 1191 1479 1268 deuotione,

524 1297 678 1382 deorsum
711 1295 840 1362 rediens
870 1303 975 1380 gemat
1005 1315 1046 1362 ex
1077 1297 1264 1362 contritione
1285 1303 1317 1362 et
1340 1313 1481 1380 eompas-

524 1399 628 1480 sione;
655 1405 684 1466 θῖ
710 1401 738 1466 in
765 1399 813 1468 his
838 1399 977 1468 consistit
1001 1399 1151 1486 perfectio
1171 1399 1293 1468 animae
1310 1407 1434 1468 sanctae
1450 1407 1480 1472 θῖ

523 1507 587 1574 Deo
608 1507 745 1576 denome
1395 1557 1396 1560 π

612 1615 664 1680 58.
691 1617 730 1680 m
752 1631 834 1692 ecee,
856 1611 953 1680 bomo
974 1621 1048 1680 erut
1064 1615 1100 1680 in
1115 1615 1295 1680 lerccsatem
1315 1619 1372 1682 ete.
1396 1617 1479 1684 Post-

359 1737 617 1806 secuncundum
643 1719 797 1804 descripta
823 1725 868 1786 esi
893 1721 1007 1808 annisu
1031 1719 1208 1786 lunmiliatio
1227 1721 1402 1788 secundnm
1425 1723 1479 1788 Le·

371 1793 452 1836 Christi
467 1793 507 1836 ola·
545 1829 549 1840 .
854 1825 858 1838 .
1152 1827 1157 1840 .
1185 1829 1191 1840 .
1290 1827 1296 1840 .
1438 1831 1443 1842 .

380 1845 497 1890 sanctiue
524 1847 570 1914 gns
593 1835 812 1914 praeceptam,
831 1829 881 1894 hnc
898 1827 1035 1894 secundo
1058 1829 1249 1896 descrnbntnr
1271 1847 1340 1894 enus
1354 1829 1479 1914 elured-

360 1899 608 2002 nisiin‘iiiiinicatio
629 1955 690 2020 per
719 1933 867 2002 cecitatis
900 1935 1131 2002 testimoniam.
1155 1935 1192 2002 Et
1214 1935 1362 2020 quoniam
1395 1937 1480 2002 testi-

524 2041 662 2110 moninm
686 2041 725 2108 ad
748 2041 935 2128 hamound
959 2041 998 2108 ε1ῖ
1022 2041 1168 2122 lirnium,
1194 2041 1284 2110 debet
1308 2031 1479 2126 pioeedere

524 2167 563 2216 ex
589 2167 644 2214 ore
660 2147 797 2232 plurium
814 2149 825 2188 1
835 2173 842 2228 ;
858 2147 927 2214 ideo
945 2147 1157 2214 introducitur
1173 2149 1388 2214 testinnonium
1403 2147 1480 2214 duo-

524 2273 594 2320 num
617 2271 774 2332 sexuum,
797 2255 915 2321 seilicet
936 2253 1036 2320 virilis
1052 2261 1084 2320 ct
1099 2253 1281 2332 muliebris,
1306 2261 1479 2338 utrumque

524 2367 625 2428 tannnen
650 2361 981 2444 authenticumque
1006 2367 1179 2446 ntrunnque
1197 2359 1424 2446 propheticum
1450 2365 1479 2426 et

523 2473 694 2554 utramque
717 2467 777 2534 fide
799 2466 929 2554 dignum
948 2451 1077 2554 propter
1098 2467 1257 2534 meritum
1278 2467 1476 2534 sanctitutis.

524 2575 556 2640 Et
581 2573 792 2658 praemittitur
818 2573 1031 2640 testinnonium
1054 2571 1112 2640 uiri
1140 2577 1286 2658 unquam
1313 2571 1478 2656 dignioriS,

523 2687 551 2748 et
575 2677 721 2746 snnbditur
754 2679 964 2746 testinnonium
995 2679 1140 2766 mulieris
1168 2687 1333 2764 tanquam,
1352 2677 1479 2744 interio-

523 2787 583 2866 11ε,
606 2791 639 2852 et
661 2785 720 2852 hoa
743 2785 784 2852 ibi
799 2785 835 2852 ²:
861 2787 900 2852 Et
922 2795 997 2850 erat
1020 2789 1122 2852 Anum
1142 2785 1350 2872 pronosticon
1375 2791 1433 2852 eta.

608 2891 699 2956 Cinea
722 2891 885 2964 Simeonis
907 2891 1121 2958 testimonium
1140 2891 1199 2956 tria
1214 2891 1476 2956 innlrodneuutur:

363 3019 501 3082 peccatumq-
522 3001 658 3084 primum
690 2997 895 3082 testificantis
924 2999 1083 3064 interitum
1112 2999 1250 3064 solidans
1278 2999 1319 3064 ad
1349 2999 1478 3066 ereden-

356 3073 507 3188 n¹⁰cniissiii¹³
522 3107 618 3186 alutam
645 3105 816 3172 seeundum
841 3113 888 3172 est
913 3105 1151 3190 testificationis
1170 3105 1389 3192 praeconium
1417 3107 1479 3172 ele-

411 3183 463 3222 Μ’
523 3231 598 3280 nom
619 3213 659 3280 ael
682 3211 918 3290 adrnirandum,
944 3217 973 3278 et
998 3213 1056 3278 hoc
1074 3211 1115 3278 ibi
1130 3211 1161 3276 3:
1182 3215 1221 3278 ut
1237 3211 1398 3278 benedicit
1416 3211 1477 3276 Do-

524 3319 653 3384 minum
683 3325 714 3384 ct
734 3319 784 3384 uit
808 3325 864 3384 etc.
892 3317 1029 3384 Tertium
1059 3323 1105 3382 θεῖ
1125 3317 1301 3402 praeconii
1323 3325 1479 3402 tempero·

521 3433 663 3490 latendum
698 3425 847 3490 inclinans
872 3423 908 3490 ad
934 3423 1290 3508 compatiendum,ihi:
1322 3425 1361 3490 tn
1389 3421 1477 3488 bene-

522 3531 606 3596 diccit
630 3529 696 3596 tttts
719 3529 857 3596 Sinneon.
897 3597 898 3600 ,
1356 3521 1362 3526 ’

608 3635 768 3718 Querulum
790 3635 831 3700 ad
851 3635 990 3720 primum
1016 3641 1106 3712 nauta,
1133 3635 1216 3720 quod
1237 3631 1395 3720 perfectio
1410 3655 1476 3700 nte-

379 3761 460 3824 nnmo,
474 3759 501 3802 ac
521 3739 582 3808 niti
602 3739 753 3808 Simeonis
776 3739 808 3804 in
829 3739 953 3808 dnnobus
968 3741 1162 3826 explicatur,
1181 3739 1298 3808 scilieet
1313 3739 1344 3806 in
1361 3739 1476 3808 babitu

368 3817 502 3910 iiiiii}
521 3847 655 3912 uirtutis
686 3853 716 3912 et
746 3845 870 3932 spiritu
902 3847 1072 3926 ueritatis,
1100 3847 1193 3912 ihi4:
1217 3849 1257 3912 m
1279 3865 1476 3930 responsum

368 3921 419 3964 ‘1⁰⁰‘
521 3957 700 4036 acceperat.
724 3953 761 4016 Et
783 3951 858 4018 haec
884 3953 946 4018 duo
969 3951 1104 4018 reddant
1127 3951 1282 4018 hominem
1308 3953 1338 4018 in
1364 3953 1476 4018 saneti-

369 4075 489 4140 annania
520 4063 582 4124 tate
596 4055 780 4140 perlectum.
797 4093 840 4102 -
855 4057 1001 4124 Habitus
1023 4063 1130 4122 autem
1152 4057 1218 4124 sine
1242 4075 1320 4124 usas
1341 4057 1476 4124 uirtutis

355 4135 439 4174 ”⁸⁰⁰⁵
452 4133 500 4172 ‘³¹³'
520 4165 549 4228 in
576 4161 677 4228 trihus
702 4163 840 4230 consistit
863 4165 1017 4248 perfecte,
1040 4163 1158 4232 scilieet
1174 4165 1206 4230 in
1221 4163 1338 4250 fauna,
1360 4165 1431 4230 uita
1446 4171 1476 4230 et

518 4267 644 4354 pratia,
668 4269 806 4336 Primum
832 4275 879 4358 ast
902 4269 942 4334 ah
965 4275 1080 4348 cuttu,
1104 4269 1277 4336 seeundum
1299 4269 1338 4334 ab
1364 4269 1473 4348 iutnu,

520 4373 647 4440 tertium
670 4393 690 4438 a
711 4393 829 4460 stupra.
868 4355 878 4366 ⁸

607 4483 658 4546 bb.
685 4483 784 4564 (Vere.
803 4481 1056 4564 antonomum
1080 4481 1119 4548 ad
1135 4477 1266 4568 famum
1281 4481 1419 4548 dicitur:
1438 4483 1477 4548 Εῖ

382 4603 457 4660 oanan
470 4603 501 4646 a·
519 4605 604 4664 eece,
623 4585 716 4652 leonto
732 4595 807 4652 erot
830 4585 864 4652 iu
888 4587 1088 4664 Jerusalem,
1114 4585 1171 4652 cui
1185 4605 1302 4650 nenton
1325 4585 1496 4664 alueum.

407 4669 471 4700 malli.

519 4709 598 4776 quae
623 4691 737 4758 scilieet
764 4691 872 4756 ciuitas
894 4699 961 4756 erat
985 4693 1097 4776 regalis
1122 4697 1151 4758 et
1175 4691 1392 4772 sacerdotalis,
1421 4691 1476 4756 ulti

519 4795 676 4882 potissime
701 4795 823 4882 vigebat
844 4799 957 4864 cultus
974 4797 1026 4864 Dei
1052 4795 1224 4864 secundum
1246 4797 1476 4864 observantiam

518 4903 622 4990 Logia,
648 4905 729 4972 uude
753 4911 872 4970 sancta
893 4903 1044 4972 distinct
1071 4905 1117 4970 Ex
1138 4923 1202 4988 quo
1216 4903 1312 4970 datur
1326 4903 1474 4990 intelligi,

413 5003 414 5006 ’
518 5007 600 5094 qnnod
617 5029 746 5096 magnae
764 5009 934 5078 honestatis
950 5011 1144 5088 anathema,
1162 5011 1216 5096 qui
1233 5011 1264 5076 in
1282 5009 1335 5076 tali
1352 5009 1476 5076 civitate

518 5113 651 5182 habebat
665 5117 789 5182 famam.
809 5117 844 5182 Et
861 5117 920 5182 hoe
937 5115 1077 5200 designat
1089 5115 1294 5200 Euangelisla,
1307 5117 1410 5200 ipsum
1423 5117 1475 5182 de·

518 5223 718 5288 monstrando
734 5229 766 5290 θῖ
782 5239 894 5288 nomen
909 5221 978 5288 eius
991 5221 1195 5304 explicassem
1209 5221 1292 5286 unde
1304 5221 1362 5286 sihi
1376 5227 1475 5306 petest

518 5331 695 5412 competere
709 5327 786 5394 illud
800 5325 1002 5394 Ecclesiastiei
1016 5325 1136 5394 decimo
1151 5327 1263 5412 quinto
1274 5327 1307 5392 6:
1328 5351 1344 5384 a
1362 5327 1393 5392 ln
1409 5343 1475 5392 me-

517 5431 567 5498 dio
589 5433 743 5500 Ecclesiae
765 5433 886 5518 operiet
914 5451 950 5500 οε
972 5433 1060 5512 eino,
1082 5437 1114 5498 et
1137 5431 1278 5518 implebit
1311 5449 1383 5500 eam
1414 5431 1475 5498 Do-

516 5537 620 5602 minus
650 5539 765 5622 spirito
795 5539 1011 5626 sapientiae»;
1043 5547 1074 5606 et
1105 5544 1176 5624 post
1208 5537 1377 5605 subditur:
1406 5563 1423 5596 a
1440 5539 1474 5602 ut

516 5643 640 5710 nomine
670 5641 798 5710 aeterno
824 5643 1011 5710 hereditabit
1031 5645 1123 5710 illum
1139 5671 1170 5708 n.
1196 5645 1281 5710 Unde
1307 5653 1391 5712 reate
1414 5645 1473 5710 iste

516 5749 698 5836 designator
713 5767 769 5834 pen
787 5749 981 5826 Simeonem,
1007 5751 1106 5816 filinam
1129 5749 1245 5830 Ouiae,
1268 5749 1307 5816 de
1329 5767 1393 5834 qno
1418 5749 1473 5814 Ec-

586 6131 594 6162 ¹
615 6133 666 6188 Cln.
687 6147 765 6198 supra
783 6149 846 6200 pag.
867 6135 912 6196 la,
933 6137 993 6184 nnota
1013 6133 1035 6184 b.
1079 6165 1081 6168 -

516 6255 518 6258 -
586 6217 773 6274 ’ῖ1θ1ε.36.Ι

585 6307 596 6338 ³
615 6311 691 6364 Vens.
709 6311 758 6362 28:
776 6309 810 6364 Et
829 6307 960 6364 benedicit
979 6311 1066 6364 Decem
1088 6313 1117 6364 et
1133 6307 1202 6362 dtatt
1224 6313 1287 6370 ete.;
1307 6307 1410 6360 tertium
1432 6311 1473 6360 lna·

515 6397 590 6454 heliu
608 6415 636 6450 v.
655 6401 698 6452 31.

516 6529 518 6536 .
584 6487 690 6540 ‘Vens
709 6489 753 6538 26.

584 6575 595 6604 ⁶
614 6577 685 6628 Libr.
703 6577 729 6628 ll.
750 6577 845 6628 Esdrae
861 6577 905 6640 tl,
926 6575 1072 6642 lzlleliqua
1089 6589 1154 6628 reno
1171 6575 1248 6640 plebs
1259 6577 1328 6630 nnisit
1347 6583 1473 6630 sortem...

515 6667 561 6730 qui
579 6663 716 6718 habitaturi
737 6669 823 6716 essent
839 6663 870 6716 in
887 6667 1041 6728 Ierusalem,
1062 6663 1165 6718 civitate
1185 6671 1282 6718 saneta.

584 6749 595 6780 ⁶
610 6755 691 6804 lions.
706 6753 735 6814 5,
755 6757 814 6816 post
826 6767 906 6818 quem
927 6769 952 6804 v.
972 6753 998 6802 6.
1010 6779 1046 6790 ·—
1060 6751 1177 6804 Subinde
1188 6745 1315 6818 allegatur
1332 6751 1412 6806 Eceli.
1425 6753 1470 6820 50,

516 6839 537 6892 l.
560 6841 619 6910 (pro
638 6839 761 6904 Simeon,
781 6841 854 6904 quod
868 6841 990 6892 exhibent
1006 6841 1085 6892 nostri
1105 6841 1183 6892 codd.
1201 6845 1344 6892 cumtentu
1365 6841 1470 6904 Syriaco

515 6933 538 6980 et
559 6927 685 6994 Arabico,
705 6929 816 6992 Vulgata
835 6925 944 6994 Simon)
963 6935 990 6980 et
1009 6931 1050 6980 l3.

1545 769 1709 838 clesiastloi
1731 769 2013 856 quinquagesimo:
2034 793 2051 828 n
2069 769 2205 850 Simeon,
2222 769 2319 838 Oniae
2333 769 2437 850 tiliana,
2453 787 2503 838 sa-

1545 875 1655 942 cerdos
1677 893 1811 960 magnus
1826 899 1856 954 »3
1883 881 1911 942 et
1932 882 2003 960 post
2018 875 2182 954 subditur,
2199 875 2387 960 quibusdam
2405 875 2502 942 inter-

1544 979 1674 1066 positis:
1706 1005 1720 1038 «
1736 979 1826 1046 Circa
1855 979 1947 1048 illam
1976 999 2091 1048 corona
2120 981 2256 1048 tratrem
2286 981 2377 1066 quasi
2411 983 2499 1066 plan-

1544 1085 1620 1152 tatio
1644 1083 1728 1152 cedri
1754 1087 1783 1152 in
1810 1093 1912 1152 monle
1938 1087 2052 1154 Libano
2069 1115 2098 1150 n.
2652 1165 2653 1168 Ἴ

1637 1191 1687 1256 lib.
1712 1189 1871 1276 Qtnautum
1894 1193 1933 1258 ad
1955 1193 2060 1260 uitam
2082 1193 2252 1260 subditur:
2275 1189 2427 1260 debono
2443 1193 2502 1260 iste
2519 1211 2595 1268 outae
2608 1215 2635 1260 a

1544 1297 1677 1372 instrum
1712 1297 1767 1364 nbi
1802 1299 1976 1366 ostenditur
2012 1299 2147 1384 perfecte
2182 1299 2343 1366 ordinatus
2376 1301 2406 1366 in
2438 1299 2502 1366 nita
2553 1273 2604 1312 Μ’

1543 1406 1700 1482 qnantum
1733 1401 1773 1468 ad
1807 1401 1978 1488 cipando,-
2012 1411 2142 1488 propter
2177 1405 2262 1490 qnod
2291 1403 2430 1472 dicitnr:
2460 1405 2655 1480 disceptante.

1544 1501 1640 1570 bonno
1654 1503 1713 1572 iste
1727 1507 1845 1574 iustus.
1874 1533 1889 1568 n
1904 1507 2037 1576 lustitia
2062 1529 2197 1596 namque
2211 1517 2260 1578 θεῖ
2274 1509 2430 1576 rectitudo
2445 1525 2499 1576 no·
2524 1477 2643 1530 “m

1543 1609 1672 1678 luntatis
1686 1611 1698 1650 ⁷
1714 1639 1746 1690 »,
1763 1631 1842 1700 quae
1865 1615 1939 1680 lacit
1960 1613 2120 1682 hominem
2141 1615 2286 1682 incedere
2303 1633 2359 1702 per
2382 1621 2500 1682 rectam

1544 1717 1648 1798 viam3
1681 1719 1854 1802 Sapientiae
1885 1719 2022 1786 decimo:
2060 1723 2210 1786 «lustum
2243 1721 2375 1788 deduxit
2396 1721 2501 1786 Domi-

1542 1843 1604 1892 nns
1637 1843 1693 1910 per
1723 1827 1789 1892 nias
1823 1833 1924 1894 rectas
1954 1833 1987 1910 et
2013 1827 2180 1924 ostendit»
2214 1835 2289 1894 etc·
2307 1831 2340 1896 Et
2372 1829 2410 1894 ad
2441 1831 2502 1896 hoc

1544 1931 1683 1996 manime
1712 1931 1800 2000 iuuat
1831 1939 1916 2002 neela
1947 1935 2097 2012 intentio;
2132 1933 2375 2002 proverbiorum
2402 1933 2501 2002 unde-

1543 2039 1645 2104 cimo:
1674 2063 1691 2096 «
1708 2037 1827 2106 lustitia
1849 2039 2001 2124 simplicis
2021 2039 2136 2124 diriget
2158 2039 2241 2104 niam
2264 2039 2332 2106 eius
2348 2065 2380 2120 »3
2396 2047 2429 2108 θῖ
2444 2039 2501 2108 ite·

1544 2161 1617 2208 rum
1631 2167 1639 2208 ε
1653 2145 1654 2148 ’
1668 2169 1685 2200 <c
1700 2143 1887 2230 Simplicitas
1916 2147 2073 2212 iustorum
2104 2143 2217 2230 diriget
2248 2161 2301 2210 eos
2323 2171 2355 2208 a.
2387 2181 2430 2192 -
2460 2145 2499 2210 Et
2515 2161 2630 2216 accantat-

1543 2257 1699 2334 qnnoutum
1721 2251 1761 2314 ad
1781 2245 1968 2334 fupe'endu,·
1992 2257 2122 2334 propter
2144 2247 2229 2332 quod
2251 2247 2384 2314 dieitur:
2404 2251 2442 2314 Et
2457 2247 2498 2314 ti·
2544 2227 2599 2258 Μ’

1542 2361 1705 2420 oneratus.
1736 2381 1753 2414 «
1768 2353 1875 2420 Timar
1900 2355 1985 2422 enim
2009 2355 2138 2440 expellit
2159 2361 2322 2438 peceatum
2338 2379 2372 2432 a,
2394 2353 2499 2420 Eccle-

1544 2459 1658 2526 siastici
1684 2459 1832 2546 prim083
1866 2459 2108 2526 Pronerhiornm
2131 2459 2250 2526 dcctnnc
2272 2459 2403 2544 quinto:
2434 2461 2498 2526 «ln

1543 2565 1654 2632 timore
1680 2565 1803 2632 Domini
1826 2565 1959 2632 declinat
1982 2567 2084 2632 omnis
2108 2585 2127 2632 a
2147 2567 2231 2632 malo
2247 2589 2276 2644 »3
2303 2565 2355 2632 lob
2375 2565 2497 2650 primo:

1514 2721 1515 2724 ,
1549 2671 1726 2740 «Vicerat
1751 2673 1781 2738 in
1807 2679 1891 2740 terna
1913 2673 1977 2738 llus
2001 2671 2126 2738 nomine
2147 2671 2217 2750 lob,
2240 2679 2344 2738 rectus
2369 2677 2397 2738 et
2426 2671 2500 2738 sim-

1541 2779 1618 2862 plex
1647 2795 1685 2842 ae
1708 2777 1821 2844 timens
1842 2777 1944 2842 Deum
1966 2783 1998 2842 et
2028 2775 2178 2842 recedens
2200 2793 2218 2838 a
2244 2777 2324 2842 nnalo
2339 2799 2371 2840 ».
2395 2811 2438 2822 -
2461 2775 2499 2840 Et
2515 2791 2639 2890 affinxe-

1541 2889 1696 2968 quantum
1718 2883 1758 2950 ad
1781 2881 2024 2966 conspectando;
2048 2881 2276 2966 propterquod
2300 2881 2405 2946 addit:
2431 2881 2497 2946 dcc-

1540 2997 1694 3072 spcctuns
1715 2989 1967 3054 coniectationem
1992 2987 2116 3064 lsrael,
2142 2985 2316 3052 seeundum
2339 2985 2417 3052 illml
2439 2985 2498 3052 Ge-

1517 3141 1518 3144 ,
1541 3091 1625 3160 nasis
1647 3091 1887 3178 quadragesima
1909 3109 1993 3158 nono
2006 3091 2038 3154 ⁹:
2068 3115 2082 3148 a
2100 3091 2243 3156 Salutare
2269 3097 2361 3154 tunm
2384 3107 2497 3174 exspe-

1541 3199 1645 3280 eleba,
1678 3199 1809 3264 Domine
1824 3221 1855 3276 »3
1880 3203 1911 3264 et
1935 3197 2037 3264 lodith
2068 3205 2199 3262 octavo:
2237 3223 2252 3256 a
2270 3197 2497 3282 Exspeetemus

1541 3307 1678 3372 humiles
1700 3303 1944 3370 consolationem
1967 3303 2037 3370 eins
2053 3331 2082 3366 a.
2108 3301 2193 3368 Unde
2216 3301 2273 3370 sibi
2297 3301 2434 3370 unanime
2449 3303 2497 3370 di-

1541 3413 1632 3480 cebat
1658 3411 1794 3496 Spiritus
1825 3418 1953 3478 sanetus
1976 3409 2055 3478 illud
2077 3409 2220 3476 Hahacuc
2246 3409 2402 3478 seeundo:
2433 3413 2496 3478 «Si

1540 3537 1660 3586 moram
1685 3517 1810 3598 iecerit,
1834 3521 2097 3602 armeniacum,
2129 3517 2203 3602 onnia
2235 3517 2363 3584 ueniens
2392 3517 2496 3586 veniet

1540 3633 1571 3690 et
1593 3643 1654 3690 non
1681 3625 1816 3690 tardabit
1830 3649 1861 3688 n.
2523 3633 2524 3636 ¹

1631 3733 1683 3796 ot.
1706 3731 1866 3814 Quantam
1881 3729 1920 3796 ad
1935 3727 2085 3814 prutiam
2111 3729 2272 3796 subditur:
2293 3731 2330 3796 nt
2348 3729 2496 3814 Spiritus
2513 3743 2641 3844 depraehen-

1539 3847 1678 3904 cunctans
1693 3843 1766 3904 erat
1781 3835 1817 3902 in
1832 3855 1886 3914 eo,
1911 3835 2028 3902 scilicet
2045 3853 2102 3922 per
2118 3835 2250 3922 gratiam
2265 3841 2298 3900 et
2317 3835 2494 3916 caritatem,
2600 3831 2606 3844 '

1541 3945 1713 4012 seeundum
1738 3943 1816 4010 illud
1831 3943 1871 4008 ad
1887 3943 2040 4008 Romanos
2063 3945 2175 4026 quinto
2188 3943 2235 4006 1⁰:
2264 3941 2418 4008 «Caritas
2440 3941 2494 4010 Dei

1539 4051 1652 4118 (liliosa
1669 4056 1715 4116 est
1731 4049 1764 4114 in
1778 4049 1928 4116 cordibus
1943 4047 2060 4114 uostris
2070 4067 2128 4132 pen
2140 4047 2292 4134 Spiritum
2308 4055 2450 4114 sanctum
2463 4075 2495 4130 »;

1540 4165 1572 4226 et
1593 4159 1713 4240 primae
1743 4155 1865 4222 loannis
1892 4161 2028 4240 quarto:
2058 4153 2148 4240 «Qui
2173 4161 2277 4222 manet
2304 4155 2334 4222 in
2367 4157 2495 4224 caritate

1539 4263 1572 4330 in
1595 4263 1659 4338 Deo
1682 4267 1788 4328 manet
1804 4287 1833 4326 ».
1858 4261 1944 4328 Unde
1965 4261 2004 4328 de
2020 4261 2088 4348 ipso
2104 4266 2227 4348 poterat
2243 4261 2302 4328 diei
2317 4259 2394 4326 illud
2411 4263 2496 4348 quod

1538 4367 1654 4434 dieitur
1679 4367 1716 4432 de
1740 4367 1896 4452 Stephano
1921 4367 2052 4432 deinum
2075 4371 2184 4446 sento,
2208 4365 2294 4452 qnod
2313 4369 2381 4432 erat
2402 4367 2496 4450 «ple-

1539 4489 1600 4540 nus
1624 4471 1685 4540 aaa
1706 4478 1739 4540 θῖ
1761 4471 1880 4558 Spiritu
1907 4479 2014 4540 santolo
2031 4495 2062 4552 »3
2085 4471 2124 4540 de
2147 4491 2211 4558 quo
2235 4471 2352 4540 scilicet
2375 4471 2495 4558 primae

1539 4579 1577 4646 ad
1601 4579 1777 4646 Corinthios
1802 4579 1911 4646 ultimo
1937 4603 1944 4644 :
1974 4605 1990 4638 «
2005 4579 2111 4646 Gnatia
2140 4579 2262 4648 Domini
2296 4579 2393 4646 nostri
2426 4579 2495 4648 lesu

1539 4683 1653 4750 Christi
1680 4685 1838 4752 nobiscum
1856 4711 1886 4750 ».

1631 4793 1682 4856 di.
1706 4793 1809 4874 (Vere
1826 4795 1902 4876 ib).
1938 4795 1976 4858 m
1999 4813 2194 4878 responsum
2231 4801 2409 4880 acceperat.
2441 4795 2494 4862 Hie
2519 4811 2635 4876 ossanna

1540 4895 1680 4960 seeundo
1700 4897 1938 4964 commendatur
1961 4917 1986 4964 u
2009 4897 2139 4984 Spiritu
2163 4897 2313 4966 ueritatis
2336 4903 2373 4966 ut
2396 4871 2646 4964 Mantuanae,

1540 5009 1627 5068 cenete
1649 5003 1695 5068 ad
1717 5005 1972 5088 exspectandum
1997 5023 2038 5072 ex
2060 5005 2166 5072 diuino
2201 5023 2370 5092 rasponum
2393 5023 2493 5092 qnan—
2511 5023 2613 5072 uranum.

1540 5113 1608 5172 tum
1631 5107 1670 5174 ed
1692 5107 1776 5192 quod
1801 5107 1891 5176 dicit:
1917 5111 1956 5176 Εῖ
1972 5129 2167 5196 responsum
2183 5119 2355 5194 acceperut
2375 5129 2399 5176 u
2421 5111 2493 5196 Spi-

1539 5215 1611 5278 ritu
1632 5221 1765 5292 sancta,
1790 5215 1906 5282 scilieet
1930 5233 1987 5300 per
2016 5215 2255 5296 revelationem
2282 5217 2374 5284 lsalae
2399 5217 2493 5302 trige-

1540 5321 1620 5386 simo
1634 5321 1677 5386 ¹1:
1706 5345 1722 5378 «
1739 5319 1781 5386 td
1805 5339 1913 5388 nocem
1936 5321 2079 5386 clansoris
2097 5321 2142 5388 toi
2159 5323 2282 5402 statim,
2299 5327 2334 5388 nt
2351 5323 2493 5404 audierit,

1539 5425 1740 5512 respondebit
1768 5427 1824 5496 tihi
1841 5455 1872 5494 u.
1896 5431 2090 5514 Responsum
2124 5437 2288 5516 acceperat
2320 5431 2493 5498 consolato-

1538 5533 1639 5612 riam,
1664 5533 1836 5602 seeundum
1862 5535 1939 5602 illud
1961 5535 2129 5602 Zachariae
2153 5535 2271 5620 primo:
2296 5523 2493 5620 «Respondit

1537 5639 1689 5704 Dominus
1709 5641 1838 5724 ringeln,
1865 5641 1917 5726 qui
1941 5641 2129 5726 loquebatur
2153 5641 2184 5706 in
2207 5659 2256 5706 me
2281 5641 2377 5708 uerba
2393 5643 2492 5722 bona,

1538 5747 1634 5812 verba
1652 5747 1874 5836 vconsolatoria
1889 5773 1922 5812 ».
1949 5749 1985 5812 ut
2018 5753 2185 5832 propterea
2221 5747 2384 5814 subditur:
2418 5747 2491 5814 Nou

1446 6105 1448 6108 Ι
1507 6161 1509 6166 ,
1608 6129 1764 6196 teusetae,
1785 6131 1884 6196 Dialog.
1910 6133 1944 6184 de
1964 6129 2091 6192 veritate,
2111 6143 2131 6182 e,
2154 6131 2199 6182 ta:
2228 6129 2322 6182 lustitia
2352 6129 2493 6196 igiturest

1536 6221 1665 6274 rectitudo
1684 6221 1824 6274 uoluntatis
1843 6225 1951 6286 propter
1970 6235 1998 6272 εθ
2010 6227 2123 6272 servata.
2141 6247 2175 6256 --
2193 6219 2257 6272 Tres
2277 6233 2352 6286 seqq.
2371 6219 2421 6274 loel
2432 6223 2493 6272 stant

1537 6311 1597 6376 Sap.
1619 6311 1665 6374 10,
1686 6311 1732 6376 lb;
1751 6309 1825 6362 Pron.
1848 6309 1888 6370 tl,
1909 6307 1936 6360 a.
1952 6315 1979 6362 et
1997 6309 2022 6358 3.

1607 6397 1712 6452 ³-Vere
1733 6397 1774 6452 di.
1794 6423 1828 6436 «-
1848 6399 1999 6462 sequnntur
2017 6397 2094 6448 Pron.
2116 6395 2162 6460 lb,
2180 6395 2223 6448 27.
2241 6401 2265 6448 et
2285 6393 2328 6448 lob
2352 6397 2373 6460 l,
2394 6397 2420 6448 1.

1608 6483 1710 6540 ⁹tlcns.
1738 6485 1779 6536 18.
1799 6511 1833 6524 -
1853 6481 1969 6538 Subinde
1994 6483 2136 6550 allegantur
2164 6483 2247 6538 ludith
2276 6485 2305 6548 8,
2333 6485 2375 6536 20.
2396 6491 2421 6538 et
2444 6487 2492 6538 Ha·

1536 6573 1595 6628 ba.
1683 6615 1689 6628 .

1540 6673 1541 6676 ’
1571 6589 1585 6628 ⁰
1608 6577 1724 6718 ιὲ’113θεε
1743 6663 1767 6714 5.
1781 6689 1817 6700 -
1829 6661 1894 6714 Tres
1914 6675 1989 6728 seqq.
2006 6661 2055 6714 loci
2074 6667 2136 6714 sunt
2154 6663 2171 6712 1.
2189 6661 2259 6714 loon.
2281 6661 2308 6728 d,
2328 6663 2373 6726 lb;
2394 6663 2449 6718 Aet.
2463 6665 2490 6730 6,

1535 6753 1563 6806 ¹5.
1580 6759 1607 6806 et
1625 6755 1642 6806 l.
1661 6753 1721 6808 Cor.
1742 6751 1787 6812 lb,
1807 6751 1848 6802 23.

1607 6841 1630 6876 ²¹
1652 6843 1727 6896 Vere.
1748 6837 1787 6890 19.
1807 6865 1841 6876 -
1861 6837 1983 6904 chnnilur
2000 6839 2108 6892 Zaeltarss
2128 6837 2152 6904 l,
2173 6837 2214 6892 13.
