5900 8266
1067 575 1261 644 colluunt.
1289 573 1323 640 ΙΝ
1351 571 1588 640 evadentium
1612 569 1884 640 1111111111.

389 773 391 776 ·
490 757 579 844 quia,
605 775 677 824 culn
699 755 786 824 dives
821 761 922 836 esset,
946 757 1074 840 propter
1110 769 1167 820 nos
1200 769 1319 838 egenus
1346 751 1446 818 tactus

392 855 393 860 ’
490 865 555 940 est,
577 867 615 928 ut
636 861 720 928 illius
744 861 846 946 inopia
870 877 928 928 nos
948 859 1062 926 divites
1082 873 1267 924 essemus».

579 963 610 1030 3.
623 965 764 1030 Secundo
779 971 885 1032 aulem
897 971 1053 1048 quantum
1064 963 1104 1030 ad
1116 961 1362 1030 observantium
1375 981 1446 1030 ma·

349 1087 471 1162 alstignus
491 1067 671 1156 lipnitatem
695 1069 818 1138 subdit:
843 1071 884 1136 lit
918 1069 986 1156 ipsi
1016 1069 1236 1138 obseruatum
1265 1087 1353 1138 enm.
1379 1069 1445 1136 Non

343 1143 471 1238 fffifmw'
490 1173 565 1241 dicit
586 1175 780 1262 Evangelista
806 1175 840 1240 in
864 1195 943 1264 qao,
967 1181 1004 1242 ut
1025 1175 1183 1256 insinuet,
1198 1177 1284 1262 quod
1300 1175 1448 1246 observa-

490 1279 565 1348 bant
586 1287 620 1348 et
640 1279 743 1348 cerba
771 1285 805 1346 et
832 1279 1020 1358 miracuta,
1045 1285 1075 1348 et
1099 1281 1309 1348 observabant
1329 1281 1369 1348 ad
1396 1299 1446 1348 re·

491 1387 748 1470 prehendendum
782 1391 815 1450 et
851 1387 1070 1470 arguendum;
1106 1405 1203 1472 supra
1237 1387 1402 1452 undecimo
1417 1389 1445 1474 ¹:

491 1519 511 1550 wu
526 1493 703 1576 Coeperunt
739 1489 894 1558 Pharisaei
924 1499 959 1558 ‚et
985 1493 1153 1578 legisperiti
1189 1493 1334 1562 insistere
1358 1501 1389 1560 et
1412 1511 1446 1560 os

491 1597 560 1664 eius
581 1595 981 1682 opprimereinsidiantes
1003 1599 1030 1666 ei
1061 1605 1092 1666 et
1124 1605 1312 1684 quaerentes
1333 1617 1446 1684 capere

491 1699 609 1788 aliquid
632 1711 674 1768 ex
696 1719 753 1768 ore
774 1701 861 1780 eius,
884 1711 922 1770 ut
954 1695 1140 1784 accusarent
1164 1723 1237 1772 eum
1253 1729 1285 1784 »3
1308 1705 1392 1772 unde
1416 1709 1446 1772 11

492 1807 613 1874 loannis
636 1807 756 1876 decimo
787 1807 917 1895 quinto:
945 1811 1005 1878 «Si
1028 1829 1079 1878 nie
1111 1809 1266 1896 persecuti
1291 1818 1383 1890 sunt,
1416 1817 1446 1878 et

465 1909 546 1980 'vos
570 1919 818 2000 persequentur:
842 1915 869 1982 si
890 1933 1068 1984 sermonem
1091 1933 1198 1982 meum
1223 1923 1445 1996 servaverunt,

491 2029 521 2090 11
542 2027 686 2090 vestrum
719 2023 935 2092 servabunt».
962 2023 1180 2090 Observabant
1211 2023 1307 2090 etiam
1340 2023 1446 2090 mira-

491 2131 585 2210 cula,
611 2131 783 2198 secundum
809 2131 892 2216 quod
920 2131 1035 2198 dicitur
1067 2129 1160 2196 Marci
1185 2129 1321 2196 terti02:
1352 2155 1367 2188 ι(
1383 2129 1446 2197 Oh·

491 2221 670 2304 seruabam
692 2255 778 2316 cum,
804 2237 828 2302 si
866 2235 999 2304 Sabbata
1025 2241 1171 2314 curaret,
1201 2241 1239 2302 ut
1261 2241 1446 2302 accusarent

490 2361 564 2410 eum
580 2371 610 2408 s.
635 2343 719 2412 Unde
745 2345 822 2410 haec
843 2343 1020 2410 observatio
1045 2341 1234 2428 procedebat
1256 2359 1298 2410 ex
1314 2341 1446 2408 nralitia

490 2449 686 2528 tusatiaan,·
707 2455 818 2516 contra
839 2465 934 2532 quam
957 2447 1074 2516 dicitur
1096 2447 1338 2516 Proverbiorum
1363 2447 1446 2532 vige·

491 2557 571 2622 simo
592 2563 723 2640 quarto:
755 2555 828 2622 «Ne
852 2551 1009 2620 insidieris
1039 2561 1071 2620 et
1094 2569 1229 2638 quaeras
1253 2551 1445 2638 impietatem

491 2661 522 2728 in
545 2661 639 2728 domo
660 2659 736 2728 insti
759 2677 863 2747 neque
879 2665 983 2726 vastes
999 2657 1140 2746 requiem
1164 2659 1233 2728 eius
1249 2683 1279 2724 a.
1298 2657 1356 2726 Sed
1373 2659 1446 2744 quia

489 2765 707 2832 dillicillimum
731 2771 778 2834 est
803 2765 921 2834 bomini
944 2765 1097 2832 malitioso
1128 2763 1285 2832 declinare
1308 2761 1446 2848 proximi

490 2871 756 2966 observationem,
788 2873 858 2938 ideo
890 2871 1008 2938 dicitur
1030 2871 1273 2938 proverbiorum
1298 2869 1446 2956 vigesimo

490 2977 628 3046 tertiat:
655 3003 672 3034 t<
689 2979 729 3046 Ne
764 2979 906 3046 comedas
939 2995 1010 3044 cum
1046 2977 1174 3046 homine
1207 2977 1314 3046 invido
1343 2985 1376 3046 et
1406 2995 1446 3046 ne

489 3083 647 3150 desideres
670 3083 756 3150 cibos
778 3085 865 3162 eius,
889 3085 1035 3170 quoniam
1054 3085 1084 3150 io
1101 3085 1336 3152 similitudinem
1358 3083 1446 3150 arioli

491 3195 522 3256 11
544 3189 729 3256 coniectoris
753 3189 895 3256 aestimat
918 3191 1004 3276 qood
1018 3189 1150 3276 ignorat.
1169 3189 1302 3258 Comede
1318 3195 1348 3256 et
1364 3189 1446 3268 bibe,

490 3295 573 3362 dicet
593 3295 666 3374 tihi:
693 3313 780 3362 mens
812 3295 880 3362 eius
911 3315 973 3362 non
1005 3303 1053 3364 est
1070 3301 1200 3364 'tecum
1232 3295 1341 3376 Cibus,
1367 3313 1447 3382 quos

490 3399 681 3480 comederas,
698 3419 823 3468 evomes
837 3407 870 3466 et
884 3401 998 3484 perdes
1013 3403 1140 3486 pulcros
1156 3421 1317 3470 sermones
1331 3409 1403 3468 tuos
1416 3427 1446 3468 a.

578 3507 608 3574 lr.
623 3507 722 3588 (Vens.
737 3511 792 3590 a).
809 3507 834 3572 Ε
857 3525 937 3586 ecee,
950 3505 1044 3574 tremo
1057 3507 1216 3594 qnidam4
1233 3507 1446 3596 hydropicus.

335 3631 366 3674 oe
383 3629 474 3690 senuna
490 3613 561 3684 Post
576 3611 763 3696 descriptam
785 3613 1035 3678 observationem
1060 3613 1299 3681 Pharisaeorum
1325 3613 1377 3682 hic
1400 3631 1448 3680 se-

380 3685 428 3726 ‘m'
490 3715 1447 3802 cundodescribitdetectionemobservatorum,·circaqoam

420 3881 421 3884 ,
488 3823 734 3890 introducuntur
752 3821 828 3900 tria,
844 3821 961 3888 scilieet
986 3823 1159 3906 aegritudo
1181 3823 1226 3888 ad
1243 3823 1447 3890 detectionem

489 3927 685 4012 disponens,
709 3927 855 4016 quaestio
881 3927 1026 4014 detegens
1050 3933 1080 3994 et
1102 3927 1272 3994 simulato
1297 3937 1411 4014 tepens.

579 4033 683 4100 Primo
706 4051 780 4120 ergo
810 4039 963 4120 quantum
995 4033 1030 4102 ad
1064 4029 1308 4120 aegritudinem
1339 4033 1449 4120 dispo-

326 4149 617 4220 aegauaouneatem
641 4141 687 4206 ad
708 4139 958 4206 observatorum
980 4141 1188 4208 detectionem
1202 4139 1293 4206 dicit:
1314 4141 1447 4218 111111,

335 4213 587 4346 {iissssfii'ssssmdama
611 4247 751 4338 quidam
773 4243 976 4336 hydropicus
996 4255 1080 4324 ¹erat
1103 4255 1180 4312 ante
1203 4245 1308 4312 iilum.
1331 4247 1376 4312 hd
1397 4247 1449 4314 lit-

494 4360 591 4426 teram
617 4353 666 4420 bio
692 4351 895 4442 hydropicus
918 4351 1181 4420 suainlirmitate
1204 4351 1393 4420 manifesta⁵
1418 4357 1449 4418 et

491 4459 581 4546 gravi
604 4459 687 4526 viam
710 4459 882 4544 praebebat
902 4459 942 4524 ad
957 4457 1179 4526 contutandam
1194 4465 1224 4526 et
1246 4459 1448 4544 detegendam

491 4565 675 4632 ludaeorum
701 4563 873 4650 perfidiam.
898 4565 935 4630 Et
967 4565 1117 4650 quoniam
1147 4569 1272 4648 tempus
1308 4571 1338 4632 et
1361 4564 1448 4632 locus

491 4689 525 4738 se
546 4671 713 4752 ollerebat,
737 4671 807 4738 ideo
830 4669 918 4738 dicit:
938 4673 976 4738 11
993 4689 1079 4750 ecee,
1095 4671 1187 4756 quasi
1202 4669 1356 4738 Dorainus
1372 4677 1447 4738 tunc

491 4777 674 4844 adduxisset
698 4793 771 4844 eum
794 4777 828 4844 in
849 4777 1006 4858 medium;
1030 4777 1114 4844 unde
1132 4775 1334 4844 Ecclesiastici
1352 4775 1448 4860 trige-

491 4883 571 4948 simo
600 4883 725 4948 nonai:
756 4883 890 4968 «Opera
912 4883 1014 4950 omnis
1048 4883 1151 4950 carnis
1187 4899 1291 4948 eoram
1322 4881 1393 4972 illo,
1417 4887 1448 4948 et

491 5007 554 5056 non
589 4999 636 5056 est
668 4989 842 5076 quidquam
874 4989 1087 5058 absconditum
1124 4989 1163 5056 ab
1198 4989 1297 5056 oculis
1331 4991 1399 5056 eius
1415 5015 1446 5056 a.

498 5099 589 5166 «Nec
612 5103 659 5166 est
682 5097 804 5166 dicere:
829 5097 908 5182 Quid
932 5103 979 5164 est
1003 5097 1076 5178 boa,
1099 5103 1155 5164 aut
1179 5095 1255 5182 quid
1277 5105 1325 5166 est
1340 5095 1447 5164 istud?

491 5205 603 5274 Omnia
627 5205 709 5276 enim
732 5205 931 5290 intempore
954 5221 1013 5272 suo
1034 5209 1230 5290 quaerentur
1247 5227 1278 5284 »;
1303 5201 1333 5272 et
1357 5211 1445 5290 post:

563 5567 573 5596 1
593 5569 666 5620 Vers.
688 5569 831 5632 5111511
848 5569 966 5636 sequitur
987 5569 1055 5620 ioan.
1076 5567 1122 5634 tlt,
1136 5569 1179 5620 10.
1197 5599 1232 5610 -
1252 5573 1378 5636 Superius
1390 5577 1450 5636 post

492 5659 517 5710 et
534 5655 714 5710 obsecundant
729 5657 750 5706 B
770 5655 837 5708 bene
854 5657 959 5722 supplet
977 5653 1074 5722 cerda,
1092 5663 1119 5708 et
1137 5669 1186 5722 pro
1202 5657 1239 5710 ad
1256 5659 1450 5728 reprehendere·

493 5745 558 5800 darn
579 5745 715 5796 11111111
735 5743 864 5798 nonnrrllis
883 5743 960 5796 codd.
978 5743 1016 5798 ad
1033 5743 1321 5812 comprehendentium.

564 5829 575 5860 ²
594 5833 667 5884 Vers.
688 5835 713 5884 1.
731 5859 768 5872 -
786 5831 903 5884 Subinde
922 5833 1048 5896 allegator
1068 5833 1451 5902 Ρ1ον.21,15.-811[1111111

398 5921 399 5924 ’
493 5923 552 5984 post
566 5917 703 5972 miracuta
715 5919 734 5970 ll
747 5917 821 5970 addit
832 5917 869 5972 ad
881 5917 1115 5974 calumniandum.
1282 5917 1293 5950 ³
1309 5923 1383 5974 Pers.
1394 5923 1449 5974 6-8.

563 6003 840 6058 4111111111111111
865 6005 987 6058 omittunt
1011 6005 1137 6074 quidam,
1160 6007 1232 6074 quod
1259 6013 1344 6060 11111111
1371 6007 1451 6074 paullo

493 6095 600 6150 interius
619 6093 759 6156 exhibent:
776 6095 825 6148 cir.
841 6107 921 6160 supra
942 6109 966 6146 n.
987 6093 1075 6160 l,ubi
1087 6095 1131 6148 bic
1142 6109 1235 6148 versus
1250 6103 1375 6164 tanquam
1389 6109 1450 6162 pars

492 6183 607 6238 secunde
628 6183 766 6236 constituta
783 6185 838 6234 111.Ι
1022 6227 1024 6232 ,

564 6271 576 6302 ⁵
594 6271 677 6326 Codd.
697 6271 837 6324 adnuo
854 6269 1036 6340 marrt'sestata.

557 6359 576 6430 ‚⁶
593 6361 666 6412 Vers.
689 6361 729 6412 hl.
752 6361 821 6430 (Pet.
844 6359 918 6412 addit
944 6373 969 6412 v.
995 6359 1036 6412 25.
1063 6363 1088 6412 et
1112 6359 1450 6430 proventumque:

491 6447 564 6502 enim
584 6449 659 6502 1111111
677 6447 765 6504 iustus
783 6447 858 6514 eled:
879 6447 975 6500 deinde
993 6463 1020 6498 r.
1038 6447 1081 6498 26.
1100 6451 1128 6498 et
1145 6447 1188 6498 39.

563 6531 683 6588 “Glossa
702 6535 843 6590 ordinaria
863 6535 1020 6604 (monadum
1038 6533 1147 6600 Bedam)
1174 6533 1247 6598 apud
1270 6535 1401 6598 Lpranum
1424 6533 1451 6584 in

492 6625 555 6676 Luc.
577 6623 623 6686 lt,
644 6623 676 6676 i:
698 6623 807 6698 Vitium,
824 6625 897 6690 quod
915 6623 963 6676 iste
980 6623 1010 6676 iu
1027 6635 1152 6688 corpore,
1172 6621 1301 6676 Pharisaei
1316 6619 1452 6688 gestabant

493 6711 521 6764 in
547 6717 651 6774 mente:
679 6717 705 6764 et
731 6711 791 6766 ideo
821 6727 909 6782 coram
938 6713 1002 6778 ipsis
1028 6717 1135 6766 curatur
1153 6709 1335 6778 corporaliter,
1353 6717 1383 6766 ut
1400 6713 1451 6766 boo

492 6801 611 6866 exemplo
632 6801 730 6854 discant
749 6801 915 6866 spiritualiter
938 6805 1031 6856 crrrari.
1056 6801 1106 6856 Ch.
1133 6805 1257 6868 drogon,
1274 6801 1341 6856 xlv.
1361 6803 1450 6856 bloral.

492 6887 685 6942 1111111.

2405 581 2468 650 359

1516 749 1662 820 «Omnia
1683 767 1781 836 opera
1803 751 1925 816 Domini
1947 751 2048 832 hona,
2063 757 2097 820 et
2110 769 2202 820 omne
2219 769 2298 838 opus
2311 769 2370 820 sua
2387 755 2467 820 hora

1510 857 1761 926 subministrabit
1778 885 1807 924 s.
1833 857 1926 926 Unde
1940 857 2019 926 haec
2037 857 2204 944 aegrnudo
2228 859 2400 944 corporalis
2415 877 2470 926 va-

1511 961 1595 1030 lebat
1617 961 1657 1030 ad
1679 961 1922 1048 impugnandam
1937 967 1970 1030 et
1985 963 2225 1048 expurgandam
2239 961 2468 1050 aegritudinem

1511 1067 1725 1154 spiritualem,
1745 1069 1819 1156 quia
1852 1069 1969 1138 directe
2000 1077 2068 1138 erat
2100 1069 2142 1138 illi
2175 1069 2332 1138 contraria
2346 1069 2367 1134 ⁷.
2393 1069 2468 1136 Nam

1510 1173 1563 1242 hic
1586 1175 1681 1240 homo
1703 1175 1896 1260 hydropicus
1919 1181 1987 1242 erat
2007 1181 2081 1242 ante
2105 1177 2204 1244 lesum
2229 1177 2265 1242 ad
2291 1175 2470 1248 misericor-

1510 1279 1596 1348 diam
1628 1279 1874 1366 implorandam,
1911 1299 2002 1368 quam
2042 1283 2196 1352 Pharisaei
2233 1283 2468 1370 impugnabant.

1511 1387 1701 1472 Implorabat
1732 1405 1867 1474 namque
1901 1387 2148 1456 misericordiam
2181 1389 2254 1468 Dei,
2291 1389 2366 1474 quia
2402 1393 2470 1454 erat

1510 1491 1626 1574 bomo:
1650 1513 1723 1562 nam
1755 1495 1958 1564 Ecclesiastici
1991 1495 2112 1564 decimo
2135 1495 2289 1564 octav08:
2318 1523 2335 1554 1
2350 1495 2470 1562 lliseri-

1509 1599 1618 1668 cordia
1646 1599 1702 1666 Dei
1734 1617 1829 1684 super
1862 1619 1986 1666 omnem
2009 1619 2135 1668 carnem
2154 1627 2184 1682 »;
2210 1609 2240 1670 et
2271 1603 2346 1688 quia
2372 1599 2469 1666 leonto
2567 1611 2569 1614 ’

1510 1705 1687 1792 enarrans,
1724 1705 1895 1774 secundum
1928 1705 2004 1772 illud
2043 1707 2246 1774 Ecclesiastici
2282 1709 2468 1776 undecimo:

1514 1839 1532 1870 <t
1550 1813 1602 1878 Est
1623 1813 1717 1878 bomo
1742 1811 1899 1876 marcidus
1922 1815 1952 1878 et
1976 1811 2116 1896 indigens
2131 1813 2379 1898 recuperatione,
2398 1813 2470 1898 plus

1509 1917 1659 1984 deficiens
1682 1915 1816 1992 virtute,
1842 1921 1872 1982 et
1907 1917 2016 1982 ocrrlus
2051 1917 2106 1984 Dei
2141 1919 2283 2002 respexit
2309 1919 2400 1986 illum
2432 1917 2467 1984 in

1509 2023 1593 2090 hono
1609 2045 1639 2100 a:
1670 2025 1699 2088 11
1723 2021 1800 2106 quia
1821 2027 1897 2086 ante
1922 2019 2014 2086 illurn
2049 2027 2133 2102 erat,
2160 2021 2234 2108 quia
2256 2023 2334 2092 tales
2358 2013 2469 2092 recur—

1510 2135 1587 2196 runt
1618 2127 1658 2194 ad
1691 2125 1999 2206 heumanmus
2023 2127 2241 2194 condescendit
2262 2131 2361 2210 Deus3
2386 2131 2469 2198 Psal-

1509 2249 1581 2318 mus
1595 2233 1626 2296 9;
1655 2231 1841 2314 «Quoniam
1864 2229 2027 2316 prospexit
2051 2229 2089 2296 de
2112 2233 2238 2298 excelso
2260 2239 2367 2300 sancto
2391 2251 2467 2314 sua,

1508 2337 1663 2404 Dominus
1685 2337 1724 2404 de
1747 2337 1831 2404 caelo
1856 2337 1885 2404 in
1912 2343 2031 2404 terram
2054 2337 2225 2422 aspexit».

1592 2445 1629 2514 h.
1655 2443 1756 2528 qvem.
1783 2443 1837 2524 3.).
1864 2443 2004 2512 Secundo
2020 2449 2175 2530 quantum
2190 2443 2231 2510 ad
2246 2443 2468 2530 quaestionem
2482 2459 2583 2516 oneum
2597 2467 2634 2512 u·

1510 2551 1703 2634 detegentem
1736 2547 1860 2615 subdit:
1895 2551 1934 2614 Et
1965 2551 2166 2634 respondens
2187 2551 2282 2614 lesus
2310 2549 2399 2616 dimit
2421 2551 2469 2616 aa
2512 2521 2595 2572 “W

1510 2653 1713 2742 lepisperitos
1736 2663 1764 2722 et
1797 2653 2007 2722 Pharisaeos.
2046 2655 2208 2750 Signaoter
2232 2655 2306 2722 dicit
2334 2675 2469 2742 respon-

1509 2761 1610 2842 dens,
1633 2779 1705 2828 cum
1731 2760 1838 2830 nutlus
1862 2761 1950 2846 prius
1975 2761 2093 2848 aliquid
2115 2771 2298 2846 quaereret,
2320 2761 2396 2848 quia
2420 2779 2471 2830 re-

1510 2867 1683 2952 spondebat
1705 2869 1745 2934 ad
1760 2885 1872 2934 eorum
1887 2867 2119 2954 cogitationes,
2135 2885 2216 2952 quas
2231 2867 2355 2936 videbat
2369 2873 2403 2934 et
2417 2887 2471 2932 au·

1509 2973 1624 3056 dietat,
1637 2975 1809 3042 secundum
1824 2973 1900 3041 illud
1913 2973 2057 3040 llattbaei
2069 2991 2153 3040 nono
2164 2973 2203 3038 1⁰:
2223 3001 2239 3032 «
2250 2973 2327 3040 Cum
2342 2973 2469 3042 vidisset

1511 3081 1596 3148 lesos
1628 3081 1828 3166 cogitationes
1861 3099 1990 3160 eorum,
2020 3079 2119 3146 dixit:
2150 3079 2189 3148 ut
2222 3079 2297 3166 quid
2324 3081 2467 3166 cogitatis

1511 3187 1646 3254 malain
1673 3187 1819 3256 cordibus
1843 3187 2006 3256 vestrum
2030 3187 2116 3256 Unde
2138 3185 2262 3256 Glossa:
2294 3189 2469 3274 «Respon-

1510 3295 1590 3360 deas
1616 3295 1725 3374 lesus,
1751 3293 1906 3362 insidiosis
1929 3293 2233 3374 observatoribus»,
2255 3293 2330 3382 quia
2354 3293 2469 3360 dicitur

1512 3397 1688 3484 Sapientiae
1709 3399 1830 3484 primo:
1862 3399 1986 3466 «buris
2013 3397 2070 3466 zeli
2104 3397 2190 3466 erudit
2218 3401 2338 3480 omnia,
2363 3403 2393 3466 11
2418 3405 2469 3466 tu·-

1511 3505 1633 3574 multus
1661 3507 1950 3574 murmurationum
1975 3525 2037 3574 non
2059 3505 2268 3574 abscondetur
2287 3535 2315 3574 s.
2341 3509 2377 3574 Et
2400 3507 2470 3576 ideo

1513 3611 1683 3696 respondet
1704 3613 1943 3698 cogitationibus
1967 3611 2109 3680 faciendo
2141 3613 2202 3680 illis
2235 3615 2468 3700 quaestionem,

1512 3735 1609 3802 quam
1637 3725 1670 3784 et
1698 3717 1758 3802 ipsi
1790 3717 1986 3802 cogitabant,
2008 3735 2081 3784 cum
2113 3707 2240 3786 subdit:
2263 3719 2403 3786 Dicens:
2432 3721 2471 3788 Si

1511 3823 1584 3890 ticet
1600 3823 1742 3890 Sabdata
1757 3823 1904 3890 curaret
1923 3859 1965 3872 -
1981 3823 2062 3890 Hanc
2078 3823 2292 3908 quaestionem
2318 3823 2469 3910 leguntur
2489 3839 2607 3904 exuendas

1512 3929 1669 3996 Pharisaei
1693 3929 1824 3996 Doorino
1848 3929 1972 4008 fecisse,
1989 3927 2069 3996 sicut
2093 3929 2206 4014 legitur
2231 3931 2375 3998 llattbael
2391 3931 2471 3998 duo·
2500 3895 2598 3938 mm

1512 4033 1632 4102 decimo
1646 4037 1691 4100 ¹1:
1721 4061 1737 4094 u
1753 4037 2006 4120 interrogabant,
2037 4035 2157 4102 silicet
2181 4037 2313 4104 Sabbata
2337 4053 2469 4118 curare,

1511 4147 1550 4206 ut
1571 4147 1755 4210 accusarent
1770 4159 1845 4208 eum
1859 4167 1887 4206 u.
1906 4141 1964 4208 Sed
1981 4143 2078 4208 Lucas
2095 4141 2247 4226 exprimit
2261 4141 2391 4210 illorum
2417 4161 2470 4210 co-

1511 4247 1644 4332 gitatus,
1670 4249 1844 4316 blattbaeus
1868 4249 2018 4334 exprimit
2042 4247 2186 4318 verbnm.
2212 4249 2273 4316 lloc
2298 4249 2472 4334 quaerebat

1512 4353 1665 4420 Dominus
1688 4353 1728 4420 ab
1751 4351 1815 4446 eis,
1836 4351 1912 4438 quia
1928 4353 1987 4438 ipsi
2002 4351 2181 4420 fatebantur
2204 4369 2239 4420 se
2253 4353 2467 4440 legisperitum

1512 4459 1596 4526 unde
1620 4459 1782 4528 Glossa12:
1814 4461 1867 4524 «Α
1889 4459 2076 4544 legisperitis
2100 4457 2249 4526 iodicium
2266 4459 2356 4546 Legis
2372 4477 2470 4546 quae·

1512 4565 1556 4632 rit
1571 4591 1601 4630 ».
1627 4567 1756 4650 Propter
1778 4565 1864 4652 quod
1893 4565 2062 4634 hlalacbiae
2082 4565 2241 4634 ¹secundo:
2270 4591 2288 4626 (ι
2302 4565 2394 4632 Lahia
2422 4583 2471 4634 sa-
2539 4595 2540 4598 ¹

1513 4671 1647 4738 cerdotls
1678 4669 1859 4738 aristodium
1892 4671 2071 4750 scientiam,
2105 4677 2135 4738 11
2166 4673 2264 4756 legem
2302 4669 2471 4756 requirunt

1511 4775 1551 4844 de
1574 4795 1631 4842 ore
1652 4775 1722 4840 eius
1739 4799 1768 4854 »3
1795 4783 1824 4842 et
1856 4775 1962 4844 Glossa
1997 4775 2130 4842 ibidem:
2159 4801 2176 4834 a
2192 4775 2223 4842 Si
2254 4777 2399 4844 sacerdos
2429 4777 2468 4844 de

1511 4882 1578 4966 lege
1602 4881 1830 4966 interrogatur,
1857 4881 1979 4960 doceat;
2003 4881 2140 4966 alioquin
2165 4881 2284 4950 frustra
2307 4881 2400 4949 iactat
2423 4883 2493 4948 dir

1510 4989 1679 5074 gnitatem,
1702 4987 1794 5054 curius
1816 5007 1879 5056 aon
1901 4989 2033 5056 exhibet
2057 4989 2315 5074 operationem».

1601 5099 1630 5162 6.
1655 5095 1835 5182 (111111).
1862 5095 1965 5164 Tertio
1990 5101 2142 5182 quantum
2159 5097 2197 5164 ad
2221 5097 2464 5164 simulationem
2487 5113 2604 5158 samaram

1509 5209 1661 5290 tepentem
1686 5203 1806 5276 subdit:
1829 5207 1875 5272 At
1896 5203 1947 5272 titt
1969 5211 2155 5272 tacuerunt.
2182 5203 2251 5272 ideo
2279 5211 2465 5286 tacuerunt,
2503 5173 2585 5224 ‘ms'

1585 5567 1596 5598 ⁸
1616 5571 1691 5622 Vors.
1712 5569 1753 5620 11.
1770 5599 1806 5608 -
1826 5569 1947 5638 Sequitur
1965 5565 2070 5624 ecerat
2083 5572 2111 5636 l,
2130 5571 2172 5622 12.
2192 5585 2247 5638 seq.
2354 5611 2357 5620 .

1584 5653 1595 5686 ⁹
1616 5659 1708 5710 Psalm.
1729 5659 1794 5720 rot,
1814 5659 1855 5710 11.

1585 5743 1608 5776 ¹⁰
1629 5747 1701 5800 Pers.
1712 5745 1737 5808 i,
1748 5753 1807 5812 post
1819 5761 1898 5812 quem
1912 5749 2001 5800 Glossa
2015 5747 2194 5800 iittadineoris
2206 5745 2251 5814 (de
2261 5761 2313 5812 equa
2323 5751 2370 5800 clr.
2380 5745 2459 5814 Beda)

1514 5835 1540 5886 in
1560 5847 1610 5902 qua
1630 5847 1680 5898 pro
1697 5831 1913 5888 observatoribus
1939 5837 2055 5888 nonnulli
2079 5835 2157 5888 codd.
2183 5833 2427 5902 obseruationibus,
2445 5841 2472 5886 et

1514 5923 1575 5976 dein
1594 5923 1654 5988 Sap.
1677 5923 1706 5986 1,
1726 5925 1768 5974 ro.

1585 6007 1607 6040 ¹¹
1629 6011 1701 6062 Pers.
1722 6011 1763 6062 ltl.
1783 6037 1818 6048 -·-
1837 6009 1944 6064 interius
1968 6009 2047 6064 codd.
2071 6023 2229 6076 perperam:
2249 6009 2302 6064 Sed
2318 6007 2471 6064 Matthaeus

1514 6095 1773 6166 raprtuutttttornm
1793 6097 2047 6164 cogitatienum
2070 6097 2201 6166 reprimit
2224 6095 2350 6160 11111111,
2375 6097 2398 6148 io
2419 6111 2471 6162 qua

1514 6185 1576 6236 lalsa
1593 6183 1702 6236 lectione
1720 6183 1932 6246 trarxspnsuimns
1949 6197 2028 6234 vinces
2048 6183 2199 6238 llatttmeus
2218 6189 2244 6236 et
2260 6183 2472 6250 1111111111-

1514 6271 1632 6334 gendum
1650 6283 1712 6322 cum
1732 6271 1755 6322 D
1772 6269 1799 6336 (a
1817 6271 1933 6322 secunda
1952 6267 2042 6336 manu)
2063 6269 2117 6322 Sed
2132 6269 2285 6324 Matthaeus
2303 6267 2432 6338 reprimit
2443 6269 2472 6322 il·

1515 6357 1606 6412 tornm
1625 6357 1752 6422 uerbum,
1766 6357 1860 6410 Lucos
1879 6355 2009 6424 apprimit
2025 6355 2176 6424 cogitatas:
2194 6357 2237 6408 vei
2261 6371 2322 6408 erum
2340 6357 2398 6410 vat.
2419 6355 2472 6412 Sed

1514 6445 1667 6500 Mattlvaens
1686 6443 1819 6512 repressit
1837 6443 1949 6498 illorum
1967 6441 2100 6512 capitatas
2119 6443 2211 6508 aerbo,
2233 6445 2320 6498 ercas
2345 6457 2399 6500 nort
2425 6459 2472 6500 eu-

1506 6532 1610 6604 primtt
1626 6533 1713 6588 aerbo.

1585 6619 1608 6652 ¹²
1628 6621 1730 6678 Scilicet
1749 6603 1945 6688 interlinearis,
1958 6623 2001 6676 cui
2014 6619 2208 6688 subiunguntur
2227 6621 2333 6676 11111111.
2354 6625 2383 6688 2,
2401 6621 2428 6674 7.
2447 6627 2472 6676 et

1514 6715 1605 6766 Glossa
1624 6711 1806 6768 interlinearis
1825 6711 2046 6782 (11111111111111
2065 6711 2259 6778 enodemus,
2285 6711 2312 6764 io
2335 6725 2388 6780 qua
2412 6717 2472 6778 post

1515 6799 1608 6858 doceat
1626 6809 1708 6858 textus
1727 6801 1861 6868 originalis
1880 6801 1953 6856 addit
1970 6799 2122 6856 resistentes
2140 6799 2287 6856 concinent.
