5908 8266
589 613 655 680 444
767 629 768 632 ¹
1454 553 1569 674 ruuux
1592 605 1721 674 44444

881 697 935 752 1111)
2231 691 2285 742 101)

587 791 621 828 -’-
636 787 898 842 Divinumiudicium
911 785 1068 840 desertionis
1081 783 1128 838 fuit
1141 799 1227 850 causa,
1266 785 1299 838 35
1312 787 1453 850 „Magna
1466 799 1559 838 eorum
1573 785 1685 840 caecitas
1703 785 1726 836 in
1742 789 1905 838 contemnen-
1997 809 2030 820 -
2050 779 2205 834 dissentiunt
2232 779 2265 832 64
2282 779 2385 834 Christo
2409 781 2577 844 exipsorum

589 891 636 930 cur
656 877 728 928 multi
746 875 837 928 ludaei
848 889 903 928 non
916 879 1037 940 poterant
1055 873 1164 928 credere
1177 875 1227 928 424
1267 873 1300 926 64
1321 873 1453 928 Christum
1471 873 1523 926 100
1543 873 1577 926 48
1594 901 1632 914 -
1649 887 1742 926 eorum
1760 875 1905 928 excaecatio
1945 869 2040 928 malitia
2060 869 2091 922 Vl
2113 869 2157 922 351
2185 867 2212 918 61
2231 877 2408 934 -quaeruut
2427 869 2580 922 calumniari

589 965 622 1018 70
642 993 676 1006 -
697 963 839 1018 audiebant
859 967 960 1030 Legem
983 969 1011 1018 et
1036 965 1180 1030 Prophetas
1205 969 1230 1018 et
1268 961 1397 1026 figuratur
1419 963 1447 1016 in
1472 961 1658 1016 obscuratione
1683 961 1746 1014 solis
1771 963 1797 1014 in
1823 969 1905 1018 morte
1944 957 2577 1024 44411464644144414,441444111144144441258

590 1055 722 1110 Christum
749 1051 876 1108 videbant
903 1057 928 1108 et
947 1067 998 1108 non
1025 1051 1168 1108 credebant
1187 1057 1229 1116 111
1268 1047 1360 1102 Christi
1382 1051 1427 1104 581
1453 1051 1486 1104 55
1944 1045 1992 1114 53,
2010 1045 2044 1100 34

590 1147 642 1198 299
662 1141 696 1196 69
710 1145 870 1198 -carnales
884 1141 1041 1197 recusabant
1053 1141 1230 1198 audireChri·
1321 1167 1354 1180 -
1374 1141 1407 1192 de
1427 1141 1478 1192 lide
1497 1141 1617 1192 etsalute
1635 1153 1688 1192 non
1706 1137 1843 1206 curabant,
1857 1141 1902 1194 sed
1995 1165 2028 1174 -
2050 1137 2163 1188 furentes
2186 1135 2304 1188 doctrina
2324 1133 2420 1188 Christi
2446 1135 2580 1188 elevantur

578 1235 659 1288 'stum
677 1231 713 1284 Vl
737 1231 788 1284 388
815 1231 849 1284 25
865 1261 903 1270 -
920 1231 1050 1284 increduli
1073 1231 1230 1286 condemno·
1268 1225 1301 1280 de
1322 1229 1610 1294 temporalirelectione
1631 1229 1661 1282 Vl
1682 1227 1732 1282 324
1754 1227 1785 1282 34
1805 1229 1905 1292 -pri-
1943 1223 2292 1278 1446441441144444111343
2314 1221 2580 1276 24-4441414111-

589 1321 686 1378 buntur
706 1335 720 1374 a
737 1321 832 1386 regina
846 1321 928 1384 Saba,
942 1321 1005 1390 quia
1018 1325 1231 1386 contempserunt
1269 1331 1313 1370 mo
1327 1317 1409 1372 secuti
1429 1317 1572 1370 Dominum
1593 1321 1703 1384 propter
1724 1317 1816 1384 signa,
1836 1321 1906 1382 post·
1943 1317 2033 1378 gentes
2057 1311 2188 1366 Christum
2211 1313 2289 1366 stulte
2313 1311 2508 1378 reprehendunt
2526 1315 2577 1364 329

590 1411 723 1466 Christum
747 1411 790 1464 vu
809 1411 860 1462 299
892 1409 938 1474 97,
965 1411 1000 1462 69
1018 1405 1053 1450 ·’-
1074 1409 1230 1464 ludaeorum
1268 1407 1378 1460 modum
1401 1405 1591 1460 4414411444411
1619 1411 1680 1460 sunt
1697 1411 1806 1472 propter
1831 1417 1905 1458 escas
1943 1399 2029 1450 07-
2056 1399 2274 1468 blasphemabant
2303 1401 2428 1466 dicentes,
2444 1415 2499 1454 non
2522 1417 2579 1456 esse

591 1499 729 1554 infidelitas
753 1499 858 1564 mansit,
879 1499 942 1566 quia
965 1497 1100 1552 illuminati
1125 1505 1229 1552 eranta
1268 1495 1320 1546 326
1340 1495 1374 1546 50
1392 1523 1428 1536 -··
1447 1495 1563 1548 44444144
1580 1507 1593 1546 4
1613 1493 1714 1548 Christo
1736 1491 1905 1558 requirebant
1942 1489 2025 1542 Deum
2046 1489 2096 1542 392
2119 1489 2148 1542 47

527 1609 530 1616 ·
589 1587 1230 1654 044414411138152-4444144140641114·
1268 1583 1388 1648 corporis
1404 1583 1567 1636 saturitatem
1585 1583 1638 1636 325
1658 1581 1691 1636 42
1708 1595 1778 1634 -a
1804 1581 1904 1636 Christo
1996 1605 2030 1618 -
2050 1577 2175 1632 volebant
2199 1579 2330 1634 Christum
2360 1579 2494 1645 lapidare,
2517 1579 2580 1646 quia

588 1685 642 1734 tem
659 1681 686 1732 et
705 1675 878 1732 idololatriam
897 1675 1020 1730 dicuntur
1034 1677 1170 1742 genoratio
1189 1691 1232 1730 ne·
1269 1677 1361 1738 petunt
1380 1671 1594 1738 4404411111οῐ0,
1615 1669 1905 1726 0100040011011317
1942 1667 2079 1720 videbatur
2104 1667 2303 1734 blasphemasse
2319 1669 2355 1722 Vl
2379 1669 2427 1722 371
2456 1669 2500 1720 83·
2527 1669 2579 1722 392
2635 1723 2636 1726 ,

588 1783 668 1838 quam
689 1771 714 1822 41
731 1767 850 1822 adultera
869 1765 912 1820 Vll
934 1767 984 1820 298
1006 1765 1038 1820 64
1268 1759 1302 1816 55
1321 1787 1356 1800 -
1375 1759 1537 1828 quaerebant
1561 1773 1656 1826 panem
1682 1763 1858 1826 temporalem
1872 1763 1905 1816 ad
1943 1755 2189 1810 44-441444441
2214 1759 2357 1810 Dominum
2382 1759 2501 1824 lapidare
2528 1759 2574 1812 991

642 1885 676 1926 ·.·
695 1855 813 1910 infideles
835 1861 908 1910 erant
932 1855 1020 1910 ludaei
1042 1856 1098 1909 solo
1124 1857 1231 1910 nomine
1268 1849 1482 1904 manducandum
1497 1849 1546 1900 329
1562 1849 1718 1916 65--4441
1736 1851 1903 1904 relectionem
1944 1845 1976 1900 42
2002 1873 2037 1888 ·-·
2062 1843 2269 1900 irrationabiliter
2295 1847 2442 1900 44114441
2465 1849 2501 1902 ad
2523 1861 2580 1912 per·

588 1947 621 2000 111
647 1939 699 1998 296
723 1945 759 1996 44
776 1973 813 1984 --
831 1943 967 2000 eliciebant
994 1957 1039 1998 cos
1070 1945 1116 2012 qui
1143 1945 1230 2000 crede·
1266 1953 1320 1994 non
1337 1939 1424 1990 statim
1448 1941 1623 2002 recesserant,
1641 1939 1691 1992 sed
1712 1937 1845 1992 Christum
1867 1953 1905 1994 en·
1931 1935 2103 1994 secutionem
2120 1933 2223 1986 Domini
2242 1933 2428 1988 benefacientis
2444 1933 2480 1988 16.
2500 1933 2533 1988 43

588 2035 653 2088 bant
679 2035 707 2086 in
732 2021 865 2088 Christum
894 2033 947 2086 502
973 2035 1004 2086 61
1031 2061 1069 2072 ·-
1090 2039 1229 2098 peccatum
1267 2027 1421 2094 spectabant
1434 2027 1485 2080 325
1499 2027 1751 2094 as-qoaerehant
1761 2027 1905 2094 Christum,
1996 2055 2030 2066 ··-
2050 2023 2203 2088 expulerunt
2222 2023 2337 2076 lesume
2358 2021 2454 2074 finibus
2473 2023 2527 2074 suis
2547 2023 2580 2074 111

589 2123 732 2176 maximum
761 2121 1015 2176 luitnoncredero
1040 2123 1071 2176 14
1096 2119 1227 2176 Christum
1267 2119 1329 2188 quia
1346 2131 1393 2170 eos
1411 2119 1538 2170 refecerat
1557 2117 1582 2170 14
1600 2119 1732 2182 praesenti
1746 2113 1785 2174 lb.
1811 2119 1858 2186 49,
1874 2119 1904 2172 42
1943 2117 1995 2168 298
2014 2115 2049 2168 60
2065 2141 2102 2152 -·-
2120 2113 2229 2166 4644441
2245 2111 2391 2174 Christum,
2413 2125 2474 2164 cum
2492 2111 2580 2176 potins

588 2211 633 2266 Vll
651 2209 702 2262 498
721 2209 756 2264 69
772 2239 808 2250 --
828 2215 936 2278 propter
949 2211 1155 2266 incredulitatem
1175 2227 1227 2266 non
1264 2235 1303 2248 -
1320 2205 1414 2260 terreni
1435 2207 1596 2260 descendunt
1616 2207 1662 2260 361
1688 2209 1720 2260 33
1941 2205 2079 2260 debuerint
2099 2215 2161 2256 eum
2175 2203 2285 2270 diligere
2304 2201 2346 2254 Vll
2361 2197 2412 2254 479
2432 2199 2459 2252 21
2480 2213 2580 2254 -444

587 2305 660 2356 44441
677 2299 815 2366 caelestes,
838 2301 1013 2370 4461444441,
1032 2317 1086 2356 nou
1109 2303 1227 2370 spiritua·
1319 2323 1353 2338 ·—
1373 2297 1492 2350 infideles
1505 2299 1622 2356 stulteet
1633 2297 1760 2352 malitiose
1774 2305 1905 2364 quaerant
1942 2299 2043 2348 tanturn
2062 2293 2175 2348 oderunt
2191 2291 2322 2346 Christum
2335 2293 2515 2358 praesentem,
2535 2303 2581 2342 ve-

587 2391 640 2456 les,
657 2391 707 2446 446
723 2391 813 2458 polius
827 2393 951 2446 animales
968 2393 1020 2446 298
1040 2391 1075 2446 64
1094 2419 1131 2434 -·-
1148 2393 1228 2446 mani·
1266 2389 1300 2442 Vl
1320 2387 1372 2440 399
1391 2387 1426 2440 35
1444 2417 1479 2426 --
1499 2389 1567 2440 mala
1583 2393 1713 2454 quaerunt
1733 2389 1766 2442 de
1784 2387 1904 2454 Christo,
1932 2399 2002 2466 rum
2030 2383 2109 2438 etiam
2134 2389 2317 2450 resurgentem
2346 2389 2372 2436 41
2395 2383 2580 2436 ascendentem

588 2483 651 2534 leste
669 2481 774 2536 luerunt
796 2481 909 2536 convicti
930 2483 963 2536 de
981 2481 1081 2538 invidia
1104 2487 1132 2536 41
1148 2485 1228 2538 incre·
1265 2479 1334 2532 bona
1352 2481 1440 2530 tacent
1466 2477 1518 2530 396
1538 2479 1572 2530 23
1589 2503 1628 2518 -
1644 2477 1707 2542 quia
1730 2477 1799 2530 male
1824 2491 1906 2542 quae·
1941 2471 2432 2536 16141-444441444444444444
2447 2471 2579 2526 Christum

588 2571 819 2626 6411141410254
1265 2573 1340 2632 4441,
1370 2565 1430 2618 1644
1447 2565 1473 2616 14
1486 2581 1492 2596 ³
1502 2563 1669 2632 inquisitione
1696 2563 1821 2616 deliciunt
1841 2563 1904 2620 16141.
1942 2563 1968 2614 14
1988 2575 2028 2626 44,
2054 2569 2145 2614 verum
2167 2561 2244 2614 etiam
2268 2561 2298 2612 in
2318 2575 2368 2614 suo
2386 2573 2499 2626 corpore
2517 2555 2580 2612 ibid.
2661 2591 2665 2596 a

641 2687 675 2698 ..
695 2661 820 2728 quamvis
836 2663 917 2716 muqa
938 2661 1014 2728 signa
1032 2661 1175 2726 vidissent,
1195 2671 1230 2718 qa.
1266 2683 1304 2696 -
1322 2655 1424 2706 curiose
1443 2651 1605 2720 quaerebant
1623 2651 1656 2704 de
1676 2649 1776 2704 Christo
1801 2649 1845 2704 341
1872 2653 1903 2704 12
1941 2649 2117 2702 *Dominus
2133 2649 2238 2700 ludaeis
2251 2649 2340 2712 ipsum
2360 2647 2581 2714 persequentibus
2611 2713 2612 2716 Ἴ

556 2771 557 2774 “
589 2763 650 2804 men
668 2763 720 2804 444
740 2749 924 2816 crediderunt,
944 2749 1007 2818 quia
1024 2749 1227 2806 malfitanorum
1264 2773 1302 2784 --
1320 2740 1468 2794 inordinate
1492 2742 1647 2806 quaerentes
1667 2739 1833 2804 corriguntur
1853 2739 1904 2792 325
1940 2737 2055 2790 ostendit
2071 2749 2147 2788 suam
2173 2737 2345 2790 bumilitatem
2363 2737 2396 2788 111
2423 2737 2470 2788 371
2494 2737 2528 2788 83
2547 2763 2581 2774 -

588 2853 642 2892 non
657 2837 762 2892 sinebar
777 2839 813 2892 Vq
833 2837 885 2890 444
902 2839 937 2890 56
956 2867 992 2878 ....
1010 2837 1152 2892 credebant
1170 2851 1230 2904 ppo.
1267 2831 1315 2894 tl,
1334 2829 1368 2880 42
1380 2857 1416 2866 -
1428 2841 1483 2880 444
1499 2827 1671 2890 intelligentes
1683 2825 1815 2878 Christum
1825 2839 1905 2892 quae·
1941 2821 2072 2876 Christum
2086 2837 2138 2876 non
2159 2827 2219 2876 sunt
2231 2823 2306 2876 veriti
2323 2837 2374 2876 nec
2385 2823 2472 2876 Deum
2489 2837 2580 2878 veren-

551 2965 569 2998 ·.
588 2927 741 2994 prersigna
770 2927 822 2980 276
842 2927 887 2980 37.
914 2929 959 2980 Vll
988 2927 1033 2980 221
1070 2927 1101 2978 18
1121 2953 1156 2968 -·
1175 2941 1228 2980 444
1265 2923 1327 2974 runt
1339 2923 1369 2970 ut
1381 2917 1532 2980 ignorantes
1546 2913 1597 2976 359
1613 2913 1654 2968 25.
1668 2913 1713 2968 361
1735 2915 1906 2980 35-4444-
1942 2909 2171 2964 144111150018

588 3015 707 3082 credunt,
725 3013 777 3066 nisi
796 3005 873 3078 signa
891 3013 1051 3066 4164441111
1071 3013 1122 3066 326
1142 3013 1229 3064 to-
1265 3007 1368 3060 4144441
1384 3003 1516 3058 Christum
1529 3017 1578 3068 per
1595 3003 1839 3070 compunctionem,
1859 3007 1905 3060 sed
1995 3029 2031 3036 -
2050 2999 2175 3052 confutati
2186 3003 2245 3052 sunt
2262 3013 2279 3050 a
2299 2997 2517 3052 61441414111101
2538 3001 2580 3052 51.

587 3115 642 3154 444
659 3103 910 3156 4446441440141414
930 3101 1003 3154 44041
1017 3113 1071 3152 444
1088 3105 1230 3164 potuerunt
1266 3093 1340 3148 multi
1364 3091 1585 3158 desperaverunt,
1615 3097 1702 3144 tamen
1730 3091 1810 3159 aliqui
1826 3105 1905 3158 quae·
1943 3087 1994 3142 103
2012 3087 2048 3142 56
2067 3115 2103 3126 -·
2120 3089 2278 3140 ludaeorum
2306 3087 2454 3154 malignitas
2475 3087 2498 3140 14
2525 3101 2582 3152 per·

588 3189 641 3244 328
659 3189 917 3256 sr—quaerehaat
930 3189 963 3242 de
980 3187 1051 3240 bona
1061 3189 1228 3254 operatione,
1266 3187 1353 3234 tentes
1380 3193 1433 3232 lton
1460 3181 1619 3232 invenerunt
1643 3179 1830 3244 corporaliter,
1859 3181 1905 3236 sed
1941 3177 2076 3244 sequendo
2096 3175 2227 3230 Christum
2237 3175 2427 3228 :manifestatur
2446 3177 2582 3244 tripliciter
2609 3203 2610 3206 ¹

588 3277 651 3346 quio
670 3291 718 3344 per
736 3277 807 3330 illam
823 3277 1048 3332 volebantvenire
1067 3277 1091 3328 14
1112 3277 1230 3332 relectio·
1266 3267 1437 3336 spiritualiter
1449 3267 1501 3322 348
1517 3267 1552 3320 19
1942 3265 2041 3318 10357
2054 3295 2090 3304 -·
2105 3265 2270 3332 responsioni
2290 3265 2383 3318 Christi
2403 3265 2582 3320 contradicere

587 3379 648 3420 nem
679 3367 728 3420 326
760 3365 923 3418 44-41411
951 3367 986 3418 de
1014 3367 1098 3430 gioria
1122 3367 1228 3420 Parrum
1319 3387 1356 3400 ·-
1375 3357 1640 3424 ludaeisvidebatur,
1660 3359 1732 3426 quod
1748 3355 1906 3412 Christusin
1941 3369 1993 3406 non
2010 3355 2140 3418 valentes,
2154 3353 2402 3422 ipsuminterficere
2420 3355 2583 3424 quaerebant

587 3459 804 3520 contempserunt
821 3455 976 3508 miraculum
997 3455 1089 3510 Christi
1109 3453 1142 3510 ih.
1165 3457 1199 3508 47
1265 3449 1450 3504 observatione
1469 3447 1906 3516 Legisquaedamfaceret,quae-
1940 3445 2047 3498 111307
2065 3445 2100 3496 30
2118 3473 2155 3484 --
2173 3445 2233 3496 mali
2256 3457 2289 3496 ex
2312 3445 2446 3498 curatione
2474 3445 2581 3498 148414-

641 3571 677 3582 --
703 3545 841 3598 assuefacti
870 3549 944 3598 erant
969 3557 1098 3610 quaerere
1123 3547 1229 3610 signnm
1265 3541 1326 3594 dam
1347 3539 1467 3592 transiret
1493 3539 1524 3590 vl
1553 3535 1708 3592 36973-
1729 3537 1906 3604 reprehende·
1940 3533 2002 3586 bato
2021 3533 2229 3606 excaecabantur
2245 3535 2280 3586 ad
2298 3533 2493 3600 procurandam
2510 3535 2584 3588 Chri·

588 3631 624 3686 de
642 3635 714 3686 caelo
734 3633 777 3686 1111
797 3634 847 3688 200
871 3633 897 3686 41
922 3661 956 3672 -
971 3633 1078 3700 signum
1097 3639 1230 3700 quaerunt
1265 3627 1329 3682 bant
1348 3629 1434 3682 lesum
1453 3643 1483 3682 se
1496 3627 1582 3694 ipsum
1604 3627 1832 3682 commendantem
1856 3625 1904 3682 358
1940 3623 1975 3676 sti
2000 3627 2128 3688 mortem,
2148 3623 2211 3676 boni
2231 3635 2296 3676 vero
2313 3621 2530 3676 illuminabantur
2547 3625 2583 3676 ad

587 3721 726 3786 6444414,
755 3721 830 3788 quasi
852 3721 893 3774 illa
922 3733 993 3790 quae
1018 3721 1150 3788 viderant,
1176 3737 1229 3776 non
1265 3719 1300 3768 19
1317 3731 1356 3756 -·
1373 3715 1500 3782 indignati
1522 3709 1563 3770 ’64
1579 3715 1694 3784 Christo,
1712 3715 1775 3784 quia
1795 3715 1819 3768 14
1840 3715 1905 3770 Sab-
1939 3711 2103 3766 credendum
2120 3711 2148 3764 in
2167 3727 2229 3764 eum
2247 3711 2299 3764 308
2318 3713 2354 3764 33

587 3809 685 3862 luerint
702 3809 775 3874 signa
796 3811 846 3862 298
869 3807 900 3862 64
928 3803 1134 3876 *4444411441
1157 3809 1229 3864 Chri.
1263 3803 1325 3858 bato
1345 3805 1454 3858 curabat
1474 3805 1524 3858 345
1543 3805 1588 3868 29,
1610 3805 1636 3856 31
1655 3803 1731 3856 -14
1749 3803 1845 3856 malitia
1860 3805 1905 3858 oh·
1992 3829 2028 3838 -
2048 3801 2119 3854 multi
2138 3805 2280 3868 venerant,
2298 3805 2326 3854 ut
2346 3805 2431 3854 essent
2443 3805 2523 3854 testes
2536 3799 2582 3852 mi-

587 3903 666 3960 stum,
688 3897 750 3964 quia
767 3913 820 3952 non
838 3895 950 3952 faciebat
967 3901 1094 3952 miracula
1115 3901 1139 3952 ln
1159 3905 1228 3952 terra
1263 3893 1359 3946 firmati
1372 3895 1479 3946 suntad
1493 3895 1596 3948 Domini
1610 3895 1808 3958 responsionem
1820 3901 1905 3948 osten·
1938 3889 2020 3942 100011
2040 3889 2243 3944 resuscitationis
2260 3889 2352 3942 Lazari
2369 3889 2405 3942 Vl
2422 3889 2475 3940 399
2493 3891 2528 3942 28
2543 3919 2581 3928 -

585 3987 695 4052 propria
710 3987 758 4040 101
778 3985 859 4042 50-
872 3985 971 4054 indigni
986 3995 1059 4042 erant
1070 3989 1105 4042 ad
1118 3989 1229 4042 miracu·
1263 3983 1359 4052 644114,
1371 3997 1399 4036 44
1412 3997 1464 4036 444
1477 3985 1579 4038 solvere
1592 3981 1738 4038 Sabbatum
1750 3985 1803 4038 307
1820 3985 1857 4036 29
1869 4013 1905 4024 —
1938 3977 2124 4056 Conspirautcs
2152 3985 2241 4032 444144
2267 3979 2415 4042 Christum,
2437 3979 2516 4032 eriam
2536 3981 2582 4030 La-

585 4075 675 4130 lorum
697 4077 891 4142 susceptionem
911 4077 961 4130 102
987 4077 1020 4130 54
1039 4107 1074 4116 --
1093 4077 1229 4134 miraculis
1262 4071 1493 4140 reprehendebant
1509 4073 1643 4126 infirmum
1664 4081 1784 4128 curatum
1803 4073 1827 4126 14
1843 4073 1905 4128 Sab-
1939 4081 2030 4122 tarum
2049 4069 2202 4122 suscitatum
2231 4067 2354 4120 occidere
2379 4065 2505 4120 volebant
2529 4067 2580 4120 413

584 4165 724 4230 privantur
742 4163 871 4220 aChristo
884 4163 1172 4232 ibid-denegantur
1190 4167 1229 4222 eis
1264 4161 1326 4216 balo
1340 4163 1390 4216 306
1406 4161 1903 4230 20—nonatteudebant,Christum,
1940 4157 1985 4222 tt,
2003 4157 2046 4222 15,
2066 4159 2100 4210 16
2117 4185 2155 4198 ··-
2172 4155 2314 4210 Occasione
2342 4157 2518 4210 suscitationis
2537 4159 2583 4210 La·

584 4253 663 4318 signa
681 4255 814 4320 caelestia,
830 4255 880 4308 sed
897 4255 1077 4310 conceduntur
1097 4257 1228 4312 terrestria
1263 4251 1310 4318 qui
1321 4256 1428 4318 peccata
1437 4257 1541 4318 poterat
1550 4251 1687 4318 dimittere,
1697 4251 1815 4318 potuisse
1824 4253 1903 4306 etiam
1939 4245 2349 4302 zarimultiludaeicredentes
2372 4245 2432 4300 14411
2461 4243 2581 4300 444116.

586 4343 694 4396 29864
752 4339 753 4342 ’
785 4339 786 4342 ’
1264 4341 1291 4396 14
1304 4347 1445 4408 praecepto
1457 4341 1492 4396 de
1508 4339 1625 4396 Sabbata
1643 4341 1799 4406 dispensare
1814 4339 1851 4396 t'b.
1868 4345 1902 4396 22
1940 4333 2583 4404 11,16-11101111011301,01504114001019·
2678 4347 2682 4364 '¹

600 4503 603 4508 .
637 4433 768 4488 -414114
797 4441 929 4502 quaerant
949 4447 966 4486 a
990 4433 1092 4488 Christo
1121 4435 1227 4500 signum
1264 4431 1453 4486 -Dominum
1463 4429 1591 4498 putabant
1603 4431 1737 4484 hominem
1755 4429 1904 4500 infirmum,
1938 4425 2115 4480 suscitationis
2132 4425 2232 4488 104011,
2259 4425 2428 4480 crediderunt
2456 4423 2483 4476 10
2511 4421 2583 4478 Chri-

584 4519 720 4586 potestatis
739 4519 771 4574 Vl
791 4521 842 4574 270
863 4521 895 4574 32
910 4527 1086 4588 -quaerant
1106 4521 1228 4588 siguaad
1262 4533 1315 4574 non
1327 4519 1413 4576 Deum
1426 4519 1630 4584 omnipotentem
1649 4519 1684 4574 th.
1697 4521 1731 4574 23
1822 4529 1823 4532 ’
1939 4521 2009 4568 stum
2039 4515 2091 4568 106
2109 4515 2138 4566 91
2162 4543 2197 4552 -
2217 4513 2341 4566 111444414
2364 4511 2460 4566 Christi
2481 4511 2526 4564 alii
2544 4513 2583 4564 lu·

584 4609 1228 4684 444644644318344114444416441444114·
1315 4639 1353 4650 -
1373 4609 1519 4678 iidemqui
1539 4609 1614 4674 prius
1629 4609 1788 4672 laudabant,
1811 4613 1904 4676 postea
1938 4603 2067 4658 dacorum
2096 4607 2283 4670 profecerunt,
2310 4603 2354 4654 alli
2372 4603 2527 4654 defecerunt
2546 4599 2583 4656 16.

584 4703 692 4750 meatur
718 4703 826 4762 propter
855 4699 930 4762 signa
956 4711 972 4750 a
994 4697 1096 4752 Christo
1123 4705 1226 4766 patrata
1262 4697 1443 4764 despiciebant
1462 4699 1506 4752 1111
1526 4699 1575 4750 100
1597 4699 1628 4752 48
1649 4699 1808 4752 -laudant
1829 4697 1905 4752 Chri·
1939 4693 1974 4744 62
1991 4723 2028 4732 —-
2047 4693 2204 4746 ludaeorum
2224 4691 2381 4758 conspiratio
2402 4689 2583 4744 lactatuitoc·

584 4783 648 4840 totu.
669 4813 704 4826 -
722 4787 945 4840 convertebantur
963 4789 998 4840 ad
1017 4787 1098 4840 tidem
1118 4795 1228 4856 propter
1263 4793 1334 4841 stum
1354 4787 1432 4840 laude
1448 4787 1526 4854 vera,
1546 4786 1687 4841 4461411441
1703 4787 1785 4840 corde
1802 4787 1904 4840 51027
1939 4783 2045 4834 4441444
2072 4781 2289 4834 manifestationis
2306 4781 2402 4834 Christi
2420 4779 2472 4832 407
2491 4781 2527 4834 65
2545 4807 2582 4816 »-

585 4875 662 4940 signa
677 4873 728 4928 474
748 4877 779 4928 98
800 4863 837 4916 -··’
854 4875 960 4930 441114114
980 4875 1143 4944 quaerebant
1156 4879 1228 4934 Chri·
1262 4877 1498 4942 -quaestionem
1517 4875 1635 4930 dolosam
1655 4881 1806 4942 proponunt
1832 4877 1905 4930 Chri·
1939 4885 1992 4924 non
2010 4873 2097 4924 solum
2119 4885 2172 4924 non
2192 4869 2361 4922 crediderunt
2387 4871 2483 4920 Lazaro
2511 4881 2583 4920 resu-

584 4969 654 5016 stum
668 4971 776 5030 propter
796 4963 882 5018 visum
895 4965 1055 5020 miraculum
1073 4963 1125 5018 324
1144 4967 1228 5020 37-
1262 4970 1305 5020 sto
1321 4963 1358 5020 16.
1376 4965 1410 5016 28
1424 4963 1673 5020 -blaadiebantur
1688 4963 1805 5030 Christo,
1825 4971 1855 5018 ut
1871 4979 1905 5018 ex
1939 4961 2040 5026 scitata,
2057 4957 2142 5010 immo
2156 4957 2343 5022 ,cogitaverunt
2360 4957 2583 5008 euminterfioere

585 5053 678 5106 Turba
704 5053 814 5120 simplex
842 5053 999 5108 ludaeorum
1027 5055 1122 5108 videns
1151 5057 1227 5122 signa
1262 5039 1310 5108 ore
1322 5055 1379 5108 eius
1392 5059 1577 5122 extorquerent
1588 5059 1773 5118 argumentum
1787 5053 1819 5106 ad
1829 5065 1905 5106 accu·
1939 5047 2055 5102 1111425
2077 5035 2105 5098 61

583 5141 795 5196 movebaturad
810 5143 889 5196 96444
906 5149 933 5196 41
943 5141 1114 5196 devotionem
1127 5143 1179 5196 415
1192 5145 1227 5198 24
1263 5143 1376 5196 sendum
1387 5141 1449 5196 1616.
1459 5141 1590 5194 -mirati
1605 5147 1665 5194 sunt
1676 5141 1710 5194 de
1724 5141 1824 5196 Christo
1835 5147 1905 5194 etta·
1992 5163 2030 5174 -
2048 5133 2154 5186 Turbae
2167 5137 2363 5186 0000100010οῑ
2375 5131 2508 5186 Christum
2521 5147 2583 5198 pro-

636 5261 674 5270 ·-
691 5245 743 5284 uon
761 5235 883 5296 poterant
908 5231 1017 5284 credere
1036 5231 1062 5284 14
1079 5229 1227 5298 Christum,
1263 5235 1374 5282 ouerunt
1383 5241 1432 5292 per
1444 5211 1596 5282 evidentem
1609 5229 1789 5282 confusionem
1802 5227 1902 5280 51233
1938 5227 1997 5284 pter
2017 5219 2134 5272 00100011
2155 5217 2364 5284 0103011001οθοΊ
2386 5221 2581 5272 11131121-

584 5319 654 5386 4414,
667 5319 796 5372 excaecati
818 5323 891 5372 erant
911 5321 943 5374 111
968 5319 1019 5370 422
1040 5319 1072 5370 58
1099 5345 1131 5356 -·
1157 5319 1227 5372 14414
1315 5347 1353 5356 -
1370 5331 1401 5368 ex
1416 5317 1598 5380 indignatione
1609 5315 1790 5368 conviciantur
1800 5313 1905 5368 Christo
1938 5305 2062 5360 volebant
2081 5305 2214 5360 Christum
2231 5321 2324 5374 tegern
2343 5311 2428 5360 lacere
2445 5313 2505 5360 ante
2518 5315 2582 5362 tem·

584 5405 749 5460 1461414041
773 5405 903 5460 excaecati
923 5411 1008 5468 erant,
1027 5411 1056 5458 ut
1073 5419 1131 5456 ¹non
1153 5405 1228 5470 spiri·
1263 5403 1368 5458 111367
1387 5405 1423 5456 65
1440 5433 1478 5442 .„
1495 5405 1587 5458 dicunt
1610 5403 1742 5456 Christum
1768 5403 1905 5456 Samarita·
1939 5395 2097 5460 00011125

584 5495 687 5548 tualiter
713 5495 885 5560 intelligerent
909 5491 1043 5548 Christum
1064 5491 1113 5544 371
1136 5493 1172 5546 84
1190 5521 1228 5534 -
1262 5505 1341 5560 444,
1359 5491 1434 5560 quasi
1454 5491 1632 5544 nonsitlilius
1651 5491 1771 5544 Abrahae
1789 5487 1905 5544 ibid-
1991 5515 2030 5524 -
2054 5497 2157 5538 motem
2183 5485 2305 5550 portandi
2326 5499 2414 5540 ramos
2431 5487 2581 5552 palmarum

583 5581 738 5636 Ι8444444114
755 5581 914 5634 ludaeorum
926 5579 1042 5632 innuitur
1053 5577 1229 5632 absconsione
1262 5581 1362 5644 dicunt,
1373 5577 1505 5632 Christum
1520 5579 1688 5634 instructione
1701 5579 1905 5634 diabolidocere
1939 5573 1969 5626 in
1985 5573 2092 5640 Signum
2110 5575 2223 5628 laetitiae
2246 5575 2381 5630 habebant
2404 5591 2434 5630 ex
2460 5579 2529 5642 Lege
2546 5577 2582 5628 Vl

585 5669 690 5722 Domini
710 5667 756 5722 421
782 5667 939 5734 tid-quia
958 5669 1101 5722 noluerunt
1116 5665 1228 5722 inChri·
1263 5665 1906 5734 4146064414414441444441616..-11141441·
1940 5661 1992 5716 411
2013 5663 2180 5718 l8-multi
2199 5671 2370 5718 occurrerunt
2390 5665 2500 5718 Domino
2520 5679 2581 5720 cunr

553 5759 554 5762 ’
584 5763 655 5812 stum
675 5755 798 5818 credere,
815 5755 944 5810 excaecati
964 5761 1026 5808 sunt
1043 5762 1068 5808 et
1093 5755 1227 5820 reprobati
1263 5755 1397 5810 tribuebat
1414 5757 1553 5812 daemonio
1571 5771 1653 5824 opera
1676 5754 1815 5824 virtutum,
1836 5771 1905 5824 quae
1939 5751 2186 5806 144111141017-
2205 5753 2581 5808 Obstinatioludaeorumoc-

586 5845 631 5900 171
651 5845 750 5902 49869
769 5873 805 5882 -
822 5843 1027 5900 excaecatisunt
1044 5851 1069 5898 et
1088 5843 1226 5912 obdurati,
1263 5851 1356 5900 sunta
1376 5845 1475 5912 Spiritu
1491 5851 1596 5912 sancto,
1621 5859 1655 5900 ex
1677 5845 1793 5914 nequitia
1815 5847 1905 5900 cordis
1939 5843 2072 5896 casionem
2091 5843 2181 5898 habuit
2201 5845 2351 5896 ethonore
2376 5845 2488 5896 Domino
2512 5845 2582 5898 enhi-

586 5935 647 6004 quia
670 5935 780 6004 gratim
799 5933 1062 6002 impugnabanttri
1084 5936 1115 5988 16
1265 5937 1373 5990 1111181
1397 5935 1430 5988 58
1549 5981 1551 5984 .
1940 5931 1994 5986 bito
2026 5931 2090 5986 ibid.
2114 5959 2152 5972 ··-
2177 5937 2287 5998 propter
2316 5935 2443 5986 honorem
2469 5933 2582 5986 Domino

639 6030 885 6090 -44444444144,
911 6027 973 6076 cum
991 6037 1020 6076 44
1039 6023 1129 6078 videre
1147 6039 1227 6092 repu-
1316 6023 1509 6078 -Christum
1535 6025 1632 6078 ironice
1652 6029 1746 6078 vocant
1769 6025 1904 6078 medicum
1940 6019 2085 6076 exhibitum
2104 6019 2130 6072 in
2150 6021 2242 6074 miram
2263 6021 2390 6074 invidiam
2408 6019 2580 6086 prosiliebant

586 6119 640 6170 tant
660 6115 692 6168 Vl
713 6112 758 6168 381
785 6113 817 6168 50
836 6141 872 6154 -
889 6113 1020 6168 excaecati
1043 6121 1104 6166 4441
1119 6121 1230 6182 propter
1265 6113 1308 6172 Vll
1328 6113 1377 6166 100
1400 6113 1432 6166 49
1451 6143 1487 6152 -
1508 6115 1675 6166 detrahentes
1697 6113 1799 6168 Christo
1821 6115 1904 6178 tripli·
1940 6109 2003 6166 ibid.
2329 6183 2331 6186 Ι

585 6203 714 6260 malitiam
734 6207 759 6256 et
777 6203 949 6268 pertinaciam
969 6199 1032 6258 thid
1050 6233 1086 6244 -
1104 6211 1166 6260 sunt
1187 6219 1230 6258 ex·
1265 6205 1329 6256 citer
1348 6205 1513 6258 confutantur
1538 6217 1587 6268 per
1607 6205 1727 6268 exempla
1748 6203 1904 6268 prophetica
1940 6233 1942 6238 κ
1992 6227 2030 6242 ·-
2047 6199 2129 6252 Datur
2147 6199 2273 6252 mutantia
2291 6199 2328 6250 64
2344 6211 2437 6250 eorum
2457 6197 2581 6264 reproba·

526 6339 528 6342 .
584 6293 698 6358 caecati,
727 6291 790 6360 qnia
812 6293 932 6346 videntes
953 6293 1095 6346 noluerunt
1121 6295 1230 6348 credere
1267 6291 1311 6346 101
1337 6291 1378 6354 51,
1399 6293 1431 6346 52
1450 6321 1486 6330 -
1504 6291 1608 6346 Christo
1626 6289 1844 6346 conviciabantur
1861 6293 1905 6344 tri·
1940 6289 2011 6344 tione
2028 6287 2080 6342 sub
2105 6289 2191 6354 ligura
2218 6289 2312 6340 vineae
2330 6295 2355 6340 et
2375 6285 2517 6340 vinitorum
2535 6289 2580 6342 Vll

584 6381 709 6450 1416.,44
1265 6379 1367 6446 pliciter
1387 6381 1436 6434 100
1452 6379 1717 6446 lit—permodum
1729 6379 1905 6434 contumeliae
1942 6377 1992 6432 507
2021 6377 2049 6430 21
2083 6405 2117 6416 -
2138 6391 2229 6430 eorum
2257 6375 2417 6430 conscientia
2440 6383 2496 6430 erat
2519 6393 2581 6432 con·

551 6489 553 6496 ·
637 6497 675 6512 ··-
697 6469 855 6526 ludaeorum
877 6469 1027 6524 excaecatio
1052 6469 1118 6524 iusta
1148 6471 1230 6526 mani·
1265 6469 1359 6522 Filium
1376 6469 1423 6522 Dei
1442 6467 1576 6524 vocabant
1594 6469 1674 6522 lilium
1695 6467 1762 6522 fabri
1781 6467 1844 6522 thid.
1941 6481 2006 6520 sona
2032 6465 2139 6520 divinae
2156 6465 2312 6530 sententiae,
2330 6465 2379 6520 sed
2403 6465 2496 6532 lingua
2521 6481 2582 6520 oon·

585 6565 729 6616 testatura
754 6559 867 6612 Domino
888 6559 921 6610 vt
948 6559 995 6610 381
1030 6559 1062 6610 50
1083 6587 1117 6598 -
1136 6575 1169 6614 ex
1185 6573 1230 6610 au·
1317 6555 1516 6622 -despiciunt
1534 6571 1613 6622 quem
1627 6555 1762 6610 debebant
1780 6558 1865 6610 colere
1879 6565 1905 6612 et
1942 6557 2021 6610 traria
2039 6557 2091 6608 508
2109 6545 2399 6610 22-444144614441
2422 6557 2581 6622 sententiae,

511 6705 515 6716 ,
585 6649 644 6702 ditu
665 6645 782 6700 veritatis
798 6659 852 6700 non
869 6651 930 6698 sunt
947 6645 1056 6706 eruditi,
1075 6647 1121 6700 sed
1141 6647 1230 6714 potius
1267 6649 1397 6698 honorare
1409 6645 1452 6700 Vll
1466 6645 1511 6696 101
1532 6643 1564 6698 19
1583 6671 1618 6684 -
1637 6643 1770 6700 Christum
1788 6643 1839 6698 sibi
1851 6645 1905 6700 inu·
1941 6661 2023 6712 quam
2039 6649 2132 6698 contra
2150 6643 2288 6710 perfidiam
2302 6659 2378 6698 suam
2393 6643 2489 6700 dictam
2503 6661 2582 6712 agno·

586 6735 717 6790 excaecati
736 6733 836 6788 atinati
855 6733 899 6784 1111
919 6733 1077 6786 10357-
1097 6733 1172 6790 Plebs
1189 6741 1230 6790 tu·
1266 6733 1337 6786 tilem
1355 6733 1513 6798 reputabant
1537 6733 1563 6784 in
1588 6733 1776 6798 temporalibus
1799 6733 1834 6786 Vl
1853 6733 1903 6790 122
1940 6731 2096 6790 scuntibt'd.
2114 6733 2241 6802 —quod
2261 6733 2286 6788 in
2306 6739 2394 6788 mente
2412 6733 2541 6800 gerebant
2555 6733 2580 6786 in

584 6823 720 6878 multuaas
737 6821 933 6876 contradicebat
951 6821 1001 6874 sibl
1022 6821 1073 6874 348
1095 6821 1230 6876 44-44
1266 6835 1294 6874 v.
1311 6819 1505 6876 li—-bonum
1525 6835 1580 6874 non
1599 6827 1720 6888 poterant
1733 6835 1905 6888 cognoscere,
1942 6823 2067 6888 parabola
2093 6823 2220 6876 contineri
2249 6823 2428 6890 intelligebant
2455 6823 2518 6876 idid.
2544 6849 2580 6862 ·-

582 6923 645 6962 rum
661 6913 723 6964 lalsa
736 6909 891 6964 existimatio
905 6917 929 6964 et
941 6909 1054 6964 caecitas
1064 6911 1182 6966 miranda
1193 6909 1227 6964 78
1268 6909 1313 6962 sed
1333 6909 1366 6964 ad
1385 6911 1485 6964 malum
1503 6915 1581 6964 eraut
1597 6911 1714 6976 prompti
1732 6911 1785 6964 369
1802 6909 1838 6964 70
1942 6911 2145 6966 contradicendo
2158 6911 2281 6966 volebant
2297 6913 2391 6978 latere,
2408 6915 2436 6964 et
2453 6919 2538 6964 lamen
2552 6925 2581 6964 se
