5908 8266
794 599 862 656 ΜΔΕ
1175 511 1215 580 ΙΝ
1236 507 1532 580 cunlnlanthtalos
1555 511 1585 576 S.
1609 511 1836 584 scurrilitati
2155 605 2225 658 ΜΑΤ
2446 511 2507 578 791

506 687 573 740 tides
592 683 686 740 meruit
701 687 788 742 Lazari
800 689 1027 746 resuscitationem
1041 689 1092 742 400
1105 689 1151 742 34.
1188 691 1217 742 04
1240 717 1278 730 -
1295 687 1360 740 04044
1380 687 1494 752 Angelos
1520 687 1551 740 ad
1579 693 1778 742 monumentum
1805 697 1830 746 et
1919 695 2029 746 41440000
2048 719 2084 734 -
2102 693 2255 758 lttartyrium
2273 691 2451 746 testimonium
2470 695 2513 744 est

508 775 558 830 400
581 773 612 830 44
1187 779 1276 844 ipsum
1295 775 1438 830 Dominum
1458 775 1503 828 1444
1523 775 1575 828 590
1595 775 1629 828 43
1866 779 1983 834 veritatis
2003 779 2044 832 1444
2066 779 2118 832 508
2138 781 2171 830 00
2190 805 2225 818 -·
2244 779 2338 834 dicitur
2357 779 2430 834 testis
2447 779 2512 834 4040.

559 891 597 904 -
626 863 717 920 iudaei
745 867 951 924 consolabantur
985 867 1094 920 Mariam
1125 873 1152 922 et
1239 896 1278 908 -
1294 867 1384 920 Primo
1397 865 1557 932 0000004104
1576 865 1704 920 Dominus
1720 865 1830 920 1444530
1921 869 2096 920 -dicuntur
2111 866 2506 932 00004044100400441444050.4

506 955 1047 1010 040010οῐ00040010000400010144300
1069 959 1151 1010 29-
1190 959 1221 1010 43
1246 983 1283 998 -
1310 969 1440 1010 conversa
1463 955 1497 1008 ad
1521 953 1653 1010 Christum
1678 953 1745 1008 sidit
1769 969 1830 1008 eum
1866 943 1968 1010 ——Pati
1982 953 2193 1022 martyriumast
2203 957 2445 1022 supererogationis
2456 957 2508 1010 383

507 1047 583 1116 quasi
602 1045 693 1100 dolore
713 1053 794 1110 tacta,
812 1061 864 1100 000
884 1045 974 1100 valens
1003 1047 1048 1100 diu
1077 1047 1152 1100 susti·
1187 1049 1304 1114 primum
1318 1045 1545 1112 oauttscorports,
1565 1043 1830 1098 ncncordisV1508
1868 1045 1900 1098 08
1931 1059 1986 1110 arg.
2015 1073 2051 1082 -
2078 1047 2223 1112 sequuntur
2250 1043 2382 1098 Christum
2409 1043 2439 1096 in
2464 1043 2509 1098 via

507 1151 587 1200 nere,
605 1133 764 1190 credebatur
787 1133 822 1188 ad
845 1139 1044 1190 monumentum
1067 1135 1151 1190 fratris
1189 1139 1221 1190 00
1240 1165 1277 1176 ·-
1293 1149 1348 1190 non
1360 1135 1527 1200 recognoscit
1539 1133 1672 1188 Christum
1690 1145 1737 1200 per
1757 1133 1830 1186 collo·
1867 1133 2133 1198 supererogationum
2150 1145 2199 1196 per
2222 1129 2391 1186 imitationem
2411 1131 2510 1196 passio·

509 1227 546 1280 ire
566 1225 616 1278 400
640 1223 670 1276 40
1104 1245 1107 1250 ·
1187 1227 1281 1296 quium
1302 1223 1338 1280 ib.
1358 1225 1393 1278 03
1411 1239 1519 1278 -non
1541 1223 1630 1278 statim
1653 1221 1832 1290 cognoscebat
1868 1223 1906 1276 nis
1936 1221 1988 1274 584
2016 1221 2085 1274 4-
2108 1227 2265 1286 aspexerunt
2291 1221 2320 1274 40
2347 1221 2510 1274 0000100000

561 1343 597 1352 -
614 1313 694 1366 Maria
714 1317 771 1366 erat
795 1313 885 1380 quieta
908 1313 942 1366 Vl
973 1313 1025 1368 400
1053 1315 1083 1368 34
1115 1343 1151 1354 -
1187 1317 1335 1382 Christum,
1352 1313 1416 1382 quia
1437 1311 1575 1368 dubitabat
1592 1313 1640 1366 544
1663 1313 1747 1368 33-
1769 1325 1830 1366 cum
1868 1313 1918 1364 630
1946 1311 1972 1364 44
1998 1339 2032 1350 -
2052 1309 2135 1364 00000
2152 1313 2212 1362 0001
2236 1307 2369 1364 Christum
2390 1323 2439 1376 per
2459 1313 2511 1362 lor·

508 1401 1147 1472 0040400000004104040000100040000404
1188 1407 1305 1460 Christus
1325 1403 1347 1458 ei
1361 1403 1557 1456 constatimse
1571 1403 1760 1466 manilestavit,
1777 1415 1831 1454 ma·
1868 1405 1955 1454 menta
1978 1397 2041 1454 ibid.
2060 1427 2096 1438 ·-
2120 1397 2194 1450 varia
2216 1401 2244 1450 et
2265 1397 2358 1464 gravia
2381 1403 2509 1454 tormenta

508 1493 540 1546 30
560 1519 598 1532 -
614 1489 712 1544 deuote
729 1491 801 1544 00041
821 1491 854 1544 00
866 1491 1000 1546 Christum
1014 1491 1047 1548 40.
1068 1493 1100 1546 40
1114 1521 1151 1534 -
1189 1495 1228 1562 gis
1241 1489 1436 1548 accendebatur
1448 1489 1512 1546 4040.
1524 1521 1558 1530 -
1572 1491 1725 1546 nominatim
1736 1497 1829 1544 vocata
1866 1493 1939 1560 passi
1955 1495 2016 1544 sunt
2036 1489 2085 1542 106
2105 1501 2132 1540 0.
2150 1487 2167 1538 4

508 1581 604 1634 darete
623 1577 718 1633 cecidit
734 1581 771 1634 ad
788 1581 872 1646 pedes
892 1583 948 1636 lesu
968 1581 1020 1634 400
1040 1583 1074 1636 43
1188 1579 1545 1650 cognoscitChristum,quia
1559 1583 1639 1636 corde
1651 1583 1687 1636 ad
1699 1595 1830 1634 eumcoo·
1918 1579 1999 1634 -in
2017 1577 2114 1646 agonia
2132 1575 2282 1630 habuerunt
2304 1591 2421 1644 pugnam
2444 1577 2509 1634 inter

484 1667 486 1670 ’
561 1697 597 1706 -
614 1667 681 1718 mira
701 1667 842 1724 devotione
860 1671 1151 1738 00441000001000141
1188 1687 1264 1726 uersa
1282 1669 1488 1736 perintellectus
1502 1671 1705 1736 captivationem
1722 1671 1775 1724 500
1796 1671 1830 1724 04
1867 1675 1989 1724 naturam
2002 1675 2025 1724 et
2039 1667 2166 1736 gratiam,
2186 1667 2252 1718 40100
2263 1667 2391 1722 rationem
2411 1673 2438 1722 ct
2452 1681 2509 1722 sen·

509 1757 652 1810 3043-
677 1759 750 1814 unxit
774 1757 906 1816 Christum
934 1775 978 1814 sex
1007 1763 1064 1814 0400
1091 1765 1151 1814 0010
1240 1761 1505 1826 -reprchenditur,
1518 1761 1580 1828 quia
1592 1763 1682 1816 adhuc
1694 1761 1830 1816 carnaliter
1867 1761 2012 1814 sualitatem
2031 1761 2076 1814 Vll
2095 1757 2146 1810 557
2168 1757 2201 1810 55
2219 1771 2323 1824 —pro
2341 1757 2444 1812 Christo
2465 1771 2508 1812 he·

510 1849 608 1914 roscha
629 1833 679 1900 440
702 1847 729 1899 tl
753 1877 788 1890 -
806 1851 890 1916 pedes
914 1851 988 1904 unxit
1007 1855 1032 1904 04
1053 1849 1151 1904 004000
1189 1849 1213 1902 40
1232 1847 1365 1902 Christum
1386 1847 1511 1902 credebat
1533 1849 1692 1902 14450006
1718 1879 1756 1888 —-
1782 1851 1830 1904 ier·
1868 1849 1969 1916 gligunt
1989 1849 2116 1902 damnum
2135 1859 2223 1898 rerum
2244 1853 2268 1900 ct
2289 1847 2436 1902 amicorum
2453 1859 2508 1900 car·

422 1933 423 1936 ’
510 1941 594 1990 totum
612 1943 779 2002 unguentum
791 1953 874 2006 super
887 1945 966 2004 00001
982 1937 1076 1990 effudit
1088 1935 1149 1990 40444.
1188 1951 1254 1990 vens
1280 1935 1389 1990 volebat
1413 1937 1443 1988 40
1463 1937 1554 1990 000040
1580 1937 1681 2002 pedum
1708 1951 1786 1992 ruere
1805 1943 1830 1990 et
1867 1935 2507 2004 004400001044004000004000040000000010

509 2053 544 2066 -
560 2027 729 2090 Unguentum
751 2027 855 2092 triginta
881 2031 1068 2090 argenteorum
1087 2027 1151 2078 eliu·
1188 2025 1320 2078 Christum
1332 2037 1386 2078 non
1403 2023 1547 2086 dimittere,
1565 2025 1641 2078 seda
1658 2023 1830 2078 Christomit·
1868 2027 1918 2078 405
1937 2041 1962 2078 0.
1987 2027 1997 2078 4
2020 2053 2058 2066 -·
2074 2027 2186 2078 moritur
2210 2025 2361 2094 voluntate,
2387 2039 2448 2078 cum
2474 2025 2507 2078 sit

509 2115 547 2168 dit
566 2119 744 2180 0000000001
763 2115 855 2168 Christi
875 2111 978 2168 1444544
1005 2111 1150 2166 6-04000
1188 2115 1250 2166 titur
1268 2111 1301 2166 ad
1322 2111 1528 2166 annuntiandum
1549 2111 1829 2168 400-0011410000
1866 2115 1958 2168 libera
1978 2111 2116 2168 moriendo
2128 2119 2155 2166 01
2169 2117 2507 2180 tunc,nontamenamo·

509 2203 651 2254 Dominum
669 2201 821 2254 vehementi
848 2201 988 2254 devotione
1007 2199 1150 2264 flagrabat,
1189 2201 1394 2256 annuntiandam
1407 2201 1628 2254 resurrectionem
1645 2199 1707 2256 ibid.
1727 2201 1778 2254 540
1796 2201 1830 2256 07
1867 2203 1956 2258 040000
1976 2201 2130 2266 simpliciter
2146 2201 2199 2254 380
2218 2203 2253 2254 30

510 2301 580 2356 quae
607 2289 633 2340 40
662 2296 796 2354 unguento
823 2291 906 2342 elluso
933 2287 1089 2354 exprimitur
1116 2289 1150 2342 Vl
1194 2313 1197 2318 ·
1241 2291 1338 2344 -Per
1355 2277 1655 2356 llnrtamtntc'lliguntur
1674 2291 1831 2356 contempla·
1920 2317 1955 2330 -
1973 2291 2115 2356 Martyrum
2141 2303 2194 2344 non
2222 2291 2282 2344 lacit
2309 2291 2509 2360 qualiscumque

513 2377 563 2430 440
584 2379 598 2430 3
617 2385 810 2432 -excusatur
829 2393 843 2430 0
861 2377 988 2440 Domino,
1009 2377 1080 2444 quod
1100 2391 1149 2430 un·
1189 2381 1235 2434 1404
1256 2381 1286 2434 141
1307 2381 1357 2432 500
1375 2395 1401 2434 v.
1421 2381 1489 2432 5-
1503 2381 1551 2432 Per
1575 2381 1682 2432 llariam
1701 2379 1773 2432 domi
1793 2393 1831 2432 se·
1868 2393 1959 2446 00000,
1978 2377 2028 2432 0404
2049 2379 2118 2432 00044
2135 2377 2222 2432 000410
2243 2393 2321 2432 causa
2339 2381 2383 2434 1441
2403 2381 2454 2432 440
2475 2381 2509 2434 54

511 2471 638 2532 guantum
656 2465 778 2520 effuderit
795 2465 843 2518 444
870 2465 945 2518 7-
962 2465 1058 2518 Mariae
1075 2465 1151 2518 40000
1190 2471 1293 2524 dentem
1315 2471 1476 2536 significatur
1497 2467 1699 2534 contemplativa
1725 2467 1825 2522 40031
1867 2497 1902 2510 -
1922 2481 2139 2534 0000000000υο
2159 2469 2214 2522 sina
2235 2469 2428 2522 4000053007

511 2553 651 2608 4000440004
677 2555 756 2622 quasi
782 2555 817 2608 00
844 2553 912 2608 male
943 2557 1011 2608 lacto
1034 2551 1095 2610 t'bt'd.
1117 2583 1151 2594 -
1241 2561 1348 2614 hlxnrm
1370 2589 1404 2600 -
1422 2559 1527 2614 videtur
1548 2557 1629 2612 404000
1657 2557 1754 2612 mulier
1771 2561 1831 2612 hae·
1869 2627 1872 2634 ἦ
1919 2555 2120 2610 -exaltantur
2140 2557 2217 2624 quasi
2241 2565 2349 2626 propter
2368 2573 2442 2612 suam
2461 2559 2509 2612 mi·

512 2642 605 2696 melius
626 2641 684 2698 lecit
710 2645 835 2710 ungendo
861 2643 1009 2708 Christum,
1027 2659 1109 2712 quam
1130 2645 1151 2700 si
1190 2651 1347 2706 morrhoissa
1368 2665 1383 2704 a
1402 2643 1506 2706 Christo
1524 2653 1614 2704 000040
1631 2649 1672 2702 Vll
1694 2647 1794 2702 04078
1867 2647 1947 2702 liliam
1967 2645 2107 2702 1445964

512 2735 628 2786 dedisset
652 2733 816 2800 pauperibus
840 2731 902 2788 idid.
929 2761 966 2774 -
984 2739 1151 2800 unguentum
1242 2771 1278 2782 -
1295 2743 1344 2794 Per
1363 2741 1489 2794 ltlartham
1510 2741 1688 2804 intelliguntur
1706 2739 1782 2792 activi
1798 2739 1830 2792 Vl
1920 2739 2079 2792 ltlxscuunun
2097 2765 2134 2774 —
2152 2743 2202 2792 stat
2221 2751 2269 2802 pro
2289 2753 2366 2806 sexu,
2388 2741 2433 2792 rel
2452 2751 2507 2804 pro

513 2823 679 2876 conservam
708 2823 732 2874 tu
761 2823 832 2876 utem
859 2823 1017 2888 sepulturae,
1044 2837 1152 2888 araeve·
1193 2831 1242 2884 tuo
1263 2831 1305 2882 at.
1320 2831 1371 2884 aaa
1391 2847 1416 2884 v.
1436 2831 1516 2884 exn
1536 2829 1587 2882 440
1608 2829 1641 2882 aa
1654 2829 1752 2882 -ner
1769 2827 1831 2880 nter·
1868 2831 1958 2882 natura
1979 2825 2013 2880 04
2032 2827 2094 2894 qa
2115 2855 2148 2866 -
2169 2839 2253 2894 genos
2270 2829 2420 2894 frequenter
2438 2839 2507 2880 corn-

510 2911 605 2964 niendo
625 2911 674 2964 413
698 2913 729 2964 43
1191 2923 1262 2974 tham
1280 2919 1416 2974 sollicitam
1435 2919 1605 2984 intelligimus
1624 2919 1704 2972 vitam
1717 2917 1830 2972 activam
1869 2915 2007 2984 prehendit
2037 2915 2191 2970 femininum
2229 2917 2374 2972 secundum
2404 2929 2507 2970 uxorem

563 3027 599 3036 ·-
617 3005 657 3052 ter
674 2999 749 3054 unxit
773 3001 914 3056 Dominum
939 3001 1038 3054 vlita
1066 3001 1152 3054 tn¹-
1191 3011 1223 3062 141
1250 3011 1300 3062 440
1330 3011 1399 3062 0-
1418 3011 1466 3062 Per
1491 3011 1618 3062 ltlartham
1641 3007 1830 3062 ministrantem
1869 3007 2019 3074 scripturae
2037 3003 2100 3062 t'bt'd.
2209 3047 2210 3050 .

510 3089 661 3152 1441430444
689 3089 793 3164 144οῑ500
818 3091 851 3144 ud
881 3091 1022 3144 Dominum
1050 3105 1152 3158 ungen-
1191 3099 1372 3164 intelliguntur
1390 3095 1542 3152 obedientes
1563 3097 1608 3150 004
1633 3111 1660 3150 r.
1680 3097 1711 3150 03
1923 3099 2076 3152 0400004040
2093 3125 2130 3138 -··
2147 3097 2265 3164 corporis
2285 3095 2378 3152 Christi
2403 3101 2443 3152 est
2466 3095 2508 3150 vel

512 3177 577 3230 dum
600 3177 645 3230 Vll
669 3175 720 3228 484
746 3179 780 3230 70
804 3209 841 3218 -
865 3175 957 3242 triplex
985 3185 1152 3244 unguentum
1245 3185 1406 3250 -suscepit
1420 3185 1553 3238 Christum
1566 3185 1593 3236 40
1606 3183 1719 3248 hospitio
1736 3185 1830 3238 domus
1869 3187 2064 3240 sacramentalis
2080 3185 2193 3254 speciei,
2210 3189 2253 3242 vel
2272 3187 2427 3254 spiritualis,
2441 3199 2510 3254 quae

512 3263 1151 3332 0040400οο4000404040440401010144603
1178 3273 1325 3332 ¹exterioris
1351 3275 1395 3326 1444
1425 3273 1476 3326 076
1502 3273 1536 3324 76
1556 3299 1590 3312 --
1609 3279 1735 3338 tanquam
1763 3271 1831 3324 bona
1870 3281 1907 3328 est
1927 3275 2068 3340 spiritualis
2090 3277 2217 3330 discussio
2237 3277 2382 3342 perlidem
2402 3275 2508 3330 144334

414 3367 418 3378 ·
477 3353 574 3406 ,03
1127 3397 1128 3400 1
1190 3359 1274 3412 001400
1294 3359 1443 3412 declinabat
1460 3361 1544 3414 otium
1565 3359 1615 3414 073
1634 3361 1716 3412 68-
1736 3365 1762 3414 ln
1775 3361 1831 3412 eius
1870 3367 1919 3432 00,
1938 3365 1966 3416 04
2042 3377 2043 3382 ¹

563 3471 600 3482 -
617 3449 678 3496 0040
691 3447 839 3510 passionem
852 3443 984 3498 Christum
1000 3445 1082 3498 Deum
1094 3457 1153 3496 esse
1191 3461 1270 3514 opere
1289 3453 1344 3500 erat
1356 3449 1482 3514 perfectio
1502 3455 1526 3502 et
1538 3449 1644 3503 debitus
1660 3449 1758 3502 modus
1769 3447 1831 3502 ibid.
1923 3459 2013 3512 00000
2034 3487 2071 3496 -
2093 3459 2200 3526 speciali
2226 3461 2359 3514 affectione
2386 3465 2427 3512 032
2452 3457 2508 3512 (00.

512 3533 637 3586 00000001
662 3533 698 3584 144
725 3533 772 3586 544
807 3533 840 3588 34
869 3561 902 3572 -
921 3533 1152 3586 vehementissima
1191 3565 1226 3578 -
1251 3537 1383 3590 laboriosa
1400 3539 1571 3604 conqueritur
1588 3539 1624 3590 00
1646 3539 1725 3590 illaria
1750 3539 1831 3590 otiosa
1870 3547 1960 3614 ganda¹
1975 3547 2017 3600 00
2039 3547 2088 3600 470
2111 3549 2302 3614 gn..magna
2319 3549 2457 3602 directione
2473 3547 2508 3602 qi.

510 3621 644 3676 Christum
661 3621 690 3674 in
708 3635 785 3676 carne
804 3621 909 3676 amabat
928 3621 990 3678 4040.
1010 3649 1044 3662 -
1058 3623 1082 3674 40
1095 3635 1152 3686 pas·
1190 3625 1224 3680 tl.
1244 3627 1276 3678 60
1296 3653 1332 3666 -
1349 3631 1459 3690 propter
1477 3627 1565 3680 oneris
1577 3625 1735 3692 grauitatem
1754 3641 1830 3692 quae·
1869 3635 1926 3702 tigit
1943 3635 2024 3688 lilium
2047 3635 2076 3688 11
2097 3635 2148 3690 450
2170 3635 2201 3688 00

512 3711 585 3764 04000
602 3709 698 3764 Christi
716 3717 817 3764 1004004
836 3711 955 3764 dolorem
973 3713 1103 3778 concepit,
1124 3715 1152 3764 04
1190 3713 1265 3768 00004
1281 3713 1407 3768 auxilium
1431 3715 1524 3768 blaciae
1550 3711 1614 3768 told.
1631 3743 1665 3754 -
1684 3729 1775 3770 secure
1795 3729 1831 3768 re·
1922 3751 1957 3764 ...
1975 3725 2001 3776 in
2018 3729 2148 3790 quantum
2170 3725 2239 3778 toves
2251 3725 2274 3777 tn
2291 3725 2422 3788 moribus,
2440 3725 2509 3778 desi.

513 3813 566 3854 non
585 3799 634 3854 nisi
653 3799 687 3854 de
707 3801 866 3856 humanitate
885 3807 909 3854 et
928 3801 1152 3866 mortecogitaret
1190 3801 1313 3872 quirebat
1325 3803 1419 3856 Christi
1433 3803 1573 3870 iudicium,
1591 3809 1622 3856 ut
1633 3803 1731 3856 sororis
1750 3805 1832 3870 impe·
1870 3819 1963 3878 gnatur
1982 3827 2028 3878 per
2049 3813 2126 3878 Legis
2144 3813 2264 3868 doctores
2284 3815 2325 3866 vp
2347 3813 2397 3868 0ιο
2417 3815 2444 3866 00
2503 3833 2504 3836 =

512 3893 537 3944 et
556 3903 609 3944 non
630 3891 757 3944 recoleret
773 3905 853 3956 opera
874 3889 1013 3944 Maiestatis
1030 3887 1092 3944 4040.
1191 3897 1269 3944 traret
1287 3891 1413 3944 auxilium
1428 3889 1490 3944 ibid.
1510 3919 1545 3932 -··
1565 3891 1704 3960 aliquando
1717 3905 1831 3958 conque·
1923 3903 2038 3956 000000
2051 3931 2085 3940 .-
2102 3901 2188 3968 prima
2206 3907 2247 3956 esu
2258 3903 2358 3968 invisa,
2376 3905 2402 3956 jd
2423 3909 2461 3958 est
2475 3905 2509 3956 qn.

565 4007 600 4018 --
618 3977 796 4046 rnagisdolnit
809 3979 903 4034 Christi
915 3993 1014 4046 corpus
1026 3977 1152 4046 ablatum,
1190 3981 1267 4048 citur,
1286 3981 1342 4034 aliis
1362 3995 1441 4034 suum
1453 3981 1570 4034 cilicium
1589 3983 1792 4048 praeponendo,
1808 3985 1832 4034 et
1870 3989 1981 4044 visibilis
1999 3989 2033 4042 vl
2057 3991 2099 4042 404
2119 4005 2145 4042 v,
2168 3993 2196 4042 40
2216 4019 2252 4028 -.
2270 3991 2396 4058 primam
2415 3995 2511 4046 forma.

512 4067 575 4136 quia
592 4081 654 4122 eum
673 4069 762 4124 adhuc
779 4071 915 4124 carnaliter
932 4067 1110 4136 cognoscebat
1129 4075 1153 4122 et
1191 4075 1254 4124 tunc
1271 4075 1312 4124 est
1331 4071 1543 4136 reprehensibilis
1565 4067 1599 4124 40.
1621 4071 1653 4124 70
1667 4071 1833 4138 ——aliquan-
1871 4081 1941 4136 tione
1958 4079 2052 4134 muudi
2075 4085 2130 4134 erut
2149 4079 2289 4136 inuisibilis
2312 4095 2343 4134 ex
2362 4083 2508 4148 parmeni,

512 4157 618 4210 amabat
638 4157 669 4210 Vl
691 4158 741 4234 505
762 4161 777 4214 3
795 4159 931 4212 -000044
943 4161 1074 4214 consolari
1091 4173 1152 4226 pru·
1192 4161 1226 4214 do
1247 4163 1425 4228 conqueritur,
1444 4161 1525 4214 otium
1540 4161 1638 4214 lilariae
1650 4161 1832 4226 praeoptanda
1871 4171 1933 4238 quta
1951 4167 2058 4222 carebat
2079 4171 2166 4222 forma
2183 4169 2314 4234 discincta,
2336 4176 2362 4225 et
2384 4185 2418 4224 ex
2435 4175 2508 4238 pape

512 4251 572 4314 pter
588 4245 732 4300 absentiam
754 4247 873 4314 corporis
888 4247 992 4300 Domini
1007 4247 1100 4302 50804
1118 4277 1154 4286 -
1193 4249 1245 4304 074
1264 4247 1299 4300 70
1531 4311 1533 4316 Α
1871 4259 1987 4324 agentis,
2005 4259 2067 4324 quq,
2096 4259 2185 4312 dem-fl,
2211 4259 2254 4312 qux
2282 4257 2345 4314 ibid,
2362 4287 2398 4298 ..
2417 4259 2510 4312 prtum

409 4369 411 4374 -
513 4337 600 4390 orinus
619 4337 652 4390 de
670 4339 864 4392 resurrectione
884 4337 1021 4406 sperabat,
1040 4337 1100 4392 ideo
1121 4339 1152 4392 de
1244 4337 1414 4412 -7excitatur
1425 4337 1458 4390 ad
1468 4337 1692 4390 considerandum
1701 4337 1832 4390 delectum
1871 4347 1995 4400 maceriae
2006 4345 2110 4412 primae
2121 4361 2173 4400 110„
2183 4341 2325 4412 praecessit
2337 4355 2449 4412 pompus,
2463 4347 2510 4400 seq

512 4423 615 4480 sublato
635 4427 1154 4492 corporeuolehattttuaa-excom-
1192 4427 1329 4492 proprium
1349 4427 1393 4480 Vll
1413 4423 1464 4478 074
1484 4427 1513 4478 71
1538 4455 1572 4464 -
1592 4427 1696 4490 Triplex
1715 4425 1772 4478 eius
1792 4425 1833 4478 de·
1871 4437 1898 4488 pt
1919 4449 1979 4490 cum
1997 4439 2118 4502 tempore
2136 4435 2214 4502 laq,
2236 4437 2245 4486 t

512 4515 635 4582 00004000
651 4529 741 4568 amare
760 4515 838 4570 llehat
857 4517 892 4570 ad·
914 4517 1067 4582 sepulcrum
1090 4513 1153 4568 4040.
1191 4517 1272 4568 400100
1291 4511 1353 4568 ibid.
1373 4543 1408 4554 ..
1427 4529 1524 4568 uacans
1537 4513 1613 4580 operi
1630 4513 1832 4580 reprehenditur
1922 4551 1957 4564 -
1978 4523 2117 4578 creaturae
2134 4515 2186 4578 non
2204 4523 2303 4580 hahens
2319 4525 2456 4580 materiam
2476 4527 2510 4578 jn.

512 4631 545 4646 -
566 4603 711 4672 quaerebat
728 4605 861 4660 Cltristnm
877 4603 956 4658 ¹sicut
984 4619 1080 4670 sponsa
1100 4607 1151 4658 508
1192 4603 1341 4668 aChristu,
1355 4619 1426 4672 quae
1439 4601 1572 4658 debuisset
1584 4603 1679 4658 audire
1691 4601 1830 4658 Dominum
1871 4613 2510 4680 creatam‚sedcrfflqamV135v‚20-11011

512 4695 544 4748 03
566 4721 600 4734 --
619 4707 669 4748 non
700 4697 783 4748 001004
813 4695 918 4758 040000,
938 4695 984 4748 000
1004 4695 1091 4748 1044000
1110 4707 1154 4748 vo·
1191 4693 1388 4760 praedicantem
1407 4693 1513 4746 144307
1532 4693 1560 4756 54
1627 4709 1628 4712 ¹
1832 4681 1834 4684 ’
1871 4707 1909 4754 est
1928 4703 1992 4754 „ipit
2008 4699 2226 4756 segg-„Omma
2244 4709 2359 4770 pergunt
2376 4703 2412 4756 ad
2430 4709 2508 4756 mate.

512 4781 582 4836 lebat
599 4795 699 4848 corpus
716 4781 812 4836 Christi
836 4781 898 4838 4040.
1244 4781 1404 4836 -sollicita
1430 4788 1485 4836 erat
1508 4781 1543 4834 de
1568 4781 1681 4836 000000
1703 4787 1833 4850 quantum
1871 4789 1951 4852 riam,
1971 4805 2002 4842 ex
2020 4805 2073 4858 qua
2094 4793 2160 4844 saera
2178 4795 2240 4844 sunt
2255 4789 2291 4844 40,
2310 4793 2339 4844 pq

564 4899 599 4910 -
617 4883 723 4924 summo
744 4873 858 4928 diluculo
877 4871 1001 4926 0004100
1019 4871 1153 4940 requiren·
1191 4873 1225 4926 ad
1244 4871 1376 4926 sensibilia
1395 4877 1425 4926 'et
1448 4871 1593 4940 corporalia
1613 4871 1644 4926 Vl
1665 4871 1715 4924 403
1741 4873 1773 4926 50
1799 4899 1833 4910 -
1925 4879 2105 4932 utrumquem„
2122 4879 2316 4934 ..secundum
2331 4881 2417 4946 legem
2435 4887 2510 4934 nam.

512 4961 576 5014 dum
594 4973 694 5026 corpus
711 4959 822 5026 Christi,
839 4961 948 5016 sollicita
961 4961 1048 5028 ipsum
1063 4961 1154 5016 040000
1192 4961 1320 5018 ministrat
1337 4967 1365 5014 el
1382 4961 1491 5014 sollicita
1514 4965 1554 5014 est
1571 4967 1697 5028 tanquam
1715 4961 1833 5026 prudens
1871 4967 2060 5022 recesvintum
2083 4967 2228 5022 institutam
2255 4973 2295 5022 ess
2321 4969 2402 5022 masas
2429 4973 2454 5020 et
2480 4971 2512 5022 qe.

512 5051 544 5102 Vl
566 5051 618 5102 504
644 5053 658 5102 0
688 5079 722 5090 -
752 5051 863 5106 multam
887 5051 1152 5106 4000004400000100
1192 5051 1285 5106 mulier
1305 5051 1356 5106 440
1378 5039 1833 5106 0-004440440000400440004100
1871 5057 1962 5116 minae
1986 5057 2146 5122 coniunctio,
2164 5057 2337 5110 individuam
2363 5057 2431 5112 vitae
2453 5057 2511 5110 reti·

511 5131 699 5208 requirendum
726 5139 821 5194 Christi
848 5155 946 5210 corpus
974 5157 1057 5210 quam
1088 5141 1154 5194 aliae
1192 5141 1307 5198 occurrit
1330 5141 1381 5194 400
1410 5143 1440 5194 34
1463 5169 1500 5182 -
1516 5141 1628 5194 multum
1648 5145 1703 5194 erat
1727 5141 1833 5194 sollicita
1871 5161 1937 5200 nens
1953 5145 2170 5200 connsuetudinem
2190 5145 2512 5206 744441534-004040·

512 5231 635 5282 mulieres
653 5231 705 5282 506
725 5231 768 5286 lt.
796 5231 847 5284 507
869 5233 900 5284 40
919 5261 955 5272 -
974 5233 1063 5298 primo
1080 5231 1154 5286 venit
1191 5231 1255 5288 ibid.
1272 5259 1310 5272 -
1327 5231 1441 5286 Domino
1467 5231 1624 5286 ministrarit
1641 5230 1764 5296 fideliter,
1789 5231 1833 5282 hu·
1871 5237 1959 5292 culum
1979 5233 2118 5290 insolubile
2135 5233 2198 5288 ibid.

406 5327 407 5330 ’
512 5319 545 5370 ad
566 5305 780 5384 monumentum,
794 5333 863 5374 ¹cnm
882 5321 968 5376 adhuc
989 5329 1074 5376 essent
1086 5327 1154 5374 tene
1192 5321 1284 5376 militer
1304 5327 1329 5376 ct
1346 5321 1456 5376 viriliter
1475 5323 1518 5376 Vll
1539 5321 1589 5376 076
1610 5321 1642 5376 78
1925 5355 1960 5368 -
1979 5327 2036 5380 eius
2048 5327 2108 5380 linis
2120 5325 2215 5390 duplex
2231 5327 2271 5378 Vll
2286 5325 2337 5380 544
2353 5325 2383 5378 40
2397 5353 2432 5366 —-
2444 5323 2513 5378 Cun-

512 5405 588 5470 brae,
608 5413 635 5460 ct
652 5413 793 5474 postquam
815 5411 920 5464 0000044
939 5411 1089 5476 0400400400,
1110 5411 1154 5464 ite·
1244 5441 1280 5450 -
1300 5411 1405 5466 vocavit
1424 5413 1530 5464 ltlariam
1551 5411 1662 5476 imperio
1682 5409 1833 5464 0004404141
1872 5417 1950 5470 nubta
1964 5421 2023 5468 sunt
2038 5421 2145 5482 propter
2165 5415 2232 5468 illics
2249 5415 2303 5468 545
2318 5415 2402 5468 40-
2414 5417 2440 5468 40
2452 5425 2513 5468 000·

512 5509 572 5548 rum
598 5495 678 5548 rediit
704 5497 756 5550 500
781 5501 815 5552 43
842 5527 879 5540 -·
903 5501 962 5552 risu
981 5507 1154 5554 monumento
1194 5501 1239 5552 404
1259 5501 1293 5552 00
1305 5529 1338 5540 -
1349 5515 1401 5554 000
1415 5501 1452 5554 040
1464 5501 1562 5554 devota
1574 5515 1623 5554 nec
1635 5501 1674 5552 sic
1685 5501 1767 5554 calida
1781 5505 1836 5552 0001
1872 5507 1960 5560 000440
1974 5505 2145 5558 successionis
2159 5501 2274 5558 subsidia
2288 5511 2349 5558 sunt
2361 5495 2444 5570 000410
2461 5503 2505 5556 441

512 5589 612 5648 000040,
632 5585 768 5648 diligenter
786 5589 867 5640 refert
880 5587 1015 5652 discipulis
1028 5589 1106 5642 5050
1121 5615 1155 5628 ·-
1193 5593 1221 5640 ut
1241 5591 1319 5642 llaria
1338 5589 1389 5642 400
1409 5589 1442 5642 43
1460 5617 1497 5630 ····
1514 5589 1737 5644 obtererenliam
1756 5587 1836 5642 tacuit
1873 5593 1907 5648 47
1926 5625 1961 5632 -
1980 5591 2029 5646 Ubi
2048 5607 2101 5646 non
2120 5599 2159 5646 est
2176 5607 2261 5660 urors,
2281 5607 2367 5660 00000
2379 5599 2439 5646 0001
2452 5605 2512 5646 cun·

512 5671 696 5726 vehementius
722 5671 857 5738 discipulis
884 5673 994 5728 ardebat
1012 5681 1038 5726 et
1058 5679 1155 5728 400000-
1193 5681 1218 5728 01
1238 5675 1272 5730 00
1292 5677 1461 5732 devotionem
1482 5679 1554 5732 licvit
1571 5679 1723 5744 etamplius
1747 5677 1836 5730 Dumi—
1872 5681 1952 5736 00040
1973 5681 2024 5734 545
2045 5681 2076 5736 40
2100 5711 2134 5722 -
2157 5681 2235 5734 etiam
2253 5681 2371 5736 virorum
2393 5681 2512 5748 spiritua·

512 5763 564 5816 tior
581 5767 651 5824 erat,
681 5759 741 5814 ideo
764 5761 896 5814 sollicitior
921 5765 1047 5816 remansit
1065 5765 1099 5816 ad
1118 5777 1155 5816 se·
1192 5779 1257 5816 num
1285 5765 1370 5820 movit
1391 5765 1454 5818 4040.
1472 5795 1509 5804 -
1526 5767 1666 5820 confitetur
1693 5765 1834 5818 Dominum
1872 5770 1935 5824 lium
1954 5785 2005 5822 non
2029 5775 2190 5838 potestesse
2209 5771 2259 5822 nisi
2280 5771 2304 5824 in
2323 5783 2403 5826 carne
2423 5771 2512 5822 riven-

513 5853 636 5918 pulcrum
654 5849 706 5902 510
727 5851 761 5904 00
779 5879 816 5892 -·
833 5851 1048 5904 400000140001440
1067 5853 1155 5904 mulie·
1193 5857 1326 5918 potentem
1346 5859 1372 5906 et
1384 5853 1530 5918 benignum
1544 5853 1577 5906 ad
1597 5855 1743 5906 curandum
1757 5859 1782 5906 et
1799 5867 1836 5906 re·
1872 5861 1937 5914 tium
1957 5859 2009 5912 014
2030 5861 2062 5912 40

471 5973 472 5976 =
512 5941 585 5996 ribus
617 5941 704 5996 dilexit
732 5947 759 5996 et
785 5941 858 6008 prior
887 5941 920 5994 ad
951 5945 1154 5994 monumentum
1193 5941 1446 5994 snsdtanuumtuu
1466 5943 1572 6008 30,33.
1592 5941 1703 6006 40134,
1724 5945 1765 5996 38.
1785 5941 1834 5992 400
1926 5973 1961 5986 -
1982 5947 2133 6000 llatrimonii
2153 5949 2192 6000 lex
2213 5949 2239 6000 in
2256 5951 2399 6014 Evangelio
2422 5949 2513 6002 contir-

512 6035 584 6086 venit
602 6039 710 6098 elprae
739 6033 831 6086 ceteris
859 6031 956 6084 diutius
974 6029 1156 6096 perseverarit
1194 6029 1272 6082 43-
1286 6045 1338 6084 000
1353 6029 1399 6084 4041
1418 6045 1481 6102 ausa
1495 6035 1583 6098 patere
1602 6031 1835 6092 resuscitationem,
1873 6041 1960 6088 matur
1979 6041 2103 6102 tanquam
2122 6035 2164 6088 ius
2181 6039 2294 6102 morale,
2311 6043 2338 6090 et
2355 6035 2456 6090 libellus
2475 6051 2514 6090 re·

512 6123 557 6174 1444
576 6123 628 6176 500
648 6125 681 6176 43
696 6151 730 6162 —·
746 6123 894 6176 Vehemens
908 6119 1034 6174 desolatio
1048 6107 1154 6172 ltlariam
1193 6133 1227 6172 oe
1247 6125 1379 6184 pateretur
1406 6121 1555 6186 repulsam;
1581 6119 1629 6174 sad
1650 6133 1727 6174 suam
1755 6119 1835 6172 fidem
1873 6125 1947 6190 podii
1966 6123 2124 6188 reprobatur
2141 6123 2251 6176 1444445
2270 6125 2304 6178 34
2320 6153 2357 6166 -
2373 6123 2512 6178 Conhubia

512 6211 654 6278 inquietam
676 6227 728 6266 000
749 6209 850 6266 sinebat
868 6209 1155 6276 recedereasepulcrc
1193 6209 1367 6276 exprimenda
1383 6209 1524 6262 insinuarit
1549 6209 1709 6264 desiderium
1731 6209 1776 6262 404
1802 6209 1833 6260 33
1873 6227 1926 6266 000
1943 6213 2105 6266 damnantur
2123 6209 2170 6264 444
2193 6213 2229 6266 47

512 6301 546 6352 Vl
567 6299 618 6352 507
639 6301 671 6352 48
693 6329 724 6338 -
738 6307 939 6366 perseveranter
951 6299 1082 6368 nranebal,
1096 6299 1155 6352 ideo
1192 6329 1229 6338 —
1247 6299 1384 6362 credebat,
1409 6299 1483 6368 quod
1506 6297 1634 6352 Dominus
1659 6313 1689 6352 ex
1717 6311 1836 6364 0004000
1925 6331 1961 6342 -
1981 6303 2108 6356 Dominus
2123 6301 2271 6366 praesentia
2290 6317 2336 6356 sua
2355 6303 2460 6368 nuptias
2472 6303 2514 6356 lir-

513 6389 613 6440 inuenit
631 6387 663 6440 40.
686 6389 728 6440 40.
747 6389 799 6442 540
819 6393 851 6442 08
1193 6389 1267 6442 04000
1280 6389 1461 6442 0000404000
1473 6389 1601 6442 Lazarum
1615 6395 1761 6452 scorteum,
1781 6401 1835 6440 000
1872 6391 1955 6446 mavit
1974 6395 1998 6444 et
2021 6389 2180 6458 approbavit
2202 6391 2328 6446 miraculo
2352 6391 2383 6444 141
2408 6393 2460 6444 070.
2480 6393 2512 6444 46

567 6505 601 6518 ·-
621 6491 650 6530 er.
669 6491 762 6530 amore
780 6479 875 6532 iterum
888 6479 1002 6546 respexit
1020 6479 1049 6530 in
1064 6493 1155 6532 monu-
1193 6493 1224 6530 ex
1244 6479 1357 6544 00400140
1376 6479 1501 6530 suscitare
1517 6477 1568 6530 403
1588 6477 1621 6530 50
1871 6481 2139 6536 -llatrimuniorum
2150 6481 2325 6548 corporalium
2342 6483 2469 6536 sanctitati
2480 6487 2514 6536 at·

513 6571 632 6620 mentum
650 6567 685 6620 144
704 6569 852 6620 54030-
870 6569 1014 6634 respiciens
1025 6569 1053 6620 in
1066 6583 1156 6622 04000-
1247 6569 1409 6622 0400000-
1423 6569 1449 6620 40
1462 6571 1512 6620 000
1526 6581 1619 6620 mense
1630 6569 1711 6620 homo
1724 6575 1749 6622 et
1761 6581 1835 6620 naun·
1872 6575 1994 6638 testatur,
2011 6569 2086 6638 quod
2100 6571 2169 6624 heus
2184 6585 2215 6624 ee
2234 6571 2386 6626 auctoritate
2405 6571 2513 6638 proprie

499 6645 708 6708 'mentumxidit
719 6655 787 6710 duos
797 6657 909 6722 Angelos
923 6659 1045 6712 sedentes
1058 6659 1105 6710 511
1122 6659 1154 6710 30
1193 6659 1319 6712 desiuit
1347 6657 1470 6710 conditus
1499 6659 1543 6710 Vll
1570 6659 1605 6710 00
1632 6655 1662 6710 44
1684 6659 1765 6710 —ln
1786 6659 1835 6710 000
1872 6659 1900 6712 40
1920 6659 2044 6728 00000400
2061 6659 2210 6714 40014104401
2228 6661 2320 6716 eadem
2340 6661 2367 6712 in
2385 6664 2514 6716 terrasua
2560 6677 2561 6680 ¹

514 6773 548 6784 -
562 6745 613 6812 lpsi
626 6743 756 6800 desolatae
768 6749 878 6800 offertur
889 6747 1031 6800 consolatio
1042 6747 1068 6800 in
1080 6761 1156 6812 aspe·
1193 6761 1284 6800 mense
1302 6761 1350 6812 per
1373 6745 1467 6800 Christi
1492 6747 1697 6800 incarnationem
1723 6749 1779 6800 0001
1797 6761 1834 6800 re·
1872 6749 2019 6816 praesentia
2033 6749 2195 6804 consecravit
2210 6755 2235 6804 ct
2252 6751 2440 6804 miraculorum
2455 6763 2517 6806 000-

512 6839 600 6888 04004
620 6833 698 6888 00010
716 6833 878 6902 Augelorum
896 6833 949 6888 507
969 6837 1011 6888 40.
1031 6833 1082 6888 508
1109 6813 1155 6902 au,
1193 6835 1332 6890 00000000
1351 6839 1432 6892 homo
1448 6827 1610 6892 etmundus
1627 6835 1691 6894 ibid.
1871 6855 1932 6896 rum
1949 6839 2029 6896 initiis
2049 6839 2184 6908 insignivit
2203 6839 2254 6896 540
2276 6839 2517 6896 0-1300000000
