5908 8266
550 615 615 682 844
842 699 891 750 εΗ
1035 677 1036 680 ,
1414 613 1528 682 innox
1550 613 1681 682 nanim
2202 693 2252 748 Sp!

548 789 705 840 Sanctorum
729 785 840 850 spiritus
865 783 927 838 4646.
955 813 987 826 -·
1013 801 1063 838 666
1090 791 1128 838 464
1148 787 1206 862 664
1223 787 1260 838 60
1279 817 1313 826 -
1331 787 1457 852 appamit
1472 801 1552 852 super
1571 787 1715 856 discipulos
1730 787 1760 838 in
1778 787 1882 868 specie
1955 815 1991 830 -
2021 755 2163 850 Prophetae
2194 795 2242 848 per
2267 781 2393 846 Spiritum
2422 783 2542 832 sanctum

548 883 593 928 tus
608 875 660 928 44464
677 873 848 928 medentibus
863 873 892 924 iu
919 871 1050 928 Christum
1079 871 1130 926 444
1157 877 1188 928 40
1224 875 1353 938 llaminls,
1372 875 1478 940 linguae
1496 875 1608 940 6446646
1627 877 1678 928 544
1700 877 1714 928 3
1733 901 1769 912 ·--
1785 889 1864 940 appa·
1900 873 2069 930 6664444641
2093 871 2130 926 Vl
2156 871 2172 922 8
2199 885 2228 936 6.
2252 871 2322 922 4-
2339 869 2388 922 Per
2415 867 2542 934 Spiritum

466 1019 468 1024 s
549 991 586 1002 --
603 975 656 1012 non
674 961 783 1014 mittitur
799 961 850 1012 nisi
872 961 909 1012 ad
926 959 1013 1014 bonos
1031 961 1078 1014 444
1100 959 1137 1012 47
1152 989 1189 1002 --
1222 965 1278 1014 ruit
1293 963 1323 1014 in
1340 963 1428 1026 specie
1447 961 1525 1030 ignis,
1543 963 1604 1030 quia
1632 963 1689 1030 ipse
1707 963 1823 1016 incendit
1839 963 1865 1014 46
1898 967 2022 1018 sanctum
2050 961 2139 1016 divina
2164 963 2266 1012 secreta
2293 955 2372 1010 nobis
2393 961 2543 1010 reserantur

548 1051 626 1104 datur
647 1049 813 1114 diligentibus
833 1053 858 1102 et
876 1049 911 1102 ad
928 1049 1204 1114 ampliareseliectus¹
1223 1051 1304 1114 oorde
1324 1049 1445 1104 ardorem
1463 1049 1591 1116 46444666
1610 1051 1743 1114 inspecte
1763 1049 1866 1114 linguae
1901 1051 1978 1106 vua
2000 1053 2071 1104 3-
2087 1055 2128 1104 664
2144 1049 2284 1114 inspirator
2312 1057 2400 1098 sacrae
2429 1045 2542 1112 Scriptu-

548 1137 636 1204 magis
649 1137 817 1202 diligentibus
832 1135 882 1188 446
895 1135 927 1190 34
944 1151 1041 1190 *non
1061 1137 1140 1192 datur
1150 1137 1189 1192 eis
1223 1139 1359 1204 apparant,
1379 1137 1440 1204 quia
1460 1137 1518 1202 ipse
1533 1137 1651 1192 immittit
1666 1139 1707 1190 ori
1718 1137 1863 1190 doctrinam
1900 1137 1980 1192 rael
2003 1139 2034 1190 tlt
2054 1165 2089 1178 -
2107 1137 2264 1204 loquebatur
2286 1149 2334 1200 per
2363 1135 2542 1198 Evangelistas

545 1225 595 1294 qui
612 1225 764 1280 desiderant
777 1225 851 1276 aliam
863 1225 1070 1276 consolationem
1084 1223 1135 1276 460
1154 1225 1188 1278 44
1224 1225 1354 1288 veritatis3
1380 1225 1404 1276 in
1429 1225 1518 1288 speeie
1541 1225 1656 1278 {laminis
1679 1225 1735 1278 sire
1759 1225 1866 1288 spiritus
1900 1223 1965 1278 tete.
1981 1255 2019 1264 -
2035 1225 2127 1278 docuit
2152 1239 2201 1292 per
2225 1223 2334 1288 gratiam
2363 1223 2432 1276 514
2449 1249 2487 1262 -
2504 1223 2544 1274 est

602 1341 638 1350 -
656 1327 709 1366 uon
725 1317 828 1366 4664464
845 1311 949 1380 6664414
960 1309 1118 1366 4651464646
1130 1327 1189 1366 cor·
1224 1313 1358 1378 apparuit,
1379 1313 1441 1378 quia
1459 1309 1640 1368 subministrat
1656 1313 1731 1378 operi
1745 1313 1864 1378 rigorem
1901 1327 1981 1366 causa
2001 1327 2124 1378 suprema
2143 1313 2345 1378 Evangeliorum
2366 1307 2429 1364 40441.
2448 1339 2484 1348 -
2502 1309 2538 1360 ln·

548 1415 613 1468 pore
638 1401 754 1464 mundo,
782 1401 830 1454 sed
854 1399 887 1478 in¹
911 1399 1000 1454 auimo
1026 1403 1116 1454 sancto
1147 1401 1188 1454 llll
1223 1399 1329 1454 virtutis
1346 1399 1382 1454 16.
1400 1399 1415 1452 4
1880 1395 1881 1398 ’
1900 1401 2012 1466 spiravit
2028 1401 2207 1468 Evangetistas
2226 1403 2260 1456 ad
2273 1399 2444 1454 scribendum
2456 1399 2492 1450 86
2506 1397 2540 1450 59

547 1489 602 1542 435
620 1489 656 1542 54
672 1515 711 1530 -
732 1495 822 1542 manet
846 1489 872 1540 in
900 1489 1086 1542 46464664616
1112 1487 1189 1544 bouis
1279 1517 1312 1526 -
1333 1489 1612 1542 diciturxdesoeudisse
1639 1489 1663 1540 46
1682 1487 1805 1542 44464606
1824 1501 1866 1540 so-
1899 1513 1937 1528 ·-
1953 1485 2082 1552 apostatis
2105 1489 2189 1542 verba
2213 1489 2312 1542 Christi
2337 1487 2479 1552 postillarit
2507 1485 2541 1536 Vl

530 1579 584 1630 -Vl
602 1577 650 1630 441
673 1577 1189 1632 45-646664446416414664156464444
1223 1579 1278 1630 44444
1296 1575 1398 1630 ratione
1414 1577 1571 1630 ostensionis
1588 1577 1623 1628 Vl
1643 1577 1747 1652 464-69
1766 1605 1800 1614 --
1820 1577 1866 1630 De·
1904 1573 1956 1628 466
1975 1577 2010 1628 49
2028 1573 2059 1626 3*
2137 1609 2139 1614 -
2537 1621 2544 1642 ,

548 1665 600 1720 543
620 1665 647 1718 6.
665 1667 717 1720 606
734 1681 765 1720 v.
783 1667 816 1718 43
836 1693 870 1704 -
889 1668 954 1720 64464
966 1667 1070 1730 venire,
1088 1663 1134 1718 ubi
1152 1669 1190 1720 di·
1224 1679 1333 1720 scansus
1350 1663 1464 1732 Spiritus
1481 1663 1566 1718 sancti
1583 1651 1737 1730 designatur
1756 1679 1803 1732 per
1823 1665 1866 1720 de·
1953 1691 1990 1704 ·-
2008 1663 2094 1728 arguit
2114 1665 2144 1718 ad
2164 1667 2316 1720 docendum
2333 1671 2361 1718 et
2378 1665 2542 1720 demonstra·

547 1755 651 1820 ligitur,
669 1753 870 1820 6444640666,
893 1753 1125 1822 nbiexspectatur‚
1144 1753 1191 1808 ubi
1222 1767 1346 1810 scensum
1365 1751 1449 1804 nimbi
1466 1753 1512 1804 Vll
1529 1753 1582 1804 334
1601 1753 1787 1808 86-446446
1808 1755 1866 1820 Spi-
1900 1753 1954 1806 tive
1983 1753 2016 1804 Vl
2045 1753 2094 1804 666
2122 1755 2136 1804 4
2160 1783 2196 1792 -
2220 1753 2309 1818 646644
2333 1755 2410 1820 644661
2435 1755 2544 1818 demon·

549 1843 575 1898 ei
593 1843 735 1910 hospitium
764 1849 935 1908 praeparatur
963 1843 1015 1896 607
1043 1857 1072 1894 v.
1096 1843 1131 1894 43
1155 1873 1189 1882 -
1223 1843 1289 1896 ritus
1309 1841 1557 1906 sauctidesignatur
1571 1855 1617 1908 per
1631 1845 1864 1898 austrumhantem
1898 1841 2008 1894 strative
2035 1841 2068 1894 66
2096 1841 2247 1894 docendum
2273 1843 2316 1894 vel
2343 1841 2490 1904 ostensive,
2511 1843 2543 1892 ut

548 1937 640 1984 manet
656 1945 704 1996 per
722 1933 834 1996 gratiam
851 1931 880 1984 in
898 1931 1069 1996 diligentibus
1086 1945 1135 1996 per
1147 1947 1190 1986 ca-
1224 1929 1287 1986 thid.
1315 1959 1349 1970 κ-
1369 1931 1492 1996 6ρρ64444
1516 1931 1542 1984 16
1568 1929 1689 1984 4444446446
1717 1939 1745 1986 64
1765 1933 1791 1984 46
1819 1933 1866 1984 lin·
1899 1933 2060 1996 promoveat
2076 1929 2219 1992 discentes,
2241 1930 2278 1982 vel
2299 1931 2373 1996 644664
2391 1931 2427 1982 ad
2445 1929 2543 1994 impos·

548 2021 664 2086 ritatem,
685 2019 713 2074 in
729 2019 920 2074 4466446644ου6
937 2035 987 2086 ρετ
1001 2019 1188 2086 obedientiam,
1225 2021 1285 2086 guis
1296 2019 1392 2084 644666
1403 2019 1504 2074 ratione
1516 2019 1713 2086 significationis
1725 2023 1761 2076 83
1773 2021 1818 2086 53,
1830 2021 1866 2074 54
1897 2019 1991 2086 sibile,
2009 2023 2037 2072 nt
2056 2017 2163 2072 reducat
2183 2021 2300 2070 errantes
2317 2013 2350 2070 ib.
2372 2017 2436 2068 3—-
2453 2017 2543 2080 arguit

548 2109 578 2170 in
600 2107 773 2164 invitantibus
799 2123 847 2174 pet·
870 2107 1015 2164 orationem
1034 2109 1087 2162 646
1106 2107 1124 2160 5
1150 2139 1187 2150 -
1221 2137 1262 2152 ·-
1277 2107 1464 2176 incipientibus
1481 2107 1593 2164 illabitur
1613 2119 1641 2164 ut
1658 2109 1864 2178 columbaque
1879 2119 1880 2122 ’
1900 2109 2030 2162 mundum
2045 2107 2078 2160 de
2090 2107 2243 2160 infidelitate
2255 2103 2307 2156 464
2325 2103 2369 2154 39.
2387 2101 2439 2156 458
2459 2105 2543 2154 48-

548 2197 666 2250 veritatis
696 2213 747 2250 uon
770 2203 857 2252 manet
882 2197 906 2250 in
924 2185 1110 2264 ignordntibus
1136 2197 1188 2252 543
1223 2199 1312 2254 reddit
1330 2211 1377 2254 eos
1401 2205 1538 2266 gementes
1557 2207 1581 2254 et
1600 2201 1768 2264 meditantes;
1787 2201 1867 2266 pmb·
1898 2199 1984 2252 466446
2002 2197 2087 2262 646644
2108 2197 2157 2250 458
2180 2195 2211 2248 44
2231 2221 2265 2234 -
2284 2193 2432 2246 manifestat
2448 2205 2541 2258 pecca·

548 2287 618 2338 5-
638 2299 690 2340 uon
716 2291 811 2350 manet,
831 2285 876 2338 ubi
900 2287 1041 2354 negligitur
1071 2285 1135 2344 itta.
1149 2317 1188 2326 -
1223 2287 1354 2342 cieratibus
1374 2295 1401 2340 64
1419 2287 1513 2352 6444466,
1530 2289 1592 2358 quin
1613 2289 1753 2344 certamine
1770 2287 1866 2342 mentis
1899 2291 1955 2342 tum
1971 2287 2071 2350 mundi,
2085 2285 2209 2340 iustitiam
2230 2283 2331 2350 Christi,
2345 2281 2473 2336 iudicium
2487 2281 2540 2334 dia-

548 2389 601 2426 646
622 2381 710 2428 manet
727 2375 755 2428 46
782 2375 950 2440 infidelibus,
977 2377 1026 2430 sed
1054 2377 1190 2446 4166414466,
1227 2377 1285 2430 lacit
1304 2391 1349 2430 eos
1376 2391 1482 2430 sursum
1508 2377 1663 2444 ascendere
1691 2379 1814 2442 perlectis
1835 2377 1865 2430 in
1899 2375 1953 2430 boli
1973 2377 2007 2432 th.
2027 2377 2060 2428 18

548 2477 600 2516 646
632 2465 654 2516 46
679 2463 836 2518 animalibus
860 2463 1026 2530 44464464οι44,
1044 2465 1092 2518 sed
1117 2467 1191 2532 spiri·
1223 2467 1296 2530 igne,
1311 2465 1597 2534 quiaillosiullamnut
1612 2467 1742 2520 8454-
1760 2467 1866 2520 descen·
1933 2451 1988 2504 '-
2005 2465 2136 2530 postulare
2165 2463 2226 2516 lacit
2253 2461 2285 2512 Vl
2314 2461 2366 2514 464
2394 2461 2428 2512 40
2445 2489 2483 2500 --
2500 2465 2541 2512 664

548 2551 661 2606 tualibus
681 2551 726 2604 444
753 2553 784 2606 66
1225 2555 1265 2606 644
1274 2553 1302 2604 444
1313 2555 1410 2620 gratiae
1424 2553 1737 2618 vivificationempparet
1748 2555 1770 2604 iu
1783 2551 1866 2606 bono·
1899 2553 1975 2616 urigo
2003 2551 2124 2603 omnium
2154 2551 2287 2602 bonorum
2317 2549 2461 2602 6644444664
2495 2549 2541 2600 Vll

601 2669 639 2680 —-
656 2641 825 2708 cognoscitur
841 2641 876 2694 ab
895 2641 933 2696 eis
952 2643 998 2710 qui
1016 2643 1103 2706 ipsum
1124 2643 1191 2698 acci·
1225 2655 1284 2696 rum
1307 2655 1416 2710 operum
1432 2641 1602 2706 exhibitione,
1622 2647 1708 2692 manet
1728 2641 1753 2692 iu
1771 2653 1865 2692 eorun·
1901 2639 1953 2690 536
1978 2641 2006 2690 49

548 2729 626 2794 piuut
647 2731 677 2782 vt
700 2729 744 2782 444
770 2731 804 2782 46
824 2759 856 2770 -
879 2731 1039 2796 praesensio
1055 2731 1191 2796 bonisper
1227 2731 1287 2782 6446
1299 2727 1731 2794 perseverantiaeteontinuatioue
1743 2727 1773 2776 Vl
1786 2725 1836 2776 544
1850 2727 1860 2776 4
1952 2725 2039 2776 -in
2063 2725 2192 2788 praesenti
2223 2723 2290 2788 fugit
2322 2731 2488 2788 peccatorem
2515 2731 2543 2776 et
2612 2721 2613 2724 ’

548 2819 670 2872 ellectum
698 2819 867 2872 tuaxriiestum
893 2819 1061 2884 cognoscitur
1085 2817 1190 2884 44337
1278 2843 1315 2856 -
1333 2817 1479 2868 intlammat
1498 2817 1619 2868 allectum
1646 2815 1681 2866 Vl
1700 2813 1747 2864 471
1779 2827 1806 2864 ν’.
1831 2811 1866 2864 47
1898 2813 2065 2878 hypocritam
2090 2813 2123 2864 Vl
2149 2813 2199 2864 443
2230 2827 2254 2862 4.
2279 2813 2296 2864 5
2318 2839 2355 2850 -
2373 2815 2458 2866 6444644
2477 2827 2539 2864 666

548 2933 585 2946 -
602 2911 730 2974 quantum
751 2907 783 2960 ad
810 2909 930 2960 ellectum
956 2905 1119 2970 gratificandi
1137 2921 1192 2958 non
1223 2931 1262 2942 -
1280 2905 1307 2956 ln
1324 2903 1438 2968 Spiritus
1455 2901 1534 2954 6644444
1562 2901 1700 2954 donatione
1718 2899 1866 2952 infunditur
1900 2899 2103 2964 cogitationibus
2123 2899 2192 2950 salsis
2219 2903 2245 2950 et
2271 2899 2387 2950 erroneis
2417 2897 2479 2952 16144.
2505 2927 2541 2938 -

549 2999 589 3046 est
619 2995 696 3046 nobis
720 2999 798 3048 notus
827 2995 876 3044 nisi
902 3007 951 3058 per
980 2995 1122 3058 specialem
1151 3007 1191 3046 re·
1226 2989 1330 3044 dilectio
1344 2989 1492 3042 tetro-
1510 2989 1617 3040 divinus
1634 2989 1749 3040 66164664
1767 2987 1866 3052 gratiti·
1901 2989 1967 3052 tugit
1988 2987 2124 3040 indiscreta
2141 2985 2225 3040 rerba
2251 2993 2279 3038 et
2305 2989 2478 3052 cogitationes
2495 2989 2541 3040 Vll

549 3083 706 3136 velationem
734 3079 849 3134 4641.-
874 3081 1056 3142 cognoscitur,
1079 3081 1189 3146 quando
1226 3091 1290 3128 cans
1310 3079 1353 3130 644
1373 3077 1395 3130 64
1409 3091 1515 3130 sensum
1528 3075 1686 3142 devotionis,
1699 3075 1812 3128 verbum
1824 3089 1866 3128 ae·
1902 3075 1952 3128 536
1976 3079 2005 3128 49
2025 3103 2061 3116 --
2089 3079 2204 3128 64446466
2234 3077 2387 3130 mundalia
2408 3075 2539 3142 baptismo

464 3153 465 3158 ἵ
549 3169 633 3232 venit,
651 3171 701 3232 ρετ
717 3169 848 3220 servorem
863 3175 888 3218 et
899 3173 1018 3232 teporem
1037 3169 1083 3218 684
1110 3169 1138 3220 44
1154 3197 1192 3208 -
1226 3165 1383 3218 dilectionis
1412 3169 1440 3218 et
1463 3171 1567 3218 rnatum
1591 3163 1677 3218 bonae
1706 3163 1866 3230 operationis
1904 3165 1937 3218 Vl
1956 3163 2046 3218 45644

548 3257 666 3308 Nascitur
687 3253 752 3306 ratio
769 3253 897 3306 adventus
923 3259 948 3306 et
970 3267 1092 3306 recessus
1113 3255 1192 3320 Spiri·
1227 3251 1278 3324 546
1301 3253 1371 3304 4-
1391 3259 1433 3306 est
1457 3253 1525 3318 iguis
1551 3253 1578 3304 in
1607 3253 1698 3316 corde,
1725 3253 1821 3304 ueritas
1836 3253 1866 3304 in
1954 3281 1993 3292 ·-
2008 3253 2064 3306 Vox
2087 3253 2196 3318 Spiritus
2221 3253 2325 3306 auditur
2354 3253 2377 3304 in
2408 3253 2541 3318 praedica·

550 3345 591 3392 tus
610 3339 693 3394 sancti
709 3337 771 3392 thid.
790 3367 827 3376 —
844 3345 885 3394 est
900 3337 1018 3392 occultus
1037 3341 1088 3392 680
1111 3341 1141 3394 43
1154 3371 1191 3380 -
1226 3355 1272 3394 446
1291 3343 1332 3394 vel
1351 3355 1473 3396 sermone
1493 3347 1516 3392 64
1535 3341 1620 3394 virtus
1645 3341 1674 3392 in
1697 3355 1776 3406 opere
1796 3339 1828 3394 40.
1850 3343 1865 3394 4
1902 3339 2002 3394 toribus
2023 3341 2054 3394 Vl
2071 3343 2124 3392 680
2145 3342 2178 3394 43
2191 3355 2292 3394 -646
2311 3345 2412 3394 tantiam
2426 3341 2542 3408 loquitur

549 3441 600 3480 nou
620 3427 786 3492 cognoscitur
806 3425 838 3478 ab
858 3425 1074 3480 464164440446444
1098 3427 1132 3478 66
1224 3457 1260 3468 -·-
1279 3429 1375 3482 dicitur
1387 3429 1500 3494 Spiritus
1516 3417 1668 3496 sanctitatis,
1686 3429 1747 3496 64444
1766 3429 1801 3482 ad
1820 3427 1866 3484 bo
1902 3443 1963 3482 vera
1984 3434 2007 3481 et
2027 3427 2096 3482 bona
2115 3443 2164 3494 per
2181 3427 2282 3492 bonos,
2301 3431 2381 3482 immo
2396 3427 2474 3482 etium
2494 3443 2542 3492 per

601 3513 799 3568 -habitatiu
818 3513 919 3568 Christo
939 3515 1191 3568 secandumhuma-
1226 3531 1290 3568 uum
1310 3523 1398 3570 movet
1419 3519 1591 3582 votxxntatem,
1619 3517 1730 3582 Spiritus
1748 3517 1864 3586 4444444446,
1900 3517 2018 3572 4664666
2039 3533 2064 3584 q.
2084 3517 2101 3568 4
2119 3545 2155 3556 --
2175 3517 2253 3570 utitur
2273 3517 2348 3570 malis
2365 3517 2543 3570 sicutinstru·

550 3605 655 3656 nitatem
678 3603 708 3654 Vl
738 3603 786 3656 466
812 3617 838 3654 v.
864 3605 896 3654 66
918 3631 951 3640 -
975 3603 1022 3656 luit
1040 3603 1069 3656 in
1086 3601 1190 3658 Christo
1227 3605 1290 3672 quia
1315 3607 1566 3660 adiuvatvirtntem
1585 3607 1635 3658 603
1657 3607 1728 3658 6-
1745 3607 1791 3658 664
1814 3607 1866 3658 444-
1901 3613 1990 3658 4446646
2009 3605 2060 3658 409
2079 3603 2113 3656 76
2131 3633 2168 3642 -
2186 3607 2266 3658 6444446
2288 3603 2382 3658 nobilia
2399 3619 2478 3670 opera
2491 3619 2541 3670 ρετ

551 3691 697 3746 secundum
715 3705 823 3742 ornnem
840 3691 1030 3754 plenitudinem
1046 3691 1089 3744 Vll
1110 3693 1141 3744 83
1156 3695 1190 3746 53
1227 3699 1309 3748 tutem
1327 3695 1428 3748 Sanctis
1445 3697 1491 3748 Vll
1517 3695 1552 3750 43
1575 3697 1623 3748 443
1640 3725 1677 3734 -
1695 3695 1742 3748 664
1763 3693 1865 3760 sapien·
1900 3696 1985 3748 4446446
2010 3695 2070 3748 44414
2099 3693 2148 3744 408
2177 3695 2210 3744 69
2230 3721 2263 3734 ·-·
2289 3695 2349 3748 lacit
2370 3693 2540 3748 considerare

549 3809 583 3820 -
597 3779 727 3848 requierit
740 3793 820 3844 super
832 3781 1109 3832 humanam-naturam
1121 3781 1191 3834 Chri·
1226 3783 1288 3836 tiam
1307 3783 1332 3834 in
1353 3785 1433 3836 corde
1449 3789 1476 3836 et
1497 3783 1671 3850 eloquentiam
1692 3781 1719 3834 iu
1744 3797 1865 3836 sermone
1900 3783 2027 3847 triplicem
2047 3781 2184 3834 circuitum
2205 3781 2276 3834 l3b

550 3871 580 3923 sti
600 3877 726 3938 quantum
757 3867 790 3922 ad
815 3869 993 3922 excellentiam
1019 3867 1121 3934 gratiae
1137 3871 1191 3922 sin·
1228 3877 1254 3922 et
1274 3871 1452 3924 tortitudinem
1473 3859 1769 3936 cuntra'caxillationem
1796 3873 1866 3924 lran-
1953 3899 1989 3910 --
2006 3867 2400 3936 unitbouosperconcordinm
2415 3871 2446 3922 Vl
2462 3871 2540 3924 4566

552 3959 648 4024 gtxlaris
668 3965 694 4012 et
711 3957 784 4024 unxit
804 3971 865 4010 cunr
884 3961 1011 4024 quantum
1029 3959 1064 4012 ad
1082 3973 1189 4022 praeno·
1229 3961 1362 4014 dulentam
1381 3961 1434 4012 568
1452 3961 1488 4012 66
1955 3989 1990 3998 -
2007 3963 2069 4012 6664
2082 3959 2241 4012 immortales
2249 3959 2356 4012 vitata
2369 3961 2404 4014 36
2417 3987 2451 4000 -·
2464 3959 2541 4012 Ortus

552 4047 667 4114 gativam
687 4045 854 4100 sacerdotalis
882 4051 907 4098 et
936 4045 1030 4110 regalis
1056 4045 1190 4110 dignitatis
1279 4055 1364 4102 -est
1376 4047 1489 4114 Spiritus
1502 4049 1624 4112 veritatis,
1637 4049 1699 4114 ania
1713 4049 1791 4102 docet
1802 4063 1864 4102 tera
1902 4053 1927 4100 64
1943 4061 2054 4102 occasus
2072 4047 2179 4114 spiritus
2197 4049 2311 4102 nescitur
2332 4049 2363 4102 Vl
2384 4051 2418 4102 33
2435 4049 2498 4102 445

551 4135 583 4186 34
602 4137 636 4188 36
654 4135 838 4200 -requierit
867 4141 891 4188 et
916 4135 1010 4188 mansit
1039 4135 1064 4186 iu
1087 4135 1190 4190 Christo
1228 4137 1259 4188 Vl
1280 4135 1324 4189 444
1350 4137 1392 4188 46.
1416 4135 1467 4188 603
1494 4137 1562 4188 6-
1580 4137 1676 4188 dicitur
1699 4135 1811 4208 Spiritus
1828 4137 1866 4188 di·
1955 4165 1991 4174 —
2008 4141 2048 4188 est
2065 4137 2243 4190 anlmussive
2262 4135 2404 4202 spiritualis
2422 4141 2541 4188 ereatura

551 4225 582 4276 Vl
602 4223 722 4298 46066,
742 4221 773 4274 67
1227 4223 1366 4290 scipliuae,
1391 4225 1419 4278 iu
1445 4231 1572 4290 quantum
1604 4225 1776 4290 ignorantiam
1801 4225 1867 4278 tollit
1905 4225 1935 4276 Vl
1956 4227 1989 4276 80
2009 4225 2070 4276 445
2090 4225 2266 4278 —dicuntur
2294 4225 2385 4290 Angeli
2413 4229 2541 4290 6446644446

602 4339 638 4352 -
656 4313 735 4364 datur
750 4325 766 4362 a
783 4311 848 4364 Filio
868 4311 900 4364 Vl
923 4309 972 4362 tl3
998 4327 1023 4362 v.
1044 4313 1060 4366 5
1076 4339 1116 4352 -
1132 4327 1190 4378 pro·
1228 4317 1252 4366 et
1268 4313 1425 4378 sapientiam
1443 4311 1524 4366 donat
1544 4313 1594 4365 443
1614 4327 1638 4366 v.
1661 4313 1724 4366 5-
1736 4313 1811 4366 64464
1823 4327 1866 4366 re·
1904 4313 1936 4366 66
1955 4313 2127 4366 6440646441664
2148 4315 2189 4366 464
2210 4319 2330 4366 naturam
2351 4311 2402 4366 457
2420 4311 2437 4366 b
2452 4341 2486 4354 ·-
2498 4327 2542 4366 ac-

489 4399 490 4402 ’
552 4399 659 4454 4644444444
690 4399 820 4464 4466644416
851 4399 877 4452 46
896 4413 1003 4452 recessu
1024 4399 1134 4464 Christi,
1160 4417 1190 4456 64
1227 4401 1343 4464 44461664,
1362 4415 1442 4468 quam
1473 4399 1551 4456 habet
1574 4399 1611 4452 ab
1637 4401 1686 4452 alio
1708 4401 1755 4456 459
1778 4401 1810 4454 60
1830 4429 1866 4440 -
1904 4401 1998 4466 cipitur
2024 4415 2070 4466 pro
2099 4399 2239 4456 substantia
2267 4401 2379 4464 animae,
2399 4415 2448 4468 pro
2467 4415 2541 4466 supe·

551 4501 602 4558 otta
620 4489 796 4556 promissione
814 4487 912 4542 debent
936 4489 1066 4558 consolari
1084 4489 1134 4540 458
1157 4491 1188 4542 43
1228 4491 1304 4544 66464
1320 4489 1406 4542 bonos
1427 4489 1476 4542 468
1497 4489 1541 4542 44.
1559 4489 1610 4542 453
1624 4489 1657 4540 43
1671 4515 1704 4528 -
1718 4491 1866 4544 amovendo
1904 4489 1965 4542 riori
1981 4495 2067 4556 parte,
2082 4503 2130 4556 pro
2144 4489 2331 4556 imaginatione
2348 4493 2373 4542 et
2394 4503 2439 4554 pro
2453 4489 2540 4540 anima

550 4605 584 4618 -
605 4581 787 4644 trequentera
812 4577 914 4630 Christo
932 4579 1079 4644 promissus
1100 4579 1146 4630 luit
1164 4579 1190 4632 in
1228 4579 1404 4632 carnalitatem
1429 4579 1506 4630 docet
1530 4579 1668 4632 raritatem
1693 4577 1743 4630 453
1772 4579 1812 4644 13,
1833 4581 1866 4632 40
1904 4579 2049 4632 monadum
2067 4591 2146 4632 suum
2165 4591 2318 4642 supremum
2340 4579 2382 4630 Vll
2402 4579 2430 4630 34
2454 4579 2485 4630 83
2505 4607 2541 4616 -«

551 4667 691 4732 Evangelio
710 4667 753 4718 Vll
776 4665 827 4718 604
848 4667 876 4718 61
905 4693 941 4706 -
964 4665 1052 4718 41416614
1079 4667 1191 4732 Spiritus
1229 4695 1261 4704 ·-
1281 4669 1327 4720 Per
1348 4667 1473 4732 Spiritum
1492 4675 1612 4720 sanctum
1629 4667 1729 4732 repleta
1748 4671 1866 4720 estterra
1905 4667 1997 4720 dicitur
2026 4671 2118 4720 ventus
2138 4667 2172 4718 Vl
2192 4667 2225 4718 46
2243 4681 2272 4718 r.
2290 4667 2314 4718 6.
2339 4663 2390 4716 443
2409 4681 2434 4718 v.
2455 4665 2487 4720 64
2506 4695 2541 4704 -—

551 4755 632 4808 sancti
650 4755 698 4806 luit
716 4755 797 4808 dilata
816 4759 925 4820 propter
937 4753 1099 4808 desiderium
1117 4755 1191 4808 disci·
1228 4755 1333 4808 scientia
1353 4757 1384 4808 30
1406 4771 1432 4808 4.
1451 4755 1467 4806 6
1487 4783 1521 4794 -
1541 4755 1617 4808 64664
1639 4769 1687 4808 646
1706 4755 1796 4808 omnia
1815 4753 1866 4806 444
1906 4757 1989 4808 vitalis
2007 4761 2046 4808 est
2064 4767 2163 4818 corpus
2179 4753 2275 4806 subtile
2292 4753 2401 4816 igneum
2421 4755 2472 4806 443
2484 4755 2541 4806 mi

551 4843 675 4908 palorum
700 4843 931 4906 inflammandum,
959 4849 1066 4906 propter
1094 4849 1191 4908 myste·
1229 4843 1260 4895 40
1274 4871 1310 4882 -
1321 4857 1467 4910 suggerere
1479 4843 1581 4906 dicitur,
1596 4843 1657 4910 64446
1670 4845 1771 4898 4646446
1790 4843 1866 4896 64664
1906 4871 1936 4882 -
1950 4841 2074 4894 naturalis
2087 4843 2223 4894 viviticans
2236 4841 2282 4894 dat
2297 4841 2403 4906 corpori
2421 4855 2541 4904 sensum,

550 4931 619 4984 rium
636 4931 798 4984 serrandum
812 4933 835 4982 et
850 4935 956 4996 propter
975 4931 1124 4996 exemplum
1137 4933 1189 4986 603
1229 4929 1280 4986 445
1300 4931 1332 4984 45
1353 4959 1385 4968 -
1406 4937 1433 4984 64
1451 4931 1566 4996 optimus
1586 4933 1677 4984 doctor
1696 4933 1773 4984 ducet
1787 4933 1866 4984 444641·
1904 4933 2033 4998 loquelam
2051 4935 2078 4982 et
2096 4935 2196 4982 46444464
2218 4929 2268 4980 546
2288 4929 2301 4980 6

552 5019 713 5074 di-venit
724 5021 816 5074 decern
828 5017 924 5072 diebus
937 5025 996 5084 post
1007 5021 1190 5074 ascensionem
1228 5035 1290 5072 nem
1316 5019 1458 5086 intelligere
1483 5025 1508 5072 64
1537 5025 1626 5072 646646
1655 5019 1799 5084 exprimere
1823 5021 1864 5072 Vll
1955 5047 1990 5058 -
2017 5017 2118 5082 Corpus
2150 5017 2250 5080 spiritui
2271 5017 2423 5068 continuum
2444 5013 2541 5068 ballum

552 5107 602 5160 473
623 5109 654 5160 43
675 5137 709 5146 -
728 5107 863 5164 descendit
885 5123 967 5176 super
987 5107 1128 5162 duodecies
1148 5113 1191 5164 de·
1229 5107 1281 5160 345
1300 5111 1332 5160 60
1353 5135 1386 5148 -
1408 5107 1467 5160 46414
1484 5107 1598 5160 disertos
1615 5105 1650 5158 Vl
1670 5107 1797 5158 45644ψ
1810 5119 1866 5158 san·
1904 5105 2189 5170 suscitatetspiritnm
2212 5101 2541 5156 644416146434470445

545 5209 608 5248 4664
627 5195 688 5248 thid,
1229 5201 1287 5248 6466
1308 5195 1370 5248 4664
1393 5197 1503 5248 44644646
1529 5193 1636 5254 dicitur,
1660 5195 1722 5258 quia
1740 5205 1788 5244 nos
1805 5193 1866 5244 lacit
1903 5221 1936 5236 .-
1957 5191 2151 5254 6444610666666
2168 5197 2208 5242 est
2220 5191 2245 5240 in
2266 5191 2353 5242 4446614
2366 5203 2427 5242 cum
2441 5191 2541 5244 Christo

602 5289 708 5336 -ante
722 5285 937 5350 glorificationem
950 5285 1056 5338 Domini
1068 5297 1121 5336 6444
1134 5291 1190 5338 6464
1227 5283 1313 5334 onrnia
1339 5281 1494 5346 perscrutari
1526 5281 1555 5332 43
1586 5281 1661 5332 4)-
1683 5293 1735 5332 666
1764 5283 1863 5332 tantum
1903 5281 1944 5332 Vll
1964 5279 2015 5330 576
2035 5277 2067 5330 40

505 5361 506 5364 ’
553 5371 628 5424 datus
647 5357 785 5422 visibiliter
808 5377 833 5422 et
857 5377 959 5436 aperte,
986 5373 1032 5424 sed
1056 5371 1189 5422 invisibili·
1228 5371 1304 5422 docet
1321 5357 1460 5422 veritatem
1484 5369 1518 5420 de
1544 5367 1703 5432 praeteritis,
1722 5367 1768 5418 sed
1787 5365 1863 5418 otiam
1955 5363 2245 5418 -lurordicituer
2268 5365 2298 5416 80
2319 5365 2434 5418 64-
2456 5371 2540 5434 potest

553 5465 590 5510 ter
608 5449 639 5508 ’34
662 5459 712 5520 686
735 5457 765 5510 43
788 5455 816 5510 3*
834 5487 867 5496 -
890 5459 979 5522 primo
997 5459 1073 5510 datus
1093 5461 1130 5508 est
1150 5473 1189 5510 oc·
1228 5457 1260 5510 de
1280 5455 1439 5508 4644416453
1460 5453 1799 5518 60-464646646661414
1817 5467 1864 5518 per
1902 5455 1955 5508 dici
1973 5455 2098 5506 sententia
2117 5453 2281 5506 4661446444
2299 5467 2327 5508 v.
2347 5455 2381 5506 64

552 5547 618 5600 cuba
635 5551 663 5598 et
681 5551 770 5610 666464
800 5543 963 5598 abundanter
990 5551 1014 5598 et
1039 5551 1127 5608 aperte
1148 5545 1189 5596 Vll
1228 5545 1380 5608 sapientiam
1403 5541 1485 5594 4674
1655 5597 1656 5602 ,
1954 5573 1990 5586 -
2009 5543 2056 5610 Qui
2077 5552 2137 5597 sunt
2156 5543 2179 5596 46
2200 5543 2357 5608 6644444064
2377 5547 2538 5598 conforman-

553 5635 604 5686 606
623 5635 650 5686 64
675 5663 709 5670 -—
729 5633 806 5686 datus
824 5639 864 5686 est
881 5631 1017 5686 manifeste
1041 5635 1189 5698 Prophetis,
1281 5659 1314 5670 -
1332 5629 1452 5694 Cognitlo
1472 5629 1646 5696 experientiae
1669 5635 1695 5682 et
1720 5631 1869 5692 devotionis¹
1904 5641 1944 5686 tur
1966 5635 1995 5686 l'l
2016 5633 2067 5686 636
2087 5633 2119 5686 39
2140 5661 2173 5672 -
2194 5633 2270 5698 Qttocl
2297 5633 2411 5704 nascitur
2430 5635 2465 5686 de
2483 5635 2541 5696 Spi-

552 5721 712 5774 manilestius
740 5723 765 5772 in
795 5719 967 5774 iusulllatioue
994 5727 1053 5784 post
1076 5735 1190 5774 resurae·
1228 5719 1375 5772 attribuitur
1400 5719 1506 5784 Spiritui
1533 5727 1620 5774 sancto
1648 5721 1677 5772 Vl
1709 5719 1864 5774 tobes-
1903 5723 1953 5776 ritu
1973 5723 2019 5774 Dei
2036 5735 2090 5776 non
2107 5727 2148 5776 est
2174 5737 2241 5774 unus
2270 5721 2376 5786 spiritus
2400 5737 2462 5774 cum
2486 5721 2539 5774 Deo

551 5811 679 5872 ctionem,
697 5809 908 5862 manifestissime
927 5815 986 5872 post
1009 5809 1188 5880 ascensionem
1229 5809 1347 5860 iaciendo
1364 5809 1479 5860 animam
1497 5809 1551 5860 Deo
1575 5809 1719 5862 adhaerere
1738 5811 1797 5864 iacit
1815 5809 1863 5864 sibi
1904 5825 1950 5878 per
1969 5811 2120 5874 essentiam,
2140 5809 2187 5864 scd
2212 5823 2260 5876 per
2286 5809 2494 5862 coulormltatem
2515 5815 2539 5864 44

553 5899 585 5950 tl
605 5895 655 5950 360
675 5897 708 5950 57
728 5925 761 5936 -
786 5897 888 5950 666646
908 5899 963 5950 erat
986 5901 1047 5962 post
1064 5899 1190 5962 glorltlca-
1229 5897 1379 5950 familiarem
1400 5903 1425 5950 et
1451 5897 1560 5950 revelari
1580 5905 1677 5950 secreta
1697 5899 1740 5952 tut
1761 5899 1812 5950 346
1833 5901 1863 5952 60
1903 5899 2098 5954 adhaerentiam
2117 5899 2165 5952 684
2200 5899 2231 5952 60
2263 5897 2289 5954 6*
2309 5929 2343 5938 -
2363 5899 2465 5952 Christo
2486 5911 2538 5952 non

551 5985 646 6038 tionem
668 5985 760 6040 Christi
779 5983 811 6040 ab.
826 5985 861 6038 55
877 6015 915 6022 -
932 5991 992 6038 4644
1010 5985 1188 6040 ascensionem
1279 6015 1314 6028 ·-
1334 5989 1411 6040 docet
1428 5987 1514 6050 utilia,
1535 5989 1595 6054 qma
1613 5997 1654 6042 cst
1674 5989 1783 6052 spiritus
1799 5989 1864 6042 salu·
1904 5995 1942 6042 est
1962 5989 2037 6044 datus
2061 5989 2093 6042 ad
2123 6001 2275 6042 mensuram
2302 5993 2401 6042 certam
2420 5989 2471 6040 688
2498 5985 2538 6040 67.

551 6073 644 6128 Christi
659 6089 711 6126 6444
723 6079 779 6128 6464
791 6075 867 6128 644446
883 6075 911 6126 46
923 6075 1055 6128 evidentia
1067 6079 1094 6126 et
1111 6073 1191 6130 abun·
1229 6075 1260 6130 tis
1279 6075 1310 6128 Vl
1332 6075 1382 6128 640
1403 6077 1418 6130 3
1436 6103 1473 6116 -
1491 6077 1568 6130 64464
1581 6077 1718 6130 veritatem
1730 6077 1808 6142 ritae,
1821 6079 1864 6130 do·
1904 6079 1954 6130 483
1974 6079 2007 6130 63
2156 6083 2157 6086 ’

552 6163 638 6216 666446
660 6163 692 6218 id.
722 6163 754 6216 57
774 6193 809 6202 -
827 6179 879 6218 non
907 6163 1020 6218 debebat
1046 6163 1103 6216 dari
1130 6169 1190 6218 ante
1228 6165 1324 6218 6444466
1338 6163 1591 6218 6444464441664436.
1604 6167 1629 6218 5.
1641 6165 1689 6218 460
1703 6163 1865 6218 66-64464
1955 6193 1989 6206 -··
2009 6165 2094 6218 4446446
2111 6171 2151 6216 664
2168 6157 2326 6226 sanctitatis,
2342 6163 2503 6228 paupertatis
2515 6169 2540 6218 et

552 6265 688 6306 ascensum
718 6253 810 6306 Christi
842 6253 890 6304 460
918 6253 950 6304 44
972 6281 1004 6290 -
1025 6249 1115 6304 debuit
1132 6253 1189 6306 dari
1229 6253 1363 6304 4641464646
1374 6253 1709 6316 4666164616444466444616,
1721 6253 1864 6316 locutionis,
1903 6237 2053 6306 humilitatis
2074 6253 2115 6304 Vll
2141 6253 2192 6304 636
2217 6253 2251 6304 47
2270 6281 2305 6292 --
2324 6253 2375 6320 Qui
2393 6251 2471 6304 babet
2490 6255 2538 6316 spi·
2623 6289 2626 6300 .

552 6347 611 6404 post
628 6341 864 6394 reconciliationem
884 6353 944 6394 curn
966 6343 1020 6392 Deo
1040 6337 1100 6394 t'bt'd.
1228 6339 1386 6406 operationis
1406 6339 1455 6392 606
1484 6341 1509 6390 6.
1530 6341 1614 6392 6073
1634 6369 1668 6380 -·-
1688 6341 1803 6394 veritatis
1823 6355 1864 6394 444·
1902 6341 1979 6394 ritum
2009 6347 2107 6392 rectum
2144 6337 2221 6394 habet
2249 6341 2374 6394 iustitiam
2399 6341 2434 6394 ad
2458 6355 2487 6394 se
2515 6349 2540 6396 64

545 6483 549 6490 ,
605 6429 762 6480 -Donum
792 6429 906 6492 Spiritus
932 6427 1013 6480 sancti
1043 6427 1131 6482 664664
1154 6433 1191 6480 est
1228 6427 1270 6480 bis
1296 6427 1372 6480 datur
1400 6427 1433 6482 ad
1458 6413 1620 6490 docendum,
1647 6427 1759 6494 Spiritus
1776 6427 1865 6480 sancti·
1902 6427 2049 6494 proximum
2071 6433 2095 6478 et
2114 6427 2211 6494 Deum,
2229 6437 2256 6484 64
2273 6443 2322 6496 per
2333 6431 2385 6484 hoc
2396 6429 2474 6484 habet
2493 6445 2539 6496 ρ6-

551 6517 681 6580 apostolis
698 6517 732 6568 ad
750 6515 906 6570 remittenda
926 6517 1078 6580 peccatavt
1093 6517 1142 6568 543
1157 6517 1189 6568 43
1217 6517 1286 6568 'tatis
1303 6517 1338 6568 66
1356 6517 1570 6580 suggerendum,
1590 6517 1701 6580 Spiritus
1718 6517 1820 6568 virtutis
1832 6517 1864 6568 66
1903 6531 1960 6568 4664
1979 6521 2005 6568 64
2024 6515 2163 6582 gandium,
2183 6523 2208 6572 et
2229 6519 2296 6574 intra
2316 6535 2343 6574 se
2362 6533 2472 6586 reguum
2495 6519 2538 6574 Dei

550 6631 587 6640 -
607 6605 681 6658 datus
700 6609 738 6658 cst
756 6607 792 6658 ad
812 6605 995 6658 remissionem
1022 6609 1189 6670 peccatorum
1228 6603 1409 6658 adiuvandum
1427 6605 1479 6658 603
1499 6605 1515 6656 6
1534 6631 1569 6644 ·-
1589 6603 1812 6658 docetveritatem
1832 6605 1863 6656 ad
1902 6601 1964 6658 tttrt.
1991 6631 2026 6644 -
2055 6603 2142 6658 bonus
2163 6613 2205 6658 est
2223 6609 2270 6676 qui
2297 6609 2410 6664 continet
2438 6617 2538 6674 septem

507 6697 510 6708 ’
552 6691 587 6744 66
605 6691 713 6756 6466664
732 6693 924 6746 exsecutionem
942 6691 1079 6756 potestatis
1092 6691 1189 6744 54553
1228 6691 1439 6756 16464416666464,
1458 6693 1577 6758 suggerit
1595 6691 1629 6744 ad
1647 6691 1803 6754 nolendum,
1824 6691 1866 6742 ad·
1902 6693 1970 6744 66446
1998 6691 2049 6744 436
2079 6693 2111 6744 66
2139 6721 2175 6734 ·-
2202 6699 2299 6754 Ferror
2322 6699 2429 6766 spiritus
2454 6699 2538 6754 elevat

605 6807 639 6820 -
659 6781 794 6832 descendit
809 6781 840 6832 in
862 6779 960 6844 linguis
983 6779 1083 6844 igneis,
1102 6779 1189 6834 dando
1227 6779 1299 6832 iurat
1328 6779 1360 6832 ad
1389 6781 1585 6846 exsequendum
1613 6777 1674 6832 ibid.
1703 6807 1734 6816 -·-
1755 6777 1863 6830 modum
1902 6781 2016 6832 animam
2033 6789 2113 6846 supra
2142 6797 2184 6846 se,
2202 6787 2248 6842 ubi
2275 6789 2348 6844 ondit
2366 6795 2391 6842 er
2408 6789 2481 6842 64864
2501 6801 2538 6844 ap.

551 6865 676 6918 rirtutem
704 6867 738 6920 ad
767 6867 827 6920 lidei
852 6865 1056 6932 publicationem
1086 6865 1116 6918 Vl
1139 6867 1189 6920 544
1228 6865 1706 6944 46664664664444444461446645644
1901 6879 1965 6918 cana
1985 6869 2034 6922 346
2056 6873 2089 6922 60
