5900 8266
513 613 575 676 578

511 785 633 850 salvum
654 781 773 866 lacera
798 783 825 850 si
848 801 906 850 rex
932 785 1025 852 lsrael
1049 788 1114 864 est,
1137 783 1305 852 descendat
1319 803 1402 850 nunc
1427 784 1464 851 de

510 905 602 954 cruce
619 915 636 946 1>
662 895 719 954 en.
746 891 846 970 Super
871 907 935 974 quo
956 889 1180 956 Bernardas1:
1208 889 1321 974 «Quid
1345 895 1391 970 ta,
1416 889 1465 954 lu-

509 993 600 1072 daee,
627 993 681 1078 qui
704 995 805 1078 pridie
827 1003 899 1062 ante
924 1015 1052 1064 erucem
1083 1003 1181 1080 caput
1211 997 1375 1082 agitabas?
1405 995 1463 1078 Qui

510 1117 635 1168 sacrum
656 1105 753 1184 eaput
774 1099 889 1168 Christi
913 1101 1095 1186 exagitabas
1123 1099 1317 1184 3333333113,
1340 1101 1463 1168 dicens:

511 1205 548 1272 St'
573 1201 723 1270 Christus
747 1223 807 1272 reue
829 1207 939 1270 lsrael
958 1213 1023 1284 est,
1049 1207 1221 1272 descendat
1252 1207 1291 1272 de
1317 1205 1464 1270 3333311

509 1309 533 1376 O
558 1315 709 1376 venenata
731 1309 851 1394 lingua,
869 1309 1002 1378 verbum
1016 1309 1172 1390 malitiae,
1190 1327 1293 1376 sermo
1310 1313 1464 1396 nequam!

432 1417 434 1420 ’
509 1417 570 1482 Hoc
590 1415 684 1500 plane
705 1421 798 1484 tuum
821 1423 885 1494 est,
909 1415 1009 1500 magis
1031 1423 1136 1482 autern
1164 1415 1234 1482 eius
1250 1415 1305 1500 qui
1320 1417 1465 1482 mendac

509 1529 557 1588 est
576 1519 619 1588 ab
642 1519 746 1588 initio.
770 1519 850 1604 Quid
875 1519 956 1588 enim
991 1519 1232 1606 consequentiae
1261 1519 1386 1589 videtur
1412 1523 1465 1588 ha-

510 1627 601 1704 hece,
627 1631 662 1692 ul
686 1615 875 1704 descendat,
897 1627 925 1690 si
949 1643 1008 1692 rex
1031 1630 1097 1704 est,
1115 1631 1145 1692 31
1162 1643 1224 1692 333
1241 1625 1337 1710 magis
1354 1645 1466 1692 ascen-

509 1731 589 1798 dat?
615 1735 728 1810 immo,
753 1731 827 1816 qcuia
850 1749 909 1798 rex
935 1729 1028 1798 lsrael
1053 1739 1117 1810 331,
1140 1731 1269 1798 titulum
1295 1733 1382 1816 regni
1403 1751 1466 1798 non

509 1837 645 1918 deserat,
671 1837 791 1924 uirgam
816 1837 938 1922 imperii
953 1855 1016 1904 nou
1033 1837 1185 1924 deponat,
1202 1837 1295 1906 cuias
1316 1837 1467 1906 nimirum

510 1943 689 2030 imperium
709 1963 812 2028 saper
833 1941 1011 2010 lcccmeram
1033 1945 1107 2034 eins
1117 1945 1137 2008 1.
1165 1945 1275 2024 Alios,
1301 1945 1467 2030 inquiunt,

509 2051 620 2116 saluos
641 2047 738 2136 fecit,
761 2069 795 2116 se
827 2049 940 2134 ipsam
970 2067 1038 2116 non
1064 2059 1170 2136 potest
1190 2051 1320 2116 saluam
1346 2049 1466 2138 facere.

509 2157 625 2236 lmrno,
648 2157 675 2224 si
698 2155 1083 2242 descenderimoerninem
1101 2159 1221 2228 salvum
1247 2159 1466 2236 1333333333

509 2263 591 2329 enim
617 2263 722 2330 salvus
746 2281 814 2332 esse
843 2281 906 2330 non
939 2261 1054 2348 possit,
1076 2263 1135 2330 nisi
1161 2263 1216 2350 qui
1240 2283 1467 2350 perueneram-

509 2369 556 2434 m‘t
576 2389 682 2458 nsque
702 2371 740 2436 in
761 2369 880 2456 tinem·
903 2375 1021 2456 quanto
1048 2369 1151 2436 minus
1177 2371 1293 2456 poterit
1313 2371 1465 2438 3333331-

509 2481 597 2542 vator
615 2481 651 2540 »l

596 2581 648 2646 hh.
676 2581 774 2666 (Vens.
794 2581 870 2658 36.).
887 2583 985 2650 Sexto
1006 2587 1161 2666 quantum
1184 2581 1224 2648 ad
1240 2581 1467 2648 crudelitatem

343 2701 498 2798 ciffoeiiiiff'
509 2687 718 2754 illudentium
741 2687 984 2770 crucifixorum
1006 2687 1166 2770 adiungit:
1191 2679 1375 2752 illudebant
1404 2707 1468 2776 aa·

482 2785 486 2796 '
509 2797 570 2858 tem
594 2791 625 2858 ei
644 2801 676 2858 et
695 2791 822 2858 milites.
841 2791 957 2858 Milites
974 2791 1101 2876 quidem
1117 2791 1290 2858 illudebant
1304 2797 1377 2856 ante
1393 2809 1467 2856 cru-

509 2895 705 2974 cifixionem,
733 2895 904 2962 secundum
939 2895 1025 2980 qaod
1055 2893 1172 2962 dieitur
1202 2895 1323 2960 loannis
1348 2893 1467 2958 decimo

509 3001 631 3068 nono4:
663 3001 817 3078 «Milites,
843 3001 1012 3082 plectentes
1037 3015 1183 3064 coronam
1208 2997 1245 3064 de
1270 2997 1384 3082 331313,
1409 2997 1467 3062 13-

509 3111 686 3190 posuerunt
703 3105 802 3190 capiti
825 3103 894 3170 eius
919 3109 948 3168 et
973 3109 1058 3170 veste
1073 3119 1237 3186 purpurea
1252 3101 1467 3168 circumdede-

510 3217 585 3278 runt
612 3229 692 3276 enm.
728 3211 762 3274 Et
791 3207 956 3274 veniebant
980 3209 1017 3274 ad
1043 3225 1113 3274 eam
1145 3215 1177 3274 31
1199 3207 1314 3274 dabant
1350 3207 1375 3274 ei
1405 3209 1468 3274 ala-

359 3331 491 3376 mannum.
510 3333 565 3400 333
581 3341 613 3380 a.
636 3315 684 3380 Ex
707 3331 771 3398 quo
795 3319 937 3396 apparet,
955 3313 1040 3398 qccod
1055 3313 1230 3380 secandum
1247 3313 1361 3380 Lucam
1376 3313 1467 3378 Chri-

509 3427 577 3488 stus
603 3425 650 3484 133
675 3419 787 3484 illusus
809 3419 882 3498 fuit,
900 3419 1017 3486 scilicet
1034 3419 1063 3484 iu
1081 3419 1174 3486 domo
1188 3419 1354 3504 pontilicis
1370 3437 1469 3504 supra

509 3523 660 3610 vigesimo
683 3523 819 3592 secundo
833 3525 858 3604 1,
880 3533 914 3592 31
934 3525 966 3592 in
1001 3525 1178 3610 praesentia
1201 3525 1348 3604 Herodis,
1371 3543 1470 3612 supra

509 3631 633 3708 eodem,
659 3635 690 3696 et
713 3647 807 3696 nuno.
841 3631 873 3696 ln
907 3649 970 3716 quo
1003 3631 1098 3696 datur
1129 3631 1278 3716 intelligi,
1301 3631 1386 3716 qnod
1411 3631 1470 3698 ista

511 3737 572 3802 tria
596 3751 710 3820 genera
734 3735 917 3816 hominum,
939 3755 1023 3822 quae
1046 3735 1221 3822 specialiter
1243 3737 1389 3804 Christus
1412 3739 1470 3802 ho-

510 3841 633 3908 noravit
659 3843 688 3908 iu
714 3841 824 3922 terris,
851 3841 1010 3910 Christum
1035 3843 1242 3922 inhonorant,
1259 3843 1376 3912 scilicet
1393 3863 1470 3928 pon-

511 3943 628 4028 tifices,
653 3949 810 4036 principes
833 3955 864 4016 et
881 3949 1011 4030 milites,
1037 3949 1079 4016 ita
1102 3955 1138 4016 ut
1162 3949 1206 4020 eis
1223 3955 1377 4036 competat
1392 3951 1470 4018 illud

511 4053 609 4122 lsaiae
629 4055 775 4138 primoi:
805 4053 924 4122 «Filios
947 4055 1085 4122 enutrivi
1108 4061 1139 4122 et
1163 4057 1313 4134 exaltavi,
1331 4057 1389 4140 ipsi
1413 4075 1470 4124 au-

513 4165 575 4228 tem
602 4167 792 4246 spreverunt
813 4179 864 4228 me
875 4187 908 4226 ».
930 4161 1018 4228 Unde
1035 4161 1101 4228 istis
1117 4161 1266 4246 competit
1282 4161 1358 4228 illud
1375 4163 1470 4228 Isaiae

512 4267 774 4354 quinquagesimo
806 4269 1002 4354 septimotc
1029 4271 1128 4354 Super
1164 4285 1258 4352 quem
1291 4269 1410 4336 lusistis
1439 4275 1472 4336 et

513 4391 610 4458 super
632 4391 729 4460 quom
750 4373 904 4442 dilatastis
926 4381 1017 4440 3331
1040 4375 1172 4442 eiecistis
1199 4375 1362 4458 linguam?
1387 4375 1470 4440 Nun-

512 4479 590 4564 quid
611 4497 674 4546 non
698 4495 753 4546 vos
777 4479 833 4546 tilii
857 4479 1167 4546 secessionibus
1190 4479 1288 4564 igitur
1310 4479 1470 4546 Christum

512 4585 702 4670 spernebant
732 4591 762 4652 et
787 4585 964 4672 spernendo
994 4585 1195 4650 afflictionem
1227 4585 1344 4650 afflicto
1377 4585 1470 4652 adde-

350 4693 725 4758 0333331331-111
754 4691 823 4760 ideo
854 4691 962 4758 addit:
992 4691 1185 4756 decedentes
1211 4697 1237 4756 et
1262 4695 1392 4758 acetum
1420 4687 1471 4776 of-

402 4765 454 4804 aa
512 4793 654 4884 ferentes
675 4799 705 4864 ei
719 4799 739 4862 ⁷.
765 4799 888 4864 Dicitur
918 4803 1025 4862 autem
1058 4797 1206 4862 Matthaei
1241 4795 1393 4882 vigesimo
1422 4813 1470 4862 se-

470 4903 473 4908 “
512 4903 627 4988 ptimo,
653 4903 737 4990 quod
765 4903 952 4972 «dederunt
975 4901 1002 4968 ei
1028 4903 1135 4968 bibere
1158 4901 1278 4966 ninam
1301 4917 1374 4966 cum
1399 4901 1470 4966 lelle

586 5227 595 5258 1
613 5231 697 5280 Serm.
718 5229 740 5280 in
761 5231 803 5282 die
822 5233 911 5280 sancto
929 5227 1058 5290 Paschae,
1073 5243 1098 5278 n.
1115 5229 1141 5278 l.
1154 5241 1208 5292 seq.
1223 5227 1320 5278 Textus
1338 5227 1470 5290 originalis

515 5315 574 5368 hinc
594 5317 654 5368 inde
671 5317 744 5380 plura
764 5315 902 5368 interserit.

587 5401 823 5466 111333.15,3,2.
851 5403 948 5454 Textus
974 5401 1122 5464 originalis:
1153 5401 1221 5466 Quid
1239 5415 1334 5452 verum
1358 5401 1472 5454 hominis

413 5553 416 5558 Ι
515 5497 594 5554 caput
611 5489 742 5542 Christum
763 5487 912 5554 exagitabas
930 5489 1083 5554 opprobriis
1101 5487 1139 5556 [in
1166 5495 1227 5542 noto
1253 5489 1351 5542 adiecto
1370 5489 1472 5542 exhibe·

516 5585 555 5632 tur
575 5577 651 5630 133113
669 5577 747 5632 cedd.
767 5575 947 5644 nostrorum?
968 5575 1220 5642 curialiumque,
1248 5591 1300 5630 rea
1320 5577 1406 5632 lsrael
1430 5577 1470 5632 cle·

515 5665 624 5722 scandat
648 5665 677 5720 de
706 5679 792 5722 31333.
814 5693 850 5704 -
867 5665 975 5718 lnlerius
999 5665 1138 5730 respicitur
1154 5667 1224 5718 1333.
1251 5667 1281 5728 8,
1301 5665 1347 5718 tt:
1367 5669 1409 5718 llle
1429 5671 1472 5720 ho·

389 5795 409 5816 s
483 5807 486 5814 ,
516 5755 611 5806 'minida
630 5761 686 5806 erat
706 5753 738 5806 ab
758 5755 855 5806 initio...
875 5753 937 5820 quia
957 5755 1071 5806 mendox
1089 5757 1128 5806 est
1147 5761 1197 5806 etc.

588 5839 598 5870 ³
616 5843 671 5894 lsai.
692 5845 722 5906 3,
741 5843 773 5896 6:
790 5841 954 5906 principatus
971 5857 1050 5906 super
1078 5845 1216 5894 humerum
1237 5843 1293 5896 eius
1322 5871 1357 5882 -
1376 5845 1402 5896 lu
1421 5845 1473 5896 line

515 5931 643 5996 allegatur
660 5933 747 5984 Malth.
767 5929 814 5994 21,
844 5931 891 5982 133
915 5929 965 5998 Qui
993 5935 1081 5984 aculem
1107 5931 1318 5996 perseveraverit
1344 5933 1473 6000 usquein

517 6021 609 6082 linem,
629 6021 669 6074 hlc
689 6021 779 6074 salvus
796 6021 852 6074 erit.

564 6107 693 6186 fVecs.
714 6113 738 6160 2.
758 6117 783 6162 31
801 6111 828 6162 3.

588 6197 692 6252 ⁵vers.
713 6201 754 6252 63.
774 6205 798 6252 31
818 6199 930 6252 subinde
951 6199 997 6260 23,
1020 6199 1060 6250 lt.

589 6287 599 6318 1
617 6289 693 6340 Vers.
713 6289 741 6354 2,
761 6295 822 6354 3331
839 6301 918 6354 actem
939 6287 986 6352 57,
1013 6287 1035 6340 1.
1065 6287 1205 6352 Triplicem
1232 6289 1300 6340 hanc
1328 6287 1473 6340 illusionem

517 6379 595 6430 331331
612 6377 690 6430 31133
710 6373 786 6430 Card.
803 6379 882 6440 lingo
902 6375 939 6442 (in
957 6379 1018 6428 Luco.
1037 6377 1086 6440 23,
1105 6373 1158 6434 eal
1180 6380 1206 6428 et
1223 6375 1356 6440 adiungit:
1376 6377 1404 6428 Et
1416 6389 1473 6438 pro·

519 6469 577 6532 pter
594 6467 660 6518 hanc
679 6465 806 6532 triplicem
827 6465 972 6516 illusionem
992 6463 1093 6516 Christo
1112 6463 1206 6514 illatam
1226 6463 1320 6526 triplex
1338 6465 1421 6534 honor
1435 6477 1473 6514 ex·

520 6551 1018 6624 31133133311331311333333313133
1046 6551 1227 6616 genuflexione
1256 6553 1280 6604 el
1308 6551 1374 6602 trina
1391 6549 1474 6604 laudis

517 6643 706 6716 decantatione.
724 6671 763 6684 -
779 6643 889 6696 13133133
907 6655 957 6706 pro
974 6637 1125 6710 spernendo
1145 6639 1192 6706 lita
1211 6637 1304 6706 CUM)
1325 6639 1384 6694 Vat.
1402 6653 1475 6708 sper-

519 6729 654 6796 nendam,
672 6737 699 6784 et
716 6731 831 6784 subinde
848 6731 870 6782 D
889 6729 982 6784 omittit
1001 6727 1106 6796 afflicto.

590 6815 599 6848 1
620 6817 704 6872 Codd.
721 6817 835 6872 CDGll
853 6817 898 6872 ori
914 6817 971 6874 eius
992 6817 1036 6880 (ita
1066 6817 1143 6868 etiem
1162 6815 1321 6882 Gorranus);
1340 6817 1474 6868 3131333.

524 6907 568 6970 ta,
589 6907 637 6958 29:
655 6905 810 6958 Obtnleronl
829 6907 868 6958 ori
887 6907 953 6958 eius.
970 6905 1082 6956 —Duo
1100 6903 1209 6956 interius
1226 6903 1330 6966 allegati
1348 6903 1396 6956 loci
1416 6907 1476 6954 sum

1080 605 1272 674 connum.
1300 611 1334 676 ru
1358 605 1594 676 autuoncrun
1620 601 1737 670 cocta
1758 601 1791 668 3.
1806 579 1914 670 xxcu.

1526 781 1662 848 mixtum
1682 805 1710 860 c,
1737 773 1827 848 Marci
1853 781 1973 866 decimo
1997 781 2117 865 quainto.
2141 781 2193 862 Et,
2219 787 2254 848 ut
2278 781 2353 848 dicit
2378 781 2484 866 hugu-

1527 887 1665 966 3113331,
1689 885 1835 954 credibile
1861 893 1926 968 est,
1947 887 2033 972 quod
2057 889 2086 952 in
2113 887 2221 954 vinum
2243 893 2403 954 acetosum
2426 889 2484 954 im-

1526 993 1673 1076 miserint
1693 991 1797 1060 ludaei
1819 993 1862 1060 131
1883 999 1916 1060 31
1939 995 2121 1078 myrrham,
2144 1011 2226 1078 quae
2248 1001 2322 1060 sunt
2354 995 2484 1060 amaris-

1528 1099 1617 1166 sima.
1640 1099 1678 1166 Ut
1699 1099 1733 1164 in
1756 1099 1816 1166 hoc
1852 1099 2001 1184 impletur
2036 1099 2207 1186 prophetae
2241 1099 2339 1164 Dauid
2374 1099 2484 1166 vatici-

1529 1205 1662 1272 niumlt
1691 1231 1707 1264 «
1725 1207 1901 1286 Dederunt,
1926 1205 2046 1290 inquit,
2069 1205 2101 1270 in
2135 1223 2238 1272 escam
2261 1213 2362 1272 meam
2387 1205 2428 1272 fel
2452 1213 2484 1272 et
2537 1221 2539 1224 ·

1529 1309 1560 1376 in
1585 1311 1634 1378 siti
1660 1329 1730 1378 mea
1752 1315 1940 1396 potaverunt
1963 1327 2012 1378 me
2037 1317 2168 1378 aceto».
2189 1311 2227 1376 Et
2248 1311 2483 1378 Deuteronomii

1529 1417 1689 1502 trigesimo
1712 1417 1851 1486 secundo
1878 1417 1919 1484 de
1947 1417 2040 1484 vinea
2072 1435 2225 1484 conversa
2245 1417 2279 1482 ln
2300 1417 2484 1482 amaritudi-

1528 1539 1618 1588 nem:
1647 1549 1665 1582 «
1680 1523 1744 1590 Uva
1765 1539 1875 1590 eorum
1892 1539 1953 1588 uva
1971 1521 2050 1588 lellis
2072 1530 2105 1589 et
2126 1523 2238 1590 botrus
2256 1521 2481 1590 amarissimus.

1528 1627 1578 1694 Fal
1604 1629 1773 1696 draconum
1805 1627 1915 1696 vinum
1947 1645 2058 1694 eorum
2095 1633 2124 1694 et
2159 1619 2483 1712 renenun'asptdun

1529 1733 1698 1800 insanabile
1711 1761 1741 1800 u.
1755 1735 1792 1802 Et
1806 1735 1846 1802 de
1862 1735 1921 1800 hoo
1935 1733 2051 1800 dicitur
2067 1731 2188 1800 loannis
2204 1735 2324 1800 decimo
2341 1753 2422 1802 nono
2434 1735 2481 1800 1⁰:
2503 1735 2633 1786 uicinam.

1535 1865 1551 1898 r<
1565 1837 1643 1906 Cum
1669 1839 1838 1924 accepisset
1855 1841 1938 1908 lesus
1954 1845 2094 1918 acetum,
2110 1837 2209 1904 dixit:
2226 1839 2482 1906 Consummatum

1529 1951 1619 2024 est»,
1643 1951 1675 2012 et
1697 1945 1791 2030 quia,
1814 1945 1885 2012 cum
1913 1963 2023 2032 passus
2047 1953 2127 2012 esset
2144 1945 2175 2008 in
2192 1945 2313 2010 andita
2337 1961 2394 2028 per
2411 1963 2483 2012 con-

1530 2053 1691 2132 tumeliaS,
1716 2053 1747 2118 in
1771 2053 1848 2120 aisn
1869 2071 1926 2138 per
1949 2053 2120 2136 lacrymae,
2138 2051 2169 2116 in
2186 2057 2278 2118 taeta
2293 2069 2351 2134 per
2365 2051 2482 2134 plagas,

1529 2177 1590 2224 non
1615 2159 1765 2238 restabat,
1791 2159 1849 2224 nisi
1872 2165 1911 2224 ut
1932 2165 2095 2244 pateretur
2116 2157 2150 2224 in
2170 2165 2274 2242 33313
2296 2165 2327 2224 31
2351 2155 2483 2242 lingna,

1529 2269 1635 2332 contra
1660 2263 1744 2330 illam
1759 2263 2019 2358 delectationem,
2044 2283 2139 2350 quam
2173 2263 2206 2330 iu
2240 2281 2296 2332 esu
2321 2261 2405 2348 pomi
2427 2263 2484 2328 ha-

1528 2369 1597 2436 buit
1619 2371 1713 2436 Adam
1737 2375 1768 2438 et
1792 2371 1904 2436 33311.
1928 2371 1966 2436 Et
1988 2371 2061 2456 quia
2087 2371 2266 2438 huiusmodi
2283 2369 2412 2438 tentatio
2426 2385 2484 2452 per

1529 2477 1671 2542 auditum
1694 2475 1854 2556 introivit,
1876 2477 1945 2542 ideo
1964 2479 2052 2544 toties
2069 2459 2262 2562 replicantur
2279 2473 2484 2544 contumeliae

1529 2589 1636 2650 contra
1661 2581 1831 2648 Christum.
2268 2583 2270 2586 ’
2399 2661 2401 2668 g

1616 2687 1670 2750 th.
1694 2685 1796 2766 (Vers.
1821 2685 1899 2766 37.).
1924 2687 2009 2752 Unde
2036 2683 2193 2770 adiungit:
2219 2689 2423 2752 0333133113
2450 2685 2487 2752 Si
2504 2689 2589 2744 113111·

1529 2801 1563 2856 ta
1588 2809 1619 2854 es
1643 2807 1702 2854 rea
1727 2789 1947 2867 lacloeoram,
1970 2791 2102 2854 calonne
2125 2797 2154 2854 te
2173 2785 2241 2872 sae.
2267 2791 2352 2854 Unde
2376 2799 2408 2856 et
2432 2791 2483 2856 isti

1529 2893 1642 2958 milites
1666 2891 1869 2976 designantur
1893 2911 1949 2976 per
1973 2909 2080 2958 servos
2103 2893 2186 2978 regis
2204 2893 2411 2976 assyriorum,
2428 2895 2483 2980 qui

1529 2997 1826 3082 blasphemaverunt
1840 2997 2017 3076 Dominum,
2033 2997 2201 3082 dequibus
2217 2999 2309 3064 isaiae
2327 2997 2484 3084 trigesimo

1529 3103 1719 3190 3331133113
1748 3129 1764 3162 «
1781 3103 1838 3170 Cui
1859 3103 2058 3190 exprobrasti
2084 3109 2114 3170 et
2144 3121 2235 3190 quem
2263 3103 2484 3190 blasphemasti

1529 3217 1559 3278 et
1583 3229 1678 3296 super
1702 3227 1796 3296 quem
1819 3211 1964 3276 exaltasti
1987 3229 2097 3276 vocem
2119 3215 2207 3276 tuam
2229 3217 2261 3276 et
2284 3211 2393 3276 levasti
2415 3209 2484 3278 alti-

1530 3317 1667 3382 tudinem
1691 3309 1856 3382 oculorum
1895 3323 2043 3382 tuorum?
2079 3315 2121 3382 dd
2150 3319 2292 3382 sanctum
2324 3317 2426 3382 133331.
2453 3319 2484 3382 13

1529 3439 1623 3490 ruiana
1649 3439 1812 3490 servorum
1839 3427 1967 3488 tuorum
2001 3421 2201 3506 exprobrasti
2224 3421 2354 3488 Domino
2371 3447 2402 3486 a.
2426 3421 2485 3490 Sed
2510 3425 2633 3480 1333133

1531 3529 1680 3594 Dominus
1704 3527 1772 3596 istis
1793 3527 1983 3612 blasphemis
2006 3527 2191 3610 noncessit,
2217 3531 2252 3592 ut
2275 3481 2651 3592 [1333131333-ιξῗῗεῖῗιὲῗῖιιξι

1532 3637 1617 3718 3133
1643 3633 1806 3718 3311331133
1843 3641 1872 3700 31
1907 3631 2175 3718 perseverantiae,
2213 3631 2386 3698 secundum
2408 3631 2486 3698 illud
2545 3591 2595 3628 ”affl

1531 3737 1630 3806 lacohi
1655 3725 1764 3824 quinto
1778 3739 1822 3802 14:
1852 3739 2078 3822 «Exemplum,
2094 3737 2239 3820 accipite,
2265 3737 2397 3816 1331333,
2419 3737 2487 3802 133-

1532 3845 1728 3932 ganimitatis,
1752 3845 1866 3914 laboris
1884 3849 1914 3910 et
1931 3841 2103 3928 patientiae.
2128 3841 2345 3910 sufferentiam
2361 3843 2413 3910 lob
2430 3861 2486 3910 au-

1532 3951 1647 4018 distis»
1663 3955 1722 4018 313.
1735 3949 1821 4018 Unde
1835 3949 2012 4016 Bernardus
2026 3951 2049 3990 ¹⁵
2061 3937 2074 4014 i
2092 3949 2190 4016 «Sine
2206 3967 2317 4028 causa,
2334 3949 2485 4032 maligne,

1532 4057 1648 4142 parasti
1669 4055 1810 4142 sagittas
1835 4051 1922 4120 tuas
1942 4053 1977 4120 c'n
2004 4051 2166 4138 pharetra
2200 4059 2229 4120 ot
2261 4053 2486 4138 discipulorum

1531 4161 1665 4246 suspiria
1689 4163 1833 4228 cumulas
1865 4159 2043 4246 opprobriis
2076 4159 2277 4240 ludaeorum;
2302 4159 2345 4224 illi
2371 4159 2487 4246 quippe

1532 4267 1716 4352 desperant,
1738 4267 1789 4334 isti
1813 4267 2036 4352 improperant.
2063 4265 2121 4332 Sed
2144 4265 2268 4332 Christo
2289 4271 2403 4332 neutra
2427 4267 2488 4332 tela

1532 4357 1707 4450 nooeh'unt3
1729 4371 1815 4438 aliud
1838 4377 1964 4456 tempus
1986 4369 2079 4456 elegit
2101 4369 2312 4438 confortandis
2327 4369 2488 4454 discipulis

1533 4481 1563 4544 31
1586 4477 1670 4544 aliud
1695 4477 1883 4544 adversariis
1913 4475 2118 4542 conlutandis.
2150 4475 2490 4560 luterimpatientiam

1533 4581 1632 4666 magis
1655 4581 1800 4660 exhibet,
1826 4579 2033 4648 humilitatem
2060 4579 2265 4660 commendat,
2280 4579 2490 4648 obedientiam

1533 4687 1659 4774 implet,
1683 4681 1999 4774 perlicit'caritatem.
2025 4687 2076 4754 His
2098 4705 2210 4772 nempe
2232 4687 2388 4752 virtutum
2403 4703 2490 4772 gem-

1533 4795 1593 4860 mis
1616 4801 1752 4880 quatuor
1786 4811 1905 4860 cornua
1941 4793 2043 4860 crucis
2078 4793 2287 4858 adornantur:
2314 4797 2491 4858 3133133-

1535 4899 1777 4984 pereminentior
1799 4897 1931 4978 caritas,
1949 4917 1965 4964 a
1988 4897 2111 4966 dextris
2134 4897 2325 4978 obedientia,
2341 4897 2491 4984 patientia

1535 5227 1623 5278 Matth.
1643 5227 1692 5290 27,
1710 5221 1752 5278 31,
1772 5229 1796 5278 31
1817 5227 1892 5278 More
1912 5227 1959 5288 15,
1979 5227 2031 5278 233
2052 5227 2081 5278 Et
2099 5225 2197 5278 dabant
2214 5225 2238 5278 ci
2259 5225 2349 5278 hibere
2376 5229 2481 5290 myrrha

1424 5341 1425 5344 ¹
1536 5317 1590 5366 turn
1610 5315 1712 5366 vinum.
2350 5333 2352 5336 ·

1605 5399 1616 5430 1
1636 5401 1706 5454 ler.
1724 5403 1761 5454 111,
1781 5401 1815 5454 do
1834 5401 1964 5456 Consensa
1985 5403 2142 5470 Evangelist.
2159 5419 2185 5456 3.
2207 5405 2247 5458 11.
2265 5419 2290 5458 u.
2311 5405 2357 5458 38:
2378 5405 2433 5458 Hoc
2453 5405 2490 5458 in·

1535 5491 1704 5554 telligendum
1718 5497 1758 5542 est
1770 5491 1926 5542 Matthaeum
1941 5491 2033 5544 dixisse
2048 5505 2110 5546 coum
2122 5491 2183 5562 selle
2195 5489 2331 5560 mictum,
2344 5495 2379 5546 lel
2390 5495 2492 5560 quippe

1535 5593 1584 5646 pro
1601 5579 1775 5632 ancoritadine
1793 5579 1893 5644 333313
1912 5581 2087 5650 engrrlcatam
2105 5581 2176 5634 enim
2190 5581 2280 5634 vinum
2296 5583 2492 5636 amarissimum

1535 5673 1588 5730 est,
1607 5681 1768 5734 qcucmquam
1788 5667 1843 5718 Ueri
1863 5669 1959 5734 possit,
1978 5675 2050 5722 utet
2070 5671 2100 5722 iel
2121 5675 2145 5722 et
2174 5671 2278 5734 myrrha
2309 5671 2399 5722 viuum
2420 5683 2490 5722 ama·
2555 5677 2559 5686 '

1534 5755 1668 5808 tissimum
1688 5755 1834 5808 redderent.
1863 5757 1913 5810 Clr.
1944 5763 2006 5812 tom.
2024 5757 2068 5812 vl.
2095 5773 2156 5824 pag.
2177 5759 2322 5826 502,3313
2343 5759 2491 5812 1.--1133

1536 5843 1699 5900 immiserint
1715 5843 1797 5896 CDH
1817 5845 1996 5902 immiserant.

1607 5931 1618 5962 1
1638 5935 1729 5986 psalm.
1751 5935 1799 5998 68,
1820 5935 1861 5986 22.
1881 5941 1905 5986 31
1925 5935 2019 5990 deinde
2039 5935 2115 5990 Ueat.
2135 5935 2179 5998 32,
2198 5935 2241 5988 32.
2261 5947 2318 6004 seq.

1608 6019 1632 6052 ¹⁰
1650 6023 1725 6076 Vens.
1745 6023 1785 6074 30.
1807 6021 1856 6076 Clr.
1871 6025 2016 6088 3113333,
2033 6021 2182 6076 Commeat.
2194 6023 2219 6074 in
2234 6025 2304 6076 1333.
2317 6037 2339 6076 3.
2357 6025 2395 6076 to.
2409 6039 2435 6076 n.
2448 6023 2493 6078 57.

1608 6111 1631 6142 11
1650 6109 1704 6164 Ch.
1721 6111 1785 6162 Gen.
1806 6115 1835 6174 3,
1862 6115 1887 6164 11.
1904 6139 1941 6152 --
1960 6111 2085 6176 Superius
2114 6117 2174 6178 3331
2196 6107 2297 6178 plagas
2324 6099 2345 6160 Β
2373 6111 2445 6164 addit
2464 6111 2493 6166 in

1537 6199 1652 6254 odorata
1667 6213 1717 6268 per
1737 6199 1932 6252 damnatorum
1949 6197 2094 6252 calcarias.
2113 6227 2146 6256 2-
2165 6197 2229 6250 (lod.
2248 6199 2268 6248 G
2296 6197 2337 6248 hie
2357 6199 2493 6262 prosequi·

1537 6291 1592 6340 tur:
1613 6285 1677 6356 quia
1695 6285 1851 6352 huiusmodi
1869 6287 1977 6342 tentatio
1998 6291 2046 6340 eto.
2166 6347 2167 6350 Ἴ

1608 6373 1631 6406 11
1649 6375 1761 6438 §Vulgata
1780 6375 1816 6428 El
1832 6373 1962 6442 dicentem·
1982 6375 2060 6428 etiarn
2078 6375 2147 6428 Beda
2168 6373 2261 6428 omittit
2280 6373 2322 6428 Et.

1608 6463 1632 6494 11
1649 6463 1726 6514 Vers.
1747 6465 1787 6514 23.
1808 6467 1831 6514 31
1850 6463 1898 6526 21;
1919 6467 1962 6516 313.
1983 6463 2025 6514 tv.
2045 6463 2110 6526 neg.
2130 6463 2178 6526 19,
2196 6463 2241 6514 22.
2258 6475 2315 6528 seq.
2398 6477 2399 6480 ¹

1610 6551 1728 6604 1111333.
1749 6552 1789 6603 lo.
1810 6558 1833 6603 ot
1855 6553 1895 6604 ll.
1923 6553 1971 6604 1133
1994 6549 2203 6618 longanimitatis
2223 6553 2282 6602 Uet.
2302 6563 2363 6602 oum
2381 6551 2493 6612 Vulgata

1538 6637 1629 6692 emitas
1642 6637 1716 6692 moli.

1610 6723 1633 6756 11
1652 6727 1734 6778 Serm.
1754 6727 1779 6778 in
1799 6727 1839 6778 die
1860 6735 1948 6782 sancto
1967 6729 2095 6790 Paschae,
2115 6743 2139 6778 n.
2159 6723 2494 6792 23331333133131333·

1538 6815 1647 6880 spicitur
1668 6817 1706 6868 113.
1727 6817 1773 6880 lu,
1794 6817 1824 6868 3:
1842 6817 1972 6882 Quoniam
1993 6813 2494 6880 33333333313333...3333333133-

1539 6905 1618 6966 giltas
1637 6903 1741 6954 suasio
1760 6907 1891 6968 pharetra.
