5908 8266
1025 509 1218 574 COblllENT.
1241 509 1281 576 IN
1302 503 1542 594 EVhNGELIUbI
1566 501 1685 572 idcir
1711 503 1741 568 C.
1768 503 1831 572 XX.

437 677 603 748 subditur:
639 683 680 748 m
710 681 999 772 ieterropaverccat
1024 703 1099 752 eam
1130 683 1293 750 dicentes:
1325 685 1397 752 crc-

434 787 553 876 qirter,
578 787 705 878 1100000
725 791 859 878 scripsit
881 791 991 870 mehir,
1018 791 1175 878 scriptura
1199 791 1396 860 0011100100-

435 895 574 964 theutica
599 903 627 964 et
653 899 750 978 iusta,
777 899 950 968 seeundum
974 899 1050 968 illud
1076 899 1279 966 Ecclesiastici
1310 899 1397 986 vige-

436 1003 516 1072 simo
533 1007 683 1088 quartol:
706 1031 723 1064 «
735 1007 847 1092 Legem
862 1005 1023 1072 mandarit
1038 1007 1158 1090 Moyses
1172 1005 1205 1070 in
1223 1005 1398 1090 praeceptis

435 1109 628 1178 iustitiarum
648 1135 681 1190 »3
716 1113 798 1178 unde
821 1111 1055 1180 Deuteronocnii
1091 1109 1250 1196 trigesimo
1275 1109 1395 1196 primo:

441 1217 641 1304 «Postquam
659 1215 785 1300 scripsit
806 1217 926 1302 Moyses
941 1217 1039 1286 rerba
1061 1217 1152 1304 Legis
1172 1217 1272 1286 huius
1294 1217 1398 1286 1000-

435 1321 555 1390 lumine
577 1329 673 1408 atque
696 1323 876 1408 complevit,
906 1325 1065 1412 praecepit
1089 1323 1220 1404 Levitis,
1243 1325 1297 1410 qui
1323 1343 1398 1410 por-

435 1433 545 1498 tabant
565 1447 672 1496 arcam
695 1429 845 1512 foederis,
866 1433 990 1500 dicens:
1016 1433 1125 1499 Tollite
1157 1431 1275 1498 librum
1298 1431 1397 1498 istum

434 1545 468 1604 et
488 1535 596 1622 ponite
617 1535 651 1600 io
671 1535 771 1604 latere
791 1555 912 1604 areae»
932 1544 991 1605 etc.
1018 1537 1175 1622 Quidquid
1200 1537 1295 1622 igilur
1311 1539 1396 1622 11100-

434 1661 486 1710 ses
507 1639 650 1726 scripsit,
674 1649 726 1708 est
754 1643 987 1724 assentiente,
1013 1643 1083 1710 ideo
1105 1643 1295 1728 scripturam
1328 1643 1397 1712 eius

435 1757 586 1832 tanquam
612 1747 827 1816 authenticam
855 1755 1047 1836 proponunt.
1076 1787 1118 1798 -
1149 1751 1279 1834 Propter
1309 1749 1396 1836 quod

434 1853 598 1922 subditur:
612 1855 655 1948 ¹Si
670 1851 782 1942 frater
801 1857 948 1956 alicuius
970 1861 1124 1922 mortuas
1148 1853 1254 1942 feccrit
1274 1853 1396 1922 habeas

434 1981 587 2042 amaraco,
610 1969 641 2028 ct
662 1961 803 2030 hiccine
820 1963 931 2030 liberis
954 1961 1075 2050 faerit,
1099 1969 1137 2028 cct
1160 1961 1303 2046 accipiat
1321 1981 1395 2030 acm

432 2065 545 2154 freter
558 2069 630 2134 cias
648 2087 787 2136 cccccccccc
809 2077 840 2136 et
857 2069 989 2136 suecica
1004 2087 1111 2136 000000
1127 2067 1237 2156 fratri
1246 2087 1318 2134 sao.
1333 2069 1395 2136 lloo

434 2173 586 2242 scribitur
609 2175 844 2242 Deuteronomii
871 2175 1023 2260 vigesimo
1048 2175 1202 2260 quieter:
1231 2201 1248 2234 c
1265 2175 1395 2258 Quando

434 2279 647 2346 hahitaverint
668 2279 783 2348 iratres
813 2281 922 2360 simul,
947 2285 978 2348 et
1001 2297 1088 2348 unus
1109 2299 1152 2348 ex
1181 2279 1243 2346 illis
1274 2279 1395 2366 absque

433 2385 543 2454 liberis
563 2391 713 2454 mortuns
734 2385 849 2468 100011,
871 2405 958 2454 uxor
979 2387 1117 2454 defuncti
1143 2405 1205 2452 non
1228 2387 1328 2452 nuhct
1349 2387 1395 2452 al-

434 2493 513 2574 teri,
539 2493 594 2562 sed
613 2493 745 2578 accipiet
770 2513 837 2562 eam
869 2495 969 2562 irater
998 2495 1068 2562 eius
1099 2499 1130 2560 et
1160 2493 1325 2562 suscitabit
1346 2513 1395 2562 sc-

434 2621 507 2670 meu
532 2601 639 2668 fratris
666 2603 716 2670 sui
746 2609 780 2672 et
808 2601 1051 2690 primogenitum
1077 2621 1116 2670 en
1143 2621 1177 2670 ea
1206 2601 1305 2668 lilium
1338 2619 1395 2666 no-

434 2709 519 2774 mine
542 2707 651 2776 lratris
673 2707 722 2776 sui
744 2709 927 2796 appellabit,
960 2713 996 2774 01
1020 2727 1082 2776 000
1112 2707 1256 2776 deleatur
1280 2725 1394 2774 nomen

434 2815 503 2882 eius
528 2833 568 2882 ex
593 2817 684 2882 lsrael
703 2843 732 2882 c.

457 2967 459 2970 -
526 2921 578 2988 37.
602 2921 770 2990 litteratis
799 2929 906 2992 autem
941 2921 1022 2990 ratio
1052 2921 1151 2990 buius
1180 2927 1249 2988 erat
1280 2921 1319 3010 ad
1347 2921 1395 2986 l-

285 3043 348 3140 aclea
353 3041 418 3140 10000·
434 3025 567 3094 vendam
593 3027 755 3096 caritatem
773 3031 853 3098 inter
876 3029 1072 3116 propinquos
1092 3035 1122 3096 et
1150 3027 1395 3116 refrenandam³

290 3107 417 3206 biiicciii?
435 3131 638 3216 cupiditatem
667 3139 698 3200 et
722 3137 907 3202 serrandum
941 3135 1132 3200 fidelitatem.
1148 3139 1177 3200 et
1207 3151 1396 3202 conservan-

281 3255 424 3350 00001ἰο0
434 3235 507 3302 dam
533 3237 765 3320 generationem
788 3241 957 3306 carnalem.
982 3239 1160 3308 Secundum
1183 3239 1396 3326 spiritualem

286 3313 412 3364 smum
435 3339 670 3428 intelligentiam
699 3341 808 3428 frater
840 3351 949 3410 hoctar
982 3351 1030 3410 est
1060 3343 1221 3424 Christum
1255 3345 1396 3410 Cantico-

435 3465 508 3514 rum
526 3449 675 3516 octaroi:
698 3473 714 3506 c
729 3447 805 3530 Quis
830 3449 881 3516 det
898 3455 926 3516 te
953 3449 1028 3516 mihi
1047 3451 1177 3518 fratrem
1200 3467 1320 3530 000000,
1343 3469 1397 3518 su·-

434 3561 558 3642 gentem
576 3555 675 3622 ubera
699 3557 807 3622 matris
824 3573 939 3624 meae»
970 3563 1046 3634 etc.;
1064 3563 1095 3624 et
1109 3557 1269 3624 psalmus:
1291 3583 1306 3616 «
1319 3559 1397 3624 Nar-

434 3663 513 3730 rabo
536 3679 651 3728 nomen
672 3667 765 3730 tuum
794 3663 1049 3730 fratribuscneis
1067 3691 1097 3728 0.
1128 3665 1219 3728 Uror
1247 3665 1320 3730 ciac
1349 3671 1399 3732 est

434 3767 593 3866 Ecclesia3
631 3769 832 3856 Apocalypsis
868 3769 988 3838 decimo
1028 3789 1110 3836 nono
1126 3769 1157 3836 ⁵:
1195 3771 1398 3840 «Venerunt

433 3875 562 3962 nuptiae
597 3873 687 3962 igni,
724 3881 755 3942 et
778 3895 861 3944 ccxor
887 3875 955 3944 eius
987 3875 1186 3962 praepararit
1222 3893 1256 3944 se
1276 3905 1306 3944 c.
1343 3877 1398 3948 llio

433 3989 590 4052 mortuas
610 3977 660 4050 esc
688 3987 761 4052 ante
785 3983 924 4052 fidelium
956 3983 1211 4066 multitudinem,
1234 3985 1289 4072 qai
1323 3993 1398 4054 suut

432 4087 490 4156 lilii
515 4085 589 4168 Dei;
612 4087 734 4154 loannis
749 4087 867 4174 prium:
898 4115 913 4146 c
928 4085 1025 4154 Dedit
1036 4087 1083 4154 eis
1103 4093 1290 4172 potestatem
1316 4087 1398 4156 lilios

433 4193 489 4262 Dei
505 4193 603 4262 fieri»
623 4197 702 4272 etc,
719 4199 750 4260 et
767 4195 827 4262 hoc
842 4195 873 4260 in
895 4201 1020 4272 mortc;
1041 4193 1163 4262 loannis
1186 4193 1352 4262 undecimo
1364 4195 1396 4256 6:

439 4325 456 4358 «
473 4299 557 4366 lesus
578 4299 754 4394 moriturus
770 4305 839 4368 erat
859 4307 1041 4386 progente,
1058 4307 1090 4368 et
1104 4319 1166 4368 non
1192 4307 1315 4368 tantum
1339 4319 1398 4384 pro

433 4411 543 4494 gente,
568 4405 622 4474 sed
646 4409 681 4472 ut
704 4405 785 4476 filios
806 4405 879 4488 Dei,
904 4409 959 4494 qui
981 4413 1073 4474 erant
1094 4405 1242 4492 dispersi,
1268 4423 1398 4492 congre-

433 4521 523 4600 garet
538 4513 570 4580 in
594 4531 694 4582 unum
711 4539 741 4580 0.
759 4517 797 4582 Ut
812 4513 923 4604 pacm
941 4515 1038 4584 bilius
1053 4533 1189 4582 uxorem
1206 4513 1318 4600 accipit
1341 4513 1397 4598 qui

432 4619 514 4706 gerit
530 4621 682 4688 Ecclesiae
704 4637 828 4702 curam,
848 4641 909 4688 non
934 4627 971 4688 ut
992 4625 1122 4706 generet
1143 4619 1223 4688 filios
1240 4621 1396 4700 cameleo,

434 4727 488 4796 sed
513 4727 707 4812 spirituales,
734 4727 816 4796 sieut
839 4729 972 4808 Paulus3
1001 4727 1122 4814 primae
1153 4727 1192 4794 acl
1218 4725 1398 4794 Corinthios

433 4833 589 4918 quarto⁷:
617 4859 633 4892 c
651 4833 682 4898 ln
707 4831 831 4900 Christo
852 4833 921 4900 lesu
947 4849 1003 4916 per
1026 4831 1229 4916 Evangelium
1259 4849 1316 4916 ego
1340 4849 1397 4898 vos

434 4941 528 5026 genui
541 4967 571 5006 c.
591 4939 624 5006 Et
641 4941 700 5006 hos
716 4957 777 5008 non
792 4941 918 5008 nomine
934 4937 1080 5024 proprio,
1096 4937 1152 5004 sed
1165 4937 1291 5024 fratris
1303 4937 1397 5006 dehet

436 5047 609 5134 appellare,
627 5045 703 5134 quia
719 5063 780 5114 000
796 5047 828 5114 10
845 5047 970 5114 nomine
993 5063 1067 5126 suo,
1091 5045 1146 5112 sed
1167 5045 1283 5113 Christi
1304 5045 1396 5112 dehet

506 5503 516 5534 ²
536 5507 610 5558 Vers.
632 5507 675 5558 33.
695 5509 721 5558 et
738 5505 837 5558 deinde
855 5507 930 5558 Dent.
952 5507 999 5572 31,
1020 5505 1110 5558 21-26.

506 5591 517 5624 ²
536 5593 609 5646 Vere
631 5595 657 5648 5.
674 5599 702 5646 et
720 5593 748 5660 6,
769 5593 816 5648 ubi
835 5609 893 5660 pro.
905 5591 1015 5648 aocnicce
1038 5593 1197 5660 [ACDGH
1214 5609 1251 5648 cm
1275 5593 1397 5664 00000100]
1417 5591 1423 5602 “

433 5681 531 5750 fratris
548 5681 595 5736 sai
611 5681 671 5734 Vat.
694 5697 756 5736 cum
778 5685 891 5748 Vulgata
910 5681 1019 5738 ccaacioe
1036 5681 1120 5738 1111000.

508 5771 519 5800 ³
537 5771 621 5824 Codd.
641 5771 693 5824 nb
713 5771 913 5826 remerendam.
926 5771 1044 5826 Subinde
1065 5775 1122 5828 Vct.
1136 5773 1229 5828 omittit
1247 5777 1398 5828 01000000·-

401 5887 403 5892 v
434 5859 553 5916 00001000
573 5857 774 5928 peccaralioaem
791 5861 941 5916 carnalem.
1363 5873 1366 5878 ·

504 5947 517 5978 ⁴
536 5949 610 6002 Vers.
630 5949 655 6014 l,
674 5953 734 6014 post
752 5963 834 6018 quem
851 5951 894 6002 Pe.
913 5951 957 6014 21,
975 5951 1018 6004 23.

506 6035 518 6066 ⁵
536 6037 609 6092 Vers.
630 6037 655 6090 7.
673 6065 711 6076 -
729 6037 852 6104 Sequitur
865 6041 935 6092 loau.
956 6039 984 6102 l,
1007 6041 1045 6092 12.
1061 6067 1095 6080 --
1108 6041 1217 6096 lnlerins
1229 6043 1289 6106 post
1307 6037 1395 6092 chatti·

434 6125 553 6180 tccdiaem
573 6127 593 6178 Β
610 6125 684 6180 addit
703 6121 750 6180 cccc
769 6125 1029 6194 multiplicationem.

506 6209 518 6242 θ
537 6215 611 6266 Vere.
631 6213 672 6266 51.
694 6213 735 6264 52.
749 6215 883 6266 -Locus
896 6213 938 6266 hie
953 6215 1042 6268 saltem
1056 6215 1083 6266 in
1096 6217 1173 6268 codd.
1195 6219 1334 6280 corruptus
1346 6221 1395 6268 est.

433 6299 483 6354 AC
503 6315 519 6354 a
537 6299 627 6354 verbis
639 6299 702 6372 pieri
713 6303 760 6356 eto.
779 6317 864 6370 usque
877 6299 959 6358 haias
971 6315 1089 6358 amorem
1107 6287 1196 6356 onmia
1214 6305 1352 6366 omittunt3
1372 6303 1395 6356 D

434 6403 483 6454 pro
503 6393 528 6444 et
545 6389 596 6444 hoc
614 6389 644 6444 icc
661 6393 749 6444 morie
768 6389 846 6444 habet
864 6389 941 6446 boo...
962 6389 1104 6460 [verbum,
1124 6393 1198 6460 qood
1209 6391 1261 6456 legi
1274 6403 1328 6444 nou
1339 6395 1395 6456 pot·

434 6477 502 6548 esl],
523 6479 617 6532 deinde
638 6479 762 6534 accretas
779 6483 854 6534 lasus
869 6493 985 6548 passas,
1013 6485 1043 6536 at
1067 6481 1154 6550 frater
1172 6479 1275 6546 haias,·
1298 6479 1321 6530 G
1344 6479 1395 6534 hoc

434 6565 559 6620 iccccccc'trcr
573 6563 705 6622 100011.
719 6567 804 6622 secuti
825 6583 916 6622 sumus
928 6569 1072 6634 praecipue
1084 6569 1116 6632 B,
1136 6569 1182 6636 qui
1195 6575 1354 6620 tamencum
1373 6569 1395 6620 G

434 6667 483 6720 pro
497 6651 650 6708 morituras
668 6653 748 6708 habet
763 6669 915 6724 passerem,
937 6655 1035 6710 omisso
1054 6657 1233 6722 comproperat
1251 6653 1278 6710 icc
1298 6671 1394 6712 accam.

436 6745 471 6798 Ut
481 6743 579 6810 prater.
600 6743 658 6794 Vat.
671 6747 731 6806 post
743 6743 805 6810 pieri
817 6747 864 6798 etc.
879 6743 942 6808 legit
954 6743 1017 6810 lpcsa
1029 6741 1099 6796 caim
1109 6741 1231 6812 fideliam
1249 6743 1394 6800 acuititccdo

429 6845 482 6900 pe·
497 6833 612 6884 mortem
633 6825 734 6882 alac-cccc·
750 6833 915 6896 coccprepota
935 6833 987 6896 cst,
1001 6831 1032 6884 at
1043 6827 1152 6884 dicitur.
1169 6833 1201 6886 Et
1213 6839 1273 6896 post
1285 6845 1395 6904 conpre-

541 6935 572 6992 S.
589 6935 695 6992 Boreo.
707 6961 742 6974 -
758 6935 836 6988 Tam.
852 6935 907 6988 Vll.

2350 515 2414 578 513

1460 701 1513 752 eos
1535 681 1711 770 baptizare,
1733 679 1908 746 secuudum
1932 681 2012 748 illud
2034 685 2155 766 primae
2177 685 2216 752 ad
2240 687 2432 754 Corinthios.

1460 791 1580 878 primo:
1608 815 1626 848 c
1642 785 1788 874 Nunquid
1812 787 1926 854 Paulus
1951 789 2121 872 provehis
2144 791 2320 860 crucifixus
2341 797 2416 858 esti

1460 899 1520 962 hut
1541 895 1575 962 in
1597 893 1722 962 nomine
1745 895 1833 962 Pauli
1848 893 1995 980 baptizati
2016 893 2090 962 estis
2105 901 2146 958 »1
2163 895 2197 960 Ei
2219 904 2343 974 antem,
2361 897 2415 980 qui
2520 903 2523 912 ⁴

1460 1003 1521 1068 hoc
1542 1001 1670 1088 negligit
1691 1001 1840 1086 implere,
1863 999 1981 1084 imponi
2007 999 2097 1066 dehet
2121 1017 2220 1084 poena
2236 999 2415 1068 discalcea-

1460 1107 1572 1186 tiom's,
1594 1108 1769 1176 secundum
1790 1107 1868 1174 illud
1893 1103 2126 1174 Deuteronomii
2150 1105 2298 1190 vigesimo
2326 1107 2417 1190 quin-

1461 1217 1491 1278 to
1508 1211 1538 1280 ⁸:
1570 1239 1586 1274 c
1601 1213 1632 1280 Si
1655 1213 1870 1298 responderit:
1899 1213 1974 1280 Nolo
1998 1229 2067 1280 eam
2097 1227 2233 1278 uxorem
2258 1211 2415 1296 accipere

1460 1319 1586 1386 accedet
1606 1317 1722 1386 mulier
1745 1319 1784 1388 ad
1808 1337 1881 1388 eam
1912 1337 2019 1388 coram
2048 1317 2224 1386 senioribus
2256 1315 2363 1402 populi
2388 1323 2417 1382 et

1460 1425 1546 1492 tollet
1570 1425 1814 1494 calceamentum
1838 1427 1877 1492 de
1899 1427 1977 1512 pede
1999 1425 2067 1494 eius
2089 1433 2121 1492 et
2144 1427 2236 1508 spuet
2261 1421 2415 1496 infaciem

1459 1529 1527 1598 eius
1548 1537 1582 1598 et
1602 1531 1704 1598 dicet:
1727 1531 1777 1600 Sic
1799 1533 1854 1598 scot
1878 1533 2016 1612 homini,
2039 1533 2094 1618 qui
2119 1549 2181 1598 000
2205 1529 2347 1598 aedificat
2363 1529 2415 1596 do-

1459 1655 1545 1704 mum
1575 1637 1683 1704 fratris
1717 1637 1765 1702 sui
1784 1661 1819 1716 c;
1854 1637 1929 1720 quia
1963 1637 1991 1704 ei
2026 1637 2081 1722 qui
2114 1655 2177 1704 000
2212 1637 2280 1702 vult
2312 1653 2416 1704 semen

1459 1739 1575 1808 Christi
1609 1739 1779 1820 suscitare,
1812 1739 1904 1808 dehet
1938 1741 2057 1808 aulerci
2087 1741 2259 1810 auctoritas
2292 1739 2415 1826 praedi-

1460 1845 1566 1926 candi,
1591 1863 1671 1930 quae
1696 1843 1882 1928 intelligitur
1904 1863 1961 1930 per
1983 1847 2170 1916 ablationem
2197 1846 2414 1928 calceamenti,

1460 1953 1633 2020 secuudum
1656 1951 1733 2018 illud
1751 1951 1789 2018 ad
1808 1951 1958 2036 Ephesios
1973 1961 2065 2020 sexto
2078 1955 2103 2018 ⁰:
2135 1955 2295 2022 «Calceati
2323 1955 2416 2044 pedes

1459 2057 1489 2124 in
1522 2057 1792 2144 praeparationem
1825 2057 1979 2142 Evangelii
2009 2059 2140 2142 pacis».
2172 2063 2302 2144 Propter
2333 2063 2417 2146 quod

1458 2161 1692 2230 Deuteronomii
1715 2161 1865 2248 vigesimo
1883 2163 2032 2228 tertio10:
2056 2189 2072 2222 c
2087 2165 2152 2230 Non
2170 2165 2300 2232 intrabit
2318 2183 2417 2234 eunu-

1460 2267 1555 2348 0100,
1582 2267 1698 2336 attritis
1712 2269 1764 2336 vel
1784 2267 1955 2354 amputatis
1980 2267 2148 2348 testiculis,
2171 2269 2337 2336 Ecclesiam
2362 2275 2418 2338 Do·

1459 2375 1533 2440 mini
1546 2399 1579 2440 ».
1595 2375 1775 2458 Quocontra
1796 2373 1912 2442 dicitur
1928 2375 1967 2442 de
1982 2373 2060 2442 viris
2076 2373 2192 2442 sanctis
2213 2375 2415 2444 Ecclesiastici

1459 2479 1698 2564 quadragesimo
1720 2485 1851 2564 quarto:
1877 2479 1985 2546 «Cum
2012 2479 2129 2546 semiue
2151 2499 2262 2548 eorum
2293 2501 2417 2568 perma-

1457 2593 1533 2654 nent
1555 2587 1651 2666 hona,
1675 2587 1834 2654 hereditas
1856 2595 1964 2654 saneta
1985 2595 2115 2672 nepotes
2138 2607 2248 2654 eorum
2264 2615 2294 2654 c.

1547 2693 1599 2762 38.
1626 2693 1725 2776 (Vers.
1753 2695 1804 2762 211.
1823 2693 1875 2762 30.
1894 2693 1945 2760 al.
1970 2693 2046 2776 321.
2073 2693 2178 2760 Tertio
2201 2703 2352 2778 quantum
2378 2697 2415 2762 ad
2437 2711 2561 2788 00010

1459 2799 1686 2888 allegationem
1710 2801 1861 2886 ipsoram
1879 2799 2156 2866 introducendam
2174 2819 2290 2866 coccam
2312 2801 2416 2870 subdi·
2457 2777 2536 2810 Μ’

1459 2913 1530 2974 tur:
1555 2907 1680 2994 Septem
1704 2927 1779 2994 erpo
1799 2903 1926 2994 fratres
1950 2913 2061 2986 crocet,
2085 2913 2115 2972 ct
2136 2905 2269 2990 primas
2292 2907 2415 2994 occepit

1460 3033 1600 3098 acorem
1622 3021 1651 3082 el
1673 3023 1829 3080 cuorcaac
1843 3021 1891 3080 cst
1910 3011 1983 3080 siae
2006 3011 2094 3098 liiiio.
2114 3015 2154 3080 Et
2176 3031 2312 3100 sequeus
2327 3033 2418 3082 acce-

1456 3119 1510 3206 pit
1532 3119 1643 3200 iilam,
1666 3129 1696 3186 ct
1711 3119 1779 3206 ipse
1801 3127 1956 3188 mortuus
1979 3129 2027 3188 est
2048 3119 2119 3186 sicce
2141 3119 2218 3206 atio.
2237 3123 2277 3188 Et
2300 3123 2415 3188 tertias

1460 3225 1587 3312 accepit
1619 3225 1722 3292 iiiam.
1750 3223 1907 3292 Similiter
1938 3231 1965 3290 ct
1997 3243 2106 3290 ommes
2141 3233 2261 3310 septem
2291 3233 2320 3290 ct
2349 3245 2416 3294 00010

1460 3331 1665 3418 rciiqcccrcmt
1695 3351 1803 3398 sermea
1841 3337 1869 3396 ec
1903 3331 2030 3398 00000101
2063 3339 2149 3398 aaut.
2188 3329 2378 3398 ,1001001000
2393 3335 2419 3374 11

1460 3437 1609 3504 omnium
1641 3445 1776 3504 0000100
1808 3445 1854 3502 est
1877 3443 1905 3504 et
1935 3437 2194 3504 mellaridum
2223 3455 2310 3518 esse,
2333 3439 2418 3524 quod
2434 3455 2583 3532 cccccccccc

1457 3543 1520 3620 xhoc
1534 3543 1691 3628 lingerent
1706 3551 1854 3636 tanquam
1873 3543 2019 3628 possibile
2025 3569 2033 3624 ;
2047 3545 2132 3612 unde
2147 3545 2256 3612 Glosse
2264 3545 2307 3610 1²:
2329 3571 2343 3602 c
2358 3545 2417 3630 Qui
2473 3511 2542 3554 mu*

1460 3647 1724 3716 resurrectionem
1741 3665 1911 3734 corporum
1935 3667 1997 3714 non
2021 3647 2154 3716 eredunt
2169 3655 2201 3716 et
2222 3649 2343 3716 animas
2360 3669 2418 3734 pu-

1461 3757 1528 3820 tant
1548 3753 1681 3820 interire
1705 3771 1777 3820 cum
1800 3771 1933 3838 corpore
1950 3755 2180 3838 turpitudinem
2202 3755 2420 3824 1000100000-

1461 3859 1634 3948 fingunt»,
1655 3859 1782 3928 Talibus
1806 3861 1920 3928 iahulis
1944 3877 2056 3928 vacare
2078 3861 2177 3928 solent
2201 3861 2322 3942 ludaei;
2345 3881 2419 3948 pro-

1461 3973 1531 4052 pter
1555 3967 1641 4054 quod
1659 3965 1779 4052 primae
1804 3965 1842 4034 ecl
1867 3965 2065 4034 Timotheum
2087 3967 2191 4054 primo
2204 3967 2248 4034 13:
2276 3995 2292 4028 c
2307 3969 2421 4054 Rogavi

1461 4079 1509 4154 te,
1533 4079 1570 4140 ut
1586 4091 1767 4142 remaneres
1781 4073 1913 4160 Ephesi,
1938 4079 1974 4142 ut
1990 4075 2193 4144 denuntiares
2213 4073 2418 4160 quibusdam,

1460 4197 1500 4246 ne
1521 4179 1613 4274 aliter
1637 4181 1785 4248 docerent
1817 4199 1919 4268 neque
1943 4181 2141 4248 intenderent
2168 4181 2282 4248 ranulis
2314 4187 2343 4248 01
2369 4199 2421 4268 ge-

1460 4285 1609 4370 nealogiis
1634 4285 1854 4364 interminate,
1881 4305 1962 4370 quae
1985 4285 2185 4372 quaestiones
2207 4287 2307 4372 magis
2330 4305 2420 4370 prae-

1461 4395 1544 4458 stant
1568 4409 1661 4478 qnam
1678 4391 1923 4472 aedificationem
1940 4417 1970 4456 c.
1989 4429 2030 4440 -
2048 4391 2103 4460 Vel
2120 4391 2221 4478 potuit
2237 4409 2320 4472 esse,
2335 4395 2421 4478 quod
2440 4415 2479 4460 ra
2495 4417 2570 4466 000.

1460 4497 1602 4566 10001011
1634 4497 1672 4564 ad
1697 4499 1833 4566 litteram
1860 4503 1893 4566 et
1913 4497 2135 4566 introducatur
2165 4499 2216 4564 hic
2246 4499 2417 4568 secundum
2461 4509 2463 4512 ’

1460 4601 1585 4672 divinae
1607 4603 1813 4672 ordinationis
1839 4603 1987 4688 spiritum
2019 4609 2148 4688 propter
2172 4605 2317 4690 figuram.
2340 4607 2418 4674 Nam
2536 4689 2540 4696 ..

1460 4709 1684 4796 spiritualiter
1707 4727 1764 4796 per
1782 4709 1859 4778 istos
1883 4717 2017 4796 septem,
2034 4709 2088 4796 qui
2114 4709 2231 4778 mortui
2255 4717 2328 4778 sunt
2352 4711 2418 4778 sine
2439 4733 2505 4796 ¹olco
2519 4733 2562 4778 scu

1461 4817 1587 4898 liberis,
1601 4817 1788 4902 intelligitur
1805 4815 1996 4884 universitas
2019 4817 2247 4900 reproborum,
2270 4817 2325 4902 qni
2348 4817 2419 4884 nul·
2438 4791 2473 4828 ¹⁵¹¹
2488 4791 2577 4844 simi

1462 4925 1528 4990 lum
1543 4923 1684 4992 fructum
1701 4923 1917 5008 reliquerunt3
1935 4923 2196 4992 undeGlossa14:
2216 4949 2232 4982 c<
2250 4923 2283 4990 Hi
2299 4929 2420 5006 septem

1460 5047 1571 5096 omnes
1592 5027 1719 5116 reprobi
1744 5035 1833 5110 suut,
1849 5029 1993 5116 quitata
2009 5031 2068 5096 hac
2090 5029 2167 5108 rita,
2194 5049 2274 5114 quae
2300 5035 2417 5114 septem

1461 5511 1539 5576 paret
1553 5507 1581 5560 ia
1593 5519 1683 5562 00000000
1696 5507 1863 5574 prosequitur
1883 5507 2028 5576 Postqccam
2042 5519 2106 5576 erpo
2122 5505 2244 5562 0100101000
2253 5519 2354 5576 passos
2368 5513 2419 5576 ccl,

1460 5595 1545 5666 ipsius
1565 5609 1691 5652 acrorem.
1968 5593 1978 5624 ⁷
2000 5597 2073 5648 Eers.
2093 5597 2136 5648 15.
2154 5601 2181 5648 01
2198 5595 2311 5650 subinde
2330 5597 2355 5660 l,
2380 5599 2418 5652 l3.

1530 5681 1541 5714 ³
1562 5685 1638 5738 Vers.
1656 5687 1681 5738 8.
1701 5689 1725 5738 et
1740 5687 1764 5738 2.
1778 5687 1864 5738 -lle
1878 5699 1962 5750 poena
1975 5683 2190 5740 discalceatioais
2203 5681 2271 5752 (Vel.
2291 5689 2360 5738 hanc
2378 5701 2421 5740 ro·

1461 5789 1520 5828 cem
1538 5773 1647 5840 omittit)
1668 5777 1715 5828 010.
1735 5789 1817 5840 supra
1835 5789 1896 5840 pag.
1915 5773 1965 5836 79,
1985 5779 2044 5828 0010
2064 5775 2088 5826 5.

1531 5861 1639 5916 ⁹Vers.
1658 5863 1707 5926 15,
1725 5863 1772 5916 uhi
1797 5861 1894 5930 proin
1914 5861 2155 5930 praeparationem
2177 5863 2232 5932 (cir.
2256 5879 2334 5930 supra
2359 5875 2420 5930 pag.

1460 5951 1525 6016 397,
1537 5957 1599 6004 nola
1613 5949 1649 6018 5.)
1671 5951 1695 6002 H
1714 5963 1775 6004 com
1794 5951 1908 6014 Vulgata
1928 5951 1956 6004 icc
1969 5949 2192 6020 praeparat-icae.

1529 6037 1554 6070 ¹⁰
1572 6039 1698 6102 110001,
1715 6041 1759 6092 eui
1777 6037 1946 6104 subiungitur
1964 6039 2039 6092 Eecli.
2061 6039 2107 6104 11,
2128 6041 2169 6090 11.
2190 6053 2246 6106 seq.

1531 6127 1553 6160 ¹¹
1574 6129 1608 6180 lta
1629 6127 1707 6182 etiam
1725 6129 1797 6180 Beda
1811 6133 1835 6180 et
1847 6125 1924 6178 Card.
1944 6125 2020 6190 Hugo
2039 6125 2188 6192 (010111ον0.
2207 6127 2255 6192 12,
2274 6131 2341 6198 22.);
2362 6127 2418 6182 Vct.

1460 6231 1522 6270 0000
1540 6217 1653 6280 Vulgata
1672 6213 1833 6270 Novissime.

1530 6301 1676 6356 1250111001
1700 6299 1842 6356 ordinaria
1867 6301 1906 6368 (ex
1926 6299 2012 6366 Beda,
2029 6299 2076 6368 qui
2093 6301 2212 6368 sequitur
2237 6303 2358 6362 Hierum,
2383 6305 2421 6358 lll.

1459 6391 1606 6446 Conmrent.
1625 6393 1650 6446 in
1670 6393 1758 6446 llatlh.
1777 6395 1826 6456 22,
1844 6389 1888 6442 21.
1904 6389 2007 6456 seqq),
2024 6389 2052 6440 iu
2071 6403 2124 6458 qua
2142 6403 2193 6454 pro
2210 6401 2325 6458 corpore
2337 6395 2421 6448 tentus

1459 6481 1592 6548 originalis
1611 6479 1777 6552 corporibus.
1794 6509 1827 6522 .-
1841 6479 1968 6546 Superius
1981 6491 2028 6542 pro
2043 6481 2175 6548 tanquam
2184 6479 2310 6548 possibile
2322 6479 2342 6530 G
2363 6481 2423 6536 tacc-

1460 6581 1542 6636 qaam
1556 6569 1673 6638 fabam,
1695 6571 1752 6624 Vat.
1771 6573 1901 6640 tamquam
1920 6565 2070 6622 carrucio-ces.

1531 6655 1555 6688 ¹³
1574 6659 1649 6714 Vers.
1668 6661 1695 6714 3.
1715 6665 1742 6714 et
1761 6659 1785 6714 1.

1532 6745 1556 6780 ¹4
1575 6749 1676 6804 Scilicet
1694 6749 1836 6804 ordinaria
1857 6749 1898 6818 (er
1917 6743 1999 6812 Beda)
2014 6747 2084 6812 apud
2097 6749 2231 6812 Lyranum
2249 6749 2274 6800 in
2297 6751 2359 6802 Luc.
2374 6749 2420 6816 20,

1460 6837 1510 6902 28,
1534 6839 1561 6892 10
1585 6855 1639 6908 000
1664 6839 1717 6894 Cl]
1743 6839 1866 6894 omittunt
1891 6845 1993 6890 00000000.
2018 6835 2082 6890 lbid.
2113 6835 2201 6904 (etiam
2226 6839 2300 6902 apud
2324 6837 2421 6910 strab.)

2274 6943 2310 6994 65
