5908 8266
1066 567 1259 634 coutrcur.
1282 569 1322 636 nv
1344 533 1583 636 evtucnuuu
1606 561 1724 632 tunm
1750 557 1779 626 c.
1806 555 1854 624 xx

561 743 612 810 38.
640 735 733 810 Recte
754 743 846 808 eliam
876 769 893 802 c
906 761 964 828 per
984 741 1310 828 piscem-intelligitur
1329 741 1428 828 ides,

316 875 358 920 ner
372 869 453 926 pestem
472 847 552 914 sicul
576 847 651 914 dicit
669 847 861 932 Augustinus
875 851 898 926 ¹,
920 849 969 914 vel
986 853 1115 932 propter
1139 863 1253 930 aquam
1268 845 1429 930 baptismi,

327 925 449 1042 ξεῖῗῖῗηῖὲὧ
472 953 546 1038 θεῖε
569 953 600 1018 ῖε
631 953 727 1018 huius
759 951 872 1018 saeculi
898 953 1046 1018 flrrctlbus
1079 951 1155 1018 fides
1187 953 1308 1036 integra
1331 959 1379 1018 θεῖ
1394 975 1429 1030 »;

326 1029 447 1076 'mmmm'
473 1059 594 1144 primae
628 1059 748 1124 loannis
782 1057 910 1140 quinto:
941 1083 957 1114 «
980 1057 1058 1124 llaec
1090 1065 1139 1124 est
1167 1057 1317 1134 victoria,
1348 1073 1430 1140 quae

473 1163 568 1230 vincit
591 1163 765 1238 muudum,
788 1161 864 1228 fides
888 1169 994 1228 nostra
1012 1185 1044 1240 »3
1072 1169 1101 1228 et
1125 1163 1163 1228 ad
1193 1163 1347 1228 Hebraeos
1370 1179 1430 1228 uo-

472 1271 609 1336 decimo:
640 1295 655 1328 «
671 1271 728 1336 Per
752 1267 846 1334 fidem
869 1265 1015 1334 vicerunt
1036 1287 1134 1352 regua
1149 1295 1179 1334 i.
1206 1269 1275 1348 Vel,
1300 1277 1337 1336 ut
1355 1269 1431 1334 dicii

473 1375 588 1454 Beda2‚
616 1401 633 1432 a
650 1375 723 1460 quia
746 1375 840 1458 piscis
863 1375 922 1442 sub
948 1381 1128 1458 tegumento
1149 1391 1305 1458 aquarum
1331 1373 1431 1440 nasci-
1499 1415 1503 1422 ·

473 1487 541 1558 tur,
564 1481 643 1548 vivit
674 1487 708 1546 et
729 1479 843 1556 alilnr;
875 1477 918 1544 sic
956 1479 1030 1546 bdes
1064 1479 1205 1546 trahitur
1237 1481 1277 1548 de
1299 1481 1431 1548 occultis

386 1651 387 1654 ,
473 1583 646 1668 Scripturis
667 1592 699 1652 et
721 1585 759 1652 de
789 1585 921 1650 occultis
945 1593 991 1652 est
1022 1591 1052 1652 θῖ
1076 1586 1250 1664 occulta»;
1279 1587 1362 1652 uude
1393 1585 1431 1650 ad

473 1691 627 1756 Hebraeos
651 1691 835 1758 undecimo:
863 1715 879 1746 <r
893 1689 978 1756 Fides
1002 1697 1048 1758 est
1065 1691 1239 1758 substantia
1263 1689 1431 1774 speranda-

474 1813 545 1864 rum
579 1815 706 1876 rerum,
735 1805 960 1880 argumentum
990 1817 1052 1862 urin
1084 1797 1302 1882 apparentium
1328 1823 1359 1862 »,
1388 1833 1432 1844 -

479 1901 610 1982 «Huic,
630 1903 712 1970 sicut
733 1903 806 1970 dicit
833 1903 1059 1988 Augustinus³,
1084 1905 1263 1970 contrarius
1285 1913 1333 1970 θεῖ
1361 1925 1431 1970 cer-

471 2029 570 2096 pcns,
596 2011 667 2094 θεῖ,
692 2017 728 2076 nl
751 2027 812 2076 non
838 2009 1021 2076 crederetur
1044 2013 1125 2090 Deo,
1150 2027 1305 2078 venenosa
1322 2011 1431 2078 lcaude

474 2117 630 2202 persuasit
646 2141 675 2194 ›1;
707 2115 788 2182 unde
820 2113 1021 2180 Ecclesiastae
1050 2117 1188 2182 decimo:
1217 2141 1233 2174 <r
1250 2117 1308 2200 Qui
1340 2117 1431 2184 dissi-

473 2229 528 2310 pat
548 2239 703 2308 sepem»,
728 2219 760 2288 ld
787 2219 1070 2300 estpdolensiooem
1097 2239 1206 2288 sacrae
1231 2221 1431 2306 Scripturae,

479 2357 492 2386 a
511 2327 666 2394 mordebit
697 2345 770 2394 eurn
793 2323 969 2404 coluber»,
993 2325 1095 2392 idest
1125 2327 1290 2392 infidelitas
1314 2328 1432 2396 erroris

474 2429 627 2498 diabolici.

563 2539 615 2606 88.
635 2541 726 2606 Recte
740 2537 834 2606 etiam
851 2555 907 2622 pec
923 2555 1023 2604 eccm
1038 2537 1223 2630 intelligitur
1238 2531 1333 2624 spec,-
1348 2541 1431 2608 unde

332 2663 372 2706 nu
387 2673 448 2704 orum
476 2645 708 2732 ,luguslinusiz
737 2669 753 2702 r
772 2645 850 2728 Spes
866 2643 899 2708 in
920 2663 996 2722 eoo,
1021 2645 1095 2730 quia
1111 2649 1173 2710 vita
1198 2645 1274 2732 pulli
1292 2649 1431 2738 noudum

318 2725 456 2864 θῗῖῗιῗῖοἷῖἷο
474 2759 539 2834 θεῖ,
561 2753 612 2822 sed
638 2753 746 2822 lutura
763 2759 824 2832 est,
841 2771 898 2818 nec
921 2751 982 2818 iam
998 2753 1141 2834 videtur,
1166 2753 1218 2820 sed
1242 2753 1346 2822 adbuc
1362 2773 1433 2840 spe-

339 2829 453 2876 ΝΜ
475 2869 576 2928 rattrr.
602 2859 679 2944 Spes
711 2857 816 2936 enim,
842 2877 924 2946 qaue
955 2857 1103 2936 videtur,
1128 2879 1195 2924 nen
1225 2867 1272 2924 θεῖ
1301 2879 1375 2944 apes
1399 2885 1431 2938 i,

475 2967 555 3034 sicut
578 2965 694 3032 dicitur
718 2965 756 3032 ad
774 2967 924 3032 Romanos
948 2973 1071 3044 octava
1088 2973 1118 3032 et
1143 2965 1217 3050 qnia
1232 2965 1264 3032 iu
1286 2983 1347 3036 ovo
1363 2967 1433 3050 pal-

476 3077 527 3140 lus
555 3081 603 3140 est
634 3073 833 3158 imperfecte,
863 3071 916 3158 qui
950 3071 1026 3138 dum
1058 3071 1239 3158 perficitur,
1274 3081 1352 3140 testa
1382 3073 1446 3140 ovi.

475 3179 651 3264 lrangitur3
685 3181 729 3248 sio
766 3179 830 3264 spei
865 3179 1005 3246 succedit
1037 3179 1240 3248 beatitudinis
1263 3179 1431 3268 perlecti03

475 3285 558 3352 unde
583 3287 702 3370 primae
731 3285 771 3352 ad
793 3285 971 3352 Corintbios
1000 3287 1119 3354 decimo
1151 3289 1286 3354 tertioi:
1318 3287 1431 3354 «Cum

474 3393 713 3476 venerit-quod
745 3391 918 3476 perlectum
944 3399 1005 3472 cst,
1036 3393 1241 3458 evacuabitur
1276 3395 1359 3478 quod
1392 3413 1431 3460 ex

476 3503 563 3584 [tarto
588 3503 635 3564 est
652 3527 679 3562 l),
697 3537 740 3548 -
763 3497 886 3576 «linio,
910 3505 946 3564 ut
962 3499 1035 3566 dicit
1058 3501 1285 3582 augustinum,
1310 3507 1433 3568 contra-

475 3605 543 3670 rius
565 3611 612 3668 esi
635 3605 766 3690 scorpio
782 3629 813 3680 a,
839 3603 931 3670 idest
956 3605 1158 3690 desperatiO,
1183 3623 1265 3691 quae
1287 3607 1358 3672 lacit
1384 3623 1433 3672 re-

475 3717 613 3776 trorsum
649 3711 803 3794 respicere
833 3715 925 3776 etex
951 3709 1002 3774 illa
1027 3717 1113 3794 parte
1145 3717 1243 3776 nocet.
1274 3711 1434 3794 «Scorpio

441 3877 443 3880 .
475 3815 558 3882 enirn
583 3833 623 3882 ex
648 3833 682 3882 ea
709 3815 977 3900 partecavendus
992 3821 1056 3892 est,
1082 3832 1175 3897 quarn
1204 3823 1385 3882 venenatam
1403 3821 1434 3880 θῖ

475 3921 647 3986 aculeatam
672 3931 849 3988 retrorsum
866 3921 962 3986 babet
976 3945 1008 3998 ³³3
1032 3919 1113 3986 unde
1135 3921 1187 4006 θεῖ
1213 3921 1358 3986 nititura
1379 3937 1434 4004 spe

475 4027 556 4094 vitae
581 4025 765 4094 subvertere
795 4025 938 4110 scorpius
969 4033 1036 4106 est;
1070 4025 1153 4094 vinde
1187 4025 1355 4094 Exechielis
1388 4043 1434 4092 εθ-

475 4133 620 4202 anneot:
652 4133 893 4200 «subversores
912 4139 986 4196 sunt
1010 4139 1128 4210 tecum,
1150 4139 1272 4198 etcum
1296 4133 1435 4216 scorpio-

546 4463 555 4496 ¹
576 4469 636 4518 Luc.
656 4465 697 4518 cit.
717 4467 813 4518 Toxlus
838 4465 972 4530 originalis
989 4463 1027 4532 (el
1044 4463 1112 4526 Vati
1139 4467 1210 4518 voci.
1223 4465 1287 4534 quin
1310 4467 1433 4532 praefigit

477 4553 526 4618 ccl,
539 4559 564 4604 et
583 4553 676 4606 omittit
695 4567 755 4606 cum
777 4553 853 4604 codd.
871 4553 946 4622 fides.
966 4553 1016 4606 Clr.
1036 4555 1062 4604 ll.
1082 4553 1131 4620 Qq.
1158 4555 1323 4618 Evangelior.
1343 4569 1371 4620 q.
1391 4557 1431 4606 Ξῖ.

476 4643 558 4694 Serm.
581 4641 641 4694 tlte.
662 4641 733 4710 (alias
752 4643 795 4692 28.
814 4643 848 4694 de
867 4639 963 4694 Verbis
981 4643 1098 4706 Domini)
1118 4655 1143 4694 c.
1157 4643 1179 4694 l.
1201 4659 1224 4694 n.
1244 4645 1274 4694 6:
1294 4643 1359 4694 Dixit
1379 4643 1434 4710 qui·

474 4733 537 4808 clam
556 4733 679 4796 Sanctus,
700 4739 726 4784 et
743 4745 792 4784 nos
804 4731 893 4784 dicere
911 4731 1034 4784 delectat:
1052 4731 1133 4784 Piscis
1148 4731 1231 4784 bonus
1250 4733 1293 4796 pia
1307 4739 1346 4784 ost
1358 4731 1431 4784 fides.

476 4821 548 4874 Vivit
564 4823 631 4875 inter
651 4825 743 4874 littctus
763 4835 810 4872 nec
830 4823 957 4886 lrangitur
974 4829 1020 4874 aut
1040 4817 1151 4874 solvitur
1163 4821 1293 4874 liuctibus.
1315 4821 1386 4874 Vivit
1398 4821 1434 4872 io-

476 4917 514 4964 ter
534 4913 687 4964 tentationes
713 4917 932 4978 tempestatesque
953 4911 1030 4964 buius
1053 4911 1150 4962 saeculi
1173 4913 1217 4976 piu
1242 4911 1326 4976 ildes;
1350 4911 1434 4964 suerit

476 5001 604 5066 muudus,
622 5009 649 5054 et
665 5003 767 5066 integra
786 5005 834 5052 est.
851 5029 885 5038 -
901 4999 1017 5052 Subinde
1035 4999 1176 5064 allegantur
1198 4999 1216 5052 l.
1232 4999 1300 5050 loau.
1322 4997 1350 5066 5,
1371 4999 1396 5052 t.
1409 5005 1434 5052 et

476 5089 555 5144 liebr.
576 5091 620 5154 tl,
640 5093 682 5144 33.
1121 5107 1122 5110 ¹

546 5175 556 5206 ²
577 5177 647 5230 Libr.
668 5181 694 5230 ll.
715 5177 806 5230 Homil.
820 5183 881 5230 secl.
899 5181 921 5228 l.
940 5177 1029 5230 homil.
1043 5179 1071 5246 8.
1088 5177 1112 5228 in
1127 5177 1223 5230 Litonia
1240 5177 1353 5228 maiore:
1367 5177 1434 5242 Quo·

476 5269 555 5322 modu
575 5269 645 5320 enirn
665 5269 741 5334 piscis
761 5267 811 5322 sub
831 5273 963 5332 tegmento
976 5281 1104 5336 aquarum
1124 5267 1251 5328 nascitur,
1272 5267 1337 5318 vivit
1355 5273 1381 5318 et
1394 5267 1435 5318 ali-

474 5363 531 5426 tur,
549 5357 587 5410 sic
605 5363 629 5410 et
644 5359 721 5424 lidos,
734 5371 802 5426 quae
821 5357 848 5408 in
866 5357 951 5410 Deum
971 5365 1020 5422 θεῖ,
1038 5371 1107 5424 quae
1125 5357 1230 5410 alterius
1247 5355 1318 5408 tritae
1338 5355 1434 5420 gaudia

476 5461 524 5514 per
542 5447 654 5500 lamenta
673 5447 818 5512 praeseutia
839 5447 966 5514 fletusque
983 5447 1107 5514 requirit,
1127 5445 1290 5498 invisibiliter
1310 5445 1336 5498 in
1354 5445 1434 5498 corde

476 5537 606 5602 gignitur,
626 5537 746 5590 invisibili
767 5537 849 5600 gratia
875 5537 985 5600 Spiritus
1005 5549 1051 5602 per
1070 5549 1167 5600 aquarn
1194 5533 1356 5600 baptismatis
1376 5549 1434 5588 con·

476 5631 594 5678 secratur
605 5633 654 5678 etc.
668 5625 718 5678 Cli.
731 5625 769 5678 tu.
783 5627 807 5676 iu
821 5627 882 5678 Luc.
899 5627 908 5674 l
917 5627 939 5686 l,
956 5627 965 5676 l
977 5629 999 5676 l:
1014 5625 1094 5676 Piscis
1106 5633 1146 5676 est
1158 5623 1223 5676 fides
1236 5621 1433 5674 invisibilium...

476 5715 517 5764 vel
536 5715 650 5780 quiade
676 5711 851 5766 invisibilibus
875 5713 938 5766 locis
964 5713 1072 5776 capitur.
1092 5713 1180 5762 Glossa
1206 5709 1389 5764 interlinearis
1408 5709 1433 5762 in

476 5799 576 5854 llettlte
590 5803 618 5864 7,
647 5803 690 5852 lb:
719 5803 774 5852 Aut
794 5799 820 5852 si
839 5799 957 5868 piscem,
983 5801 1138 5852 invisibilem
1164 5801 1243 5852 iidem
1264 5795 1328 5852 intra
1350 5813 1434 5864 aquas

416 5917 417 5920 =
474 5889 624 5952 Scripturas
644 5889 795 5940 latitantem.
806 5913 843 5926 -
855 5887 978 5954 Sequitur
994 5883 1072 5938 tlebc.
1088 5888 1134 5950 ll,
1150 5889 1172 5938 l.
1185 5915 1221 5926 -
1234 5887 1361 5954 Superius
1374 5897 1434 5952 post

474 5975 540 6044 θεῖε
560 5979 616 6026 Vat.
634 5975 709 6026 addit
726 5975 802 6036 siccut.

545 6059 556 6092 ³
575 6065 654 6128 Epist.
676 6065 734 6116 1130.
755 6063 830 6130 (allas
849 6063 919 6130 tel.)
935 6077 959 6116 c.
979 6065 1002 6116 8.
1022 6079 1045 6116 n.
1067 6065 1108 6116 lli.
1122 6093 1158 6104 -
1170 6063 1288 6116 Subinde
1306 6065 1434 6128 allegator

476 6155 558 6208 Eccle.
578 6155 623 6218 lli,
644 6155 668 6206 8.

471 6285 472 6288 ,
545 6241 556 6272 ⁴
575 6245 636 6296 Loc.
656 6241 698 6296 cit.
718 6245 743 6294 ln
764 6239 813 6290 bne
834 6239 912 6292 buius
928 6241 1072 6292 settleutiae
1090 6243 1218 6306 allegatur
1235 6243 1312 6292 Rom.
1334 6243 1362 6308 8,
1388 6239 1432 6304 bi,

476 6331 523 6384 ubi
540 6339 600 6398 post
617 6345 673 6386 uon
691 6335 731 6384 cst
747 6327 890 6380 ACDFG
909 6329 1033 6380 omittunt
1049 6343 1116 6398 spes.

546 6417 557 6446 ⁸
577 6421 651 6472 Vers.
672 6419 714 6470 ltt.
731 6445 768 6458 --
786 6415 909 6482 August,
927 6419 957 6468 tt.
976 6417 1023 6482 Qq.
1038 6417 1203 6480 Evangelior.
1223 6431 1249 6480 q.
1270 6419 1321 6466 aa:
1340 6419 1365 6468 ln
1381 6429 1433 6468 ovo

474 6507 625 6570 intelligitur
644 6521 705 6572 spes
712 6527 719 6570 t
737 6519 818 6558 orrum
844 6503 914 6558 euim
937 6505 1055 6558 nondum
1076 6513 1114 6558 est
1133 6507 1200 6556 setus
1223 6507 1368 6568 perlectus,
1387 6503 1433 6556 sed

476 6593 589 6646 fovendo
607 6601 735 6658 speratur.

547 6677 558 6710 ⁶
578 6683 657 6748 Epist.
677 6683 735 6734 ῖ3ῖῖ.
755 6679 831 6748 (θῖῖεε
857 6681 937 6750 tet).
950 6695 974 6734 c.
995 6681 1021 6734 8.
1044 6695 1074 6734 ε.
1093 6681 1139 6734 lii:
1158 6677 1206 6734 Cui
1224 6679 1370 6732 contrarius
1396 6683 1434 6732 est

474 6769 608 6836 scorpius,
626 6773 751 6836 quoniam
772 6769 817 6836 qul
836 6773 924 6836 sperat
941 6779 1074 6824 aeternam
1094 6771 1174 6824 vitam
1189 6781 1258 6836 qaue
1276 6771 1350 6822 retra
1368 6771 1435 6822 suoi

475 6857 641 6914 obliviscitur
660 6863 684 6914 cl
703 6859 731 6914 in
747 6859 889 6914 anteriora
907 6873 934 6914 ce
954 6857 1072 6914 retrudit
1094 6859 1171 6930 [Pbil.
1190 6857 1220 6926 3,
1239 6857 1308 6926 l3.];
1329 6857 1369 6912 cul
1391 6873 1433 6910 no

2391 555 2456 620 287

1493 743 1587 810 nibus
1610 741 1733 806 babilas
1750 765 1779 802 a.
1797 759 1839 784 -—
1859 733 1908 800 Est
1934 729 2028 818 igilur
2053 733 2169 798 sotsac
2193 729 2278 798 verbi
2306 731 2454 818 propositi
2475 747 2611 794 stanuum.

1492 845 1698 932 spiritantia,
1722 843 1808 932 quod
1831 841 1861 908 si
1881 839 1953 926 quis
1967 845 2054 924 pelet
2076 857 2188 924 panem
2210 839 2367 908 caritatis
2387 839 2455 926 Spi-

1494 953 1576 1022 ritus
1598 953 1716 1030 sancti,
1740 951 1857 1038 piscem
1880 947 1958 1036 adet
1971 955 2004 1014 et
2019 965 2115 1016 ovum
2142 947 2231 1032 spei,
2249 965 2310 1012 non
2325 947 2412 1014 dabit
2428 947 2454 1014 ei

1493 1059 1594 1138 Dens,
1620 1061 1714 1124 immo
1739 1057 1910 1124 removebit
1931 1054 1969 1122 ab
1986 1073 2037 1134 eo,
2057 1055 2188 1142 lapidem
2204 1055 2454 1134 obdurationis,

1494 1171 1670 1248 serpentem
1687 1163 1890 1246 infidelitatis
1901 1169 1933 1230 et
1946 1163 2103 1248 scorpium
2113 1161 2456 1250 desperationisque

1493 1287 1550 1354 per
1574 1271 1714 1336 divinum
1739 1271 1932 1336 adiutorium
1955 1269 2142 1356 elongantur
2164 1289 2184 1338 a
2206 1269 2282 1338 tricis
2308 1269 2432 1338 sanclis.

1584 1373 1638 1442 3lt.
1654 1377 1757 1460 (Vero.
1776 1377 1851 1458 l3.).
1871 1375 1908 1442 Si
1923 1395 2001 1462 ergo
2016 1395 2088 1456 coc,
2114 1397 2191 1442 carn
2209 1375 2283 1442 silis
2299 1377 2382 1442 muli
2395 1382 2454 1442 etc.
2474 1385 2622 1486 Siiissffflia‘ii

1495 1481 1661 1564 Postquam
1695 1481 1858 1566 proposuit
1889 1481 2105 1550 liberalitatem
2135 1481 2166 1548 in
2199 1493 2288 1568 patre
2321 1481 2455 1562 carnali,
2490 1495 2560 1556 ratris,
2576 1493 2625 1548 sni·

2489 1547 2580 1590 niualis.

1494 1585 1652 1652 concludit
1676 1605 1699 1652 a
1720 1587 1846 1652 minori
1870 1587 1900 1652 ln
1925 1589 2027 1652 Putre
2047 1587 2229 1670 spirituaii.
2256 1587 2283 1652 Si
2303 1587 2385 1654 enim
2401 1587 2457 1652 bo·

1495 1709 1572 1756 num
1605 1697 1653 1756 est
1690 1689 1984 1758 communicativum
2004 1693 2034 1772 ⁸,
2052 1693 2169 1778 *magis
2203 1695 2322 1762 bonum
2358 1691 2456 1778 magis

1495 1799 1813 1876 communicativum,
1839 1804 1872 1864 et
1895 1799 2033 1864 maxime
2058 1799 2175 1868 bonnm
2207 1799 2344 1868 maxime
2370 1817 2454 1868 corn-

1496 1905 1731 1972 municativum.
1759 1903 1785 1970 Si
1813 1923 1888 1988 ergo
1910 1905 2045 1972 carnalis
2069 1915 2156 1990 pater
2174 1907 2289 1974 bonum
2315 1925 2456 1974 commu·

1495 2011 1578 2078 ni'cat
1600 2009 1664 2076 lilio
1683 2009 1817 2094 pelenti,
1832 2011 1934 2076 mvtllo
1956 2009 2070 2076 lortius
2084 2011 2226 2078 caelestis
2252 2011 2368 2076 bomini
2384 2029 2457 2096 sup-

1496 2115 1633 2200 plicanti.
1651 2117 1686 2180 Et
1704 2115 1762 2182 boc
1777 2117 1923 2198 estquod
1941 2115 2031 2182 dicit:
2051 2115 2088 2182 Si
2102 2135 2181 2202 erpo
2197 2135 2271 2192 tros,
2290 2135 2367 2180 cum
2381 2117 2455 2180 aitis

1495 2223 1596 2300 rituli,
1619 2223 1723 2290 coacta
1749 2223 1833 2288 bonu
1856 2225 1941 2288 duta
1962 2223 2046 2288 dure
2069 2219 2148 2306 alta
2174 2219 2301 2288 cestria.
2326 2221 2453 2288 Beda⁹:

1502 2357 1518 2390 «
1533 2329 1639 2396 Molos
1662 2337 1752 2396 vocat
1772 2329 1899 2396 soeculi
1922 2339 2089 2420 ulnutorec
2107 2357 2137 2408 »3
2162 2329 2194 2396 bi
2217 2333 2323 2396 autem
2352 2327 2455 2412 dupli-
2469 2337 2624 2456 ltagiosiffiglgei

1496 2435 1575 2502 citer
1596 2435 1668 2501 mali
1695 2441 1769 2502 sunt
1790 2435 1907 2502 malitia
1928 2437 2054 2522 culpam
2078 2435 2151 2520 quia
2168 2433 2373 2502 Ecclesiastici
2396 2453 2456 2498 un·
2481 2447 2604 2502 contrier-

1495 2543 1671 2610 decimali:
1703 2567 1719 2600 a
1735 2543 1765 2608 Si
1788 2543 1877 2610 dives
1898 2527 2014 2622 fueris,
2032 2561 2092 2608 non
2110 2543 2173 2634 eris
2197 2539 2343 2608 immunis
2369 2537 2457 2606 ade·

1497 2649 1570 2715 licto
1584 2671 1620 2726 »3
1652 2655 1684 2714 et
1715 2649 1923 2734 augustinus:
1954 2649 2092 2716 «Omnis
2125 2649 2210 2716 dives
2234 2651 2288 2714 aut
2320 2655 2367 2714 est
2396 2645 2455 2713 ini-

1496 2773 1593 2840 quus,
1617 2761 1672 2820 aut
1697 2754 1788 2822 bores
1812 2753 1909 2840 iniqui
1931 2783 1961 2820 x.
1980 2795 2020 2806 —
2036 2755 2111 2834 Vol,
2136 2755 2250 2822 mulos
2266 2758 2354 2820 vocal
2372 2753 2454 2838 ipsos

1498 2857 1685 2942 Apostolos,
1709 2859 1764 2942 θεῖ
1792 2859 2023 2942 comparatione
2051 2859 2173 2926 divinae
2199 2859 2343 2928 bonitalis
2374 2857 2457 2924 ciculi

1496 2963 1666 3042 dicuutur;
1694 2963 1776 3032 unde
1799 2965 1892 3032 biarci
1916 2965 2035 3032 decimo
2055 2968 2097 3032 1¹:
2129 2969 2256 3032 «Nemo
2278 2965 2380 3032 bouus
2394 2965 2454 3032 uisi

1497 3073 1584 3140 solus
1610 3071 1695 3140 Deus
1710 3097 1746 3148 »;
1770 3079 1800 3140 el
1833 3073 1927 3140 Isaiae
1958 3075 2152 3158 sexagesimo
2181 3077 2312 3160 quarto:
2341 3071 2455 3140 «Facti

1497 3197 1607 3248 sumus
1640 3185 1677 3246 εῖ
1707 3179 1889 3246 immundus
1916 3197 2024 3248 omnes
2056 3199 2133 3262 nos,
2161 3179 2299 3248 iustitiae
2330 3185 2454 3248 nostrae

1497 3287 1580 3354 sicut
1601 3303 1722 3368 pannus
1748 3293 1986 3354 menstruatae»
2001 3313 2008 3368 ;
2024 3293 2056 3352 et
2080 3288 2132 3356 lob
2150 3287 2300 3374 vigesimo
2323 3287 2454 3372 quinio:

1503 3419 1519 3452 «
1535 3392 1647 3458 Stellae
1661 3411 1722 3458 non
1741 3397 1815 3458 sunt
1839 3393 1972 3458 rnuudae
1990 3395 2021 3458 in
2044 3403 2210 3480 conspectu
2229 3395 2313 3474 etus,
2336 3401 2455 3478 quanto

1497 3499 1596 3584 magis
1620 3499 1713 3564 bento
1730 3525 1746 3554 ε
1767 3505 1825 3564 θῖε.
1842 3497 1928 3564 Urtde
1944 3499 2114 3584 Gregorius
2128 3503 2170 3566 12:
2195 3503 2320 3584 «Saepe
2334 3499 2454 3568 iustitia

1497 3613 1621 3682 nostra,
1646 3603 1683 3668 ad
1705 3623 1836 3670 examen
1860 3605 1982 3672 divinae
2008 3609 2142 3674 institiae
2156 3609 2309 3688 deducta,
2332 3607 2457 3674 iniusti-

1498 3711 1539 3776 tia
1565 3717 1629 3788 est,
1652 3719 1683 3776 et
1707 3711 1812 3776 sordet
1829 3711 1858 3774 in
1877 3711 2069 3778 districtione
2090 3713 2202 3780 iudicis
2225 3713 2310 3800 quod
2333 3713 2364 3776 in
2381 3731 2455 3778 ocu-

1498 3815 1536 3882 lis
1551 3815 1650 3900 iulget
1667 3815 1873 3900 operantis».
1892 3855 1931 3864 -
1951 3817 2019 3896 Vel,
2036 3819 2121 3884 ntuli
2135 3827 2223 3884 erant
2242 3825 2369 3904 propter
2382 3837 2455 3902 pcc·
2499 3863 2500 3866 ,

1498 3929 1575 3986 catu
1591 3921 1752 3998 actitatio,
1769 3919 1835 3986 sine
1850 3921 1967 4010 quibus
1988 3941 2048 3988 non
2066 3925 2193 3992 ducitur
2209 3941 2357 4008 praesens
2375 3923 2454 4002 vita;

1497 4025 1582 4094 unde
1597 4025 1713 4092 dicitur
1724 4025 1764 4092 ad
1779 4025 1929 4110 Ephesios
1946 4027 2055 4112 quinto
2069 4031 2109 4094 ¹³:
2135 4055 2149 4088 «
2166 4031 2361 4096 Redimentes
2378 4037 2456 4096 tem·

1498 4151 1576 4216 puS,
1600 4135 1749 4218 qnoniam
1766 4133 1831 4198 dies
1847 4133 1918 4198 mali
1937 4143 2011 4202 sunt
2023 4161 2059 4214 »ς
2076 4139 2163 4222 θεῖε,
2183 4137 2353 4204 secundum
2373 4137 2456 4222 quod

1495 4469 1567 4520 xlum
1586 4473 1626 4518 est
1649 4473 1719 4520 retro
1744 4465 1890 4532 respicere,
1913 4465 2034 4530 scorpius
2060 4471 2147 4520 aulem
2166 4481 2199 4520 ex
2221 4481 2253 4520 eo
2271 4471 2346 4530 parte
2365 4481 2457 4520 caven·

1496 4557 1546 4606 clus
1566 4561 1614 4608 etc.
2151 4609 2152 4612 ,

1568 4641 1578 4672 ⁷
1598 4645 1671 4698 Vers.
1700 4645 1723 4696 6.
1743 4671 1778 4682 -
1797 4643 1905 4696 interius
1919 4645 1977 4696 Vei.
1991 4643 2085 4698 omittit
2103 4643 2221 4714 Spiritus
2242 4643 2340 4710 εεεεῖῖ,
2363 4649 2388 4694 et
2406 4657 2456 4708 pro

1497 4747 1551 4786 noa
1571 4733 1646 4788 dabit
1661 4733 1687 4788 ci
1705 4733 1788 4798 Daris,
1809 4731 1892 4786 immo
1909 4731 2055 4786 removebit
2074 4735 2145 4800 ponit
2162 4731 2235 4786 dubit
2255 4733 2278 4784 ri
2295 4733 2367 4786 neas
2381 4735 2405 4784 et
2416 4745 2457 4786 re·

1496 4819 1623 4886 monebit,
1646 4823 1665 4874 Β
1685 4819 1759 4874 drtbil
1775 4819 1800 4874 ci
1821 4823 1902 4886 Deus,
1918 4823 1946 4874 et
1956 4833 2011 4874 nen
2023 4819 2113 4874 scium
2127 4821 2190 4886 boc,
2204 4819 2285 4874 immo
2299 4817 2452 4874 curneoebit.

1569 4907 1650 4962 8ῖῖῖε
1670 4911 1788 4974 Dionys,
1809 4909 1842 4964 de
1861 4909 1968 4964 Caelesti
1988 4909 2120 4962 Hiereccb.
2141 4923 2163 4962 c.
2185 4907 2243 4976 bg
2267 4911 2285 4958 Ι.
2306 4907 2378 4960 etde
2396 4908 2455 4960 [liv.

1497 5001 1574 5052 Num.
1593 5013 1615 5052 c.
1637 4999 1659 5052 i.
1680 4999 1697 5066 S
1717 5001 1740 5050 l.
1761 5015 1815 5066 seq.
1832 5027 1870 5038 -
1889 4999 1997 5052 interius
2016 4997 2128 5052 vocibus
2146 4997 2231 5054 multo
2251 4997 2350 5066 fortius
2371 4997 2456 5050 ACD

1497 5089 1550 5140 Fe
1571 5089 1719 5154 praefigunt
1736 5091 1768 5142 ci.

1569 5173 1580 5204 ⁹
1598 5177 1668 5230 Libr.
1689 5179 1725 5230 ltl.
1739 5177 1764 5228 in
1782 5179 1845 5230 Luc.
1863 5177 1905 5240 ll,
1926 5177 1971 5230 l8:
1991 5177 2132 5244 Quomodo
2150 5177 2285 5228 meliciani
2300 5173 2385 5228 bonai
2404 5175 2457 5228 Sed

1499 5267 1582 5318 malos
1599 5267 1742 5332 appellavit
1767 5267 1903 5318 dilectores
1928 5267 2016 5320 adbuc
2030 5263 2129 5320 'saeculi
2151 5267 2229 5318 bttins
2258 5269 2281 5316 ei
2307 5269 2457 5330 percuteres
2548 5269 2550 5274 “

1499 5355 1545 5422 (ex
1565 5357 1689 5420 stigma,
1710 5359 1735 5408 lt.
1755 5357 1788 5408 de
1807 5359 1890 5408 serm.
1910 5355 2013 5408 Domini
2028 5357 2055 5408 in
2075 5361 2173 5418 monte,
2194 5369 2216 5408 c.
2236 5355 2277 5406 el.
2297 5369 2325 5406 n.
2341 5351 2405 5420 78).

1572 5441 1593 5474 ¹⁰
1612 5447 1686 5498 Vers.
1705 5447 1743 5496 ill.
1758 5445 1839 5498 -De
1851 5445 1976 5497 sententia
1992 5447 2101 5510 august.
2124 5447 2168 5496 clr.
2183 5447 2298 5496 Enarrat.
2312 5443 2337 5494 in
2356 5441 2398 5494 Ps.
2415 5441 2458 5492 ta.

1497 5547 1576 5586 serm.
1598 5532 1621 5584 l.
1642 5549 1666 5584 n.
1688 5535 1732 5586 ta:
1751 5535 1800 5586 Fac
1821 5533 1867 5586 tibi
1886 5533 1985 5588 arnicas
2000 5531 2030 5586 de
2042 5543 2201 5586 mammona
2213 5523 2362 5600 iniquitatis
2381 5529 2457 5598 [Luc.

1498 5625 1543 5690 td,
1564 5621 1610 5692 9,].
1630 5625 1749 5676 Fortasse
1767 5639 1795 5676 ea
1810 5637 1880 5690 quae
1898 5621 2029 5690 acquisisti
2043 5623 2078 5674 de
2096 5621 2230 5688 iniquitate
2252 5619 2397 5686 acquisisti,
2411 5623 2458 5672 aul

1497 5715 1607 5764 sortasse
1626 5727 1656 5764 ea
1677 5711 1731 5776 ipse
1747 5717 1785 5764 cst
1803 5711 1940 5778 iniquitas,
1958 5711 2020 5776 quia
2033 5719 2060 5762 tu
2075 5709 2169 5776 babae,
2186 5717 2210 5762 et
2222 5711 2285 5762 alter
2299 5721 2349 5760 uon
2367 5705 2457 5774 babel,

1497 5807 1526 5854 tu
1544 5801 1671 5864 abundas,
1692 5807 1717 5852 et
1734 5803 1798 5852 alter
1820 5807 1879 5864 eget
1897 5807 1945 5852 etc.
1965 5799 2131 5852 verbotenus
2144 5801 2208 5850 baec
2222 5797 2347 5850 sententia
2368 5809 2457 5848 occur·

1496 5891 1530 5942 rit
1547 5891 1576 5940 in
1594 5889 1712 5954 Hieron,
1724 5891 1804 5952 Epist.
1823 5889 1878 5938 lio.
1900 5885 1971 5954 (ulios
1985 5885 2057 5952 lat.)
2078 5899 2135 5950 cap.
2153 5885 2210 5936 sive
2222 5891 2324 5950 quaest.
2343 5883 2368 5934 l:
2384 5883 2458 5936 Uttde

1496 5981 1523 6030 et
1541 5977 1582 6030 ille
1601 5977 1709 6040 vulgata
1727 5977 1852 6028 sententia
1875 5975 1938 6026 mibi
1958 5975 2063 6026 videtur
2081 5987 2139 6026 esse
2150 5973 2304 6026 verissima:
2323 5969 2401 6022 Dives
2414 5983 2460 6020 an-

1498 6071 1550 6116 tem
1571 6065 1691 6130 iniquus,
1710 6071 1755 6116 aut
1774 6067 1848 6116 beros
1868 6063 1959 6128 iniqui.

1570 6149 1590 6180 ¹¹
1613 6153 1686 6204 Vevs.
1712 6151 1752 6214 l8,
1772 6161 1831 6218 post
1849 6165 1929 6218 quem
1951 6149 2007 6202 lsai.
2026 6149 2073 6216 lii,
2092 6149 2118 6200 6.
2137 6155 2161 6200 et
2180 6147 2224 6200 lob
2245 6147 2291 6208 25,
2306 6147 2331 6200 5.
2344 6159 2400 6212 seq.
2422 6173 2459 6186 -

1497 6243 1569 6294 lianc
1589 6239 1776 6304 expositionem
1794 6239 1908 6290 insinuet
1923 6235 2046 6300 iliacam,
2068 6241 2085 6290 l.
2102 6235 2251 6290 Commeat.
2273 6235 2298 6286 in
2321 6235 2407 6288 blatllt.
2426 6233 2459 6298 7,

1500 6331 1540 6380 ll.
1560 6343 1629 6394 seq,
1648 6341 1727 6392 quem
1753 6329 1871 6392 sequitur
1896 6327 1980 6388 Beda,
2004 6325 2030 6376 in
2052 6327 2140 6376 blattlt.
2162 6323 2196 6388 7,
2224 6325 2272 6386 lt,
2295 6333 2322 6376 et
2344 6323 2371 6374 in
2395 6325 2458 6376 Luc.

1499 6417 1545 6478 li,
1566 6417 1607 6468 213.
1628 6431 1674 6466 nec
1694 6427 1747 6466 non
1768 6413 1792 6464 in
1818 6413 1911 6464 Hamil.
1931 6417 1956 6466 8.
1976 6413 2109 6480 (superias
2133 6413 2185 6464 ium
2209 6411 2328 6480 allegata)
2347 6411 2376 6464 itt
2393 6413 2460 6464 Lita-

1497 6503 1539 6554 nia
1559 6503 1666 6554 rnaiore.
1976 6497 1998 6528 ²²
2018 6499 2087 6554 libr.
2108 6503 2140 6554 V.
2158 6503 2247 6554 bloral.
2266 6513 2288 6550 c.
2311 6501 2350 6552 ll.
2371 6515 2395 6552 n.
2414 6501 2458 6554 et.

1571 6587 1593 6618 ¹³
1613 6591 1687 6642 Vere.
1712 6589 1750 6640 lc.
1769 6591 1872 6642 -Due
1887 6605 1961 6658 seqq.
1979 6589 2029 6642 loci
2042 6597 2102 6644 sunt
2121 6591 2186 6642 Gen.
2207 6589 2253 6656 ii,
2271 6589 2295 6642 9.
2315 6595 2340 6642 et
2357 6591 2375 6640 l.
2389 6591 2458 6642 luan.
2543 6635 2544 6638 ,

1499 6679 1527 6746 ῖ,
1546 6681 1579 6744 8,
1597 6677 1644 6732 ubi
1663 6695 1712 6744 pro
1730 6677 1871 6734 meleducac
1890 6691 1985 6734 sumus
2006 6679 2064 6746 (clr.
2082 6695 2107 6732 v.
2130 6683 2171 6734 lt.
2191 6687 2215 6734 et
2234 6683 2264 6744 2,
2283 6677 2319 6746 i.)
2345 6679 2459 6744 Vulgata

1497 6775 1524 6822 et
1542 6769 1600 6822 Vat.
1618 6767 1731 6836 ipsimae
1751 6767 1912 6824 seducimus.
1925 6799 1962 6812 -·
1973 6771 2044 6824 Hauc
2059 6771 2248 6836 expositionem
2262 6771 2376 6824 insinuat
2387 6769 2458 6824 Beda

1496 6859 1524 6912 in
1544 6861 1719 6926 praeallegata
1731 6861 1845 6914 bomilia.
