5900 8266
1034 595 1224 662 colluunt.
1252 593 1287 660 tlt
1313 589 1550 660 urinantium
1573 589 1691 658 lucau
1714 589 1747 654 C.
1770 589 1792 652 Ι.

425 777 500 838 tuor
524 779 629 854 partes
651 771 856 856 principales,
881 773 912 838 in
937 787 1075 856 quarum
1096 769 1200 854 prima
1220 769 1326 856 agitur
1341 769 1382 836 de
1409 765 1413 844 Ι

425 875 672 940 incarnationis
697 877 851 962 mysterio
875 893 976 960 usque
992 873 1176 941 adientium
1193 875 1380 958 capitulum3

425 979 459 1044 in
475 979 610 1044 secunda
636 997 726 1056 rere,
743 979 782 1044 de
797 979 996 1044 eruditionis
1012 979 1204 1064 mapistcric
1218 995 1323 1062 usque
1341 979 1382 1044 ad

425 1085 611 1168 vigesimum
647 1085 841 1162 secundum;
870 1085 901 1150 in
931 1085 1039 1162 tertia,
1065 1085 1102 1150 dc
1123 1083 1292 1170 passionis
1317 1103 1383 1150 mc-

425 1189 609 1252 dicnmento
634 1189 699 1254 sire
721 1189 858 1254 remedio
883 1183 984 1272 usquc
1010 1189 1047 1254 ad
1073 1187 1258 1274 vigesimum
1283 1207 1382 1272 quar-

425 1299 510 1372 tum;
533 1291 565 1358 in
589 1297 702 1378 quarta
723 1293 763 1360 de
785 1293 1038 1360 resurrectionis
1063 1301 1197 1378 tropaeo
1222 1311 1326 1378 usque
1347 1295 1382 1360 in

425 1397 521 1464 finem
543 1399 625 1464 libri.

485 1591 582 1670 Pare.
609 1595 637 1670 1.
665 1575 990 1668 Dcincarnationis
1019 1591 1181 1694 mysterio
1209 1591 1321 1692 agitur

807 1711 993 1816 tripliciter.

516 1927 617 1994 Prima
642 1945 727 2014 pars,
752 1945 834 2012 quae
855 1925 1059 2010 prosequitur
1076 1923 1298 1990 incarnationis
1316 1943 1383 2008 my-

425 2035 576 2112 sterium,
600 2039 664 2098 tres
692 2033 792 2100 uhabet
827 2037 941 2116 partes.
976 2029 1119 2112 Explicat
1153 2029 1235 2094 enim
1267 2027 1383 2096 Christi

426 2139 618 2204 nativitatem
652 2137 871 2222 temporalem,
903 2151 983 2218 quac
1016 2133 1074 2200 luit
1107 2133 1240 2218 triplos,
1265 2133 1383 2200 scilicet

427 2241 469 2306 in
485 2251 579 2306 atero
602 2247 755 2326 quantum
779 2241 816 2306 ad
841 2247 1044 2324 conceptum,
1062 2259 1101 2304 en
1117 2245 1210 2304 atero
1225 2243 1381 2326 quantum

426 2347 465 2412 ad
487 2351 628 2430 partum,
653 2353 748 2412 entra
772 2353 905 2412 aterum
926 2353 1081 2430 quantum
1096 2345 1136 2410 ad
1151 2343 1343 2428 baptismum
1357 2345 1380 2408 1.

427 2451 559 2518 Primam
586 2451 721 2536 explicat
743 2451 777 2518 in
798 2451 901 2536 primo
923 2451 1079 2536 capitula,
1103 2449 1271 2518 secundam
1288 2449 1320 2516 in
1337 2467 1382 2540 se·

426 2556 583 2622 cundoet
605 2555 729 2620 tertiam
752 2555 783 2620 in
808 2557 910 2622 tertio.

519 2767 652 2848 Prinna,
674 2769 714 2834 de
734 2767 907 2836 naciollaa
929 2769 966 2836 in
988 2777 1083 2836 atero
1104 2767 1289 2854 dupliciter.

518 2981 649 3049 intendit
670 2981 767 3066 igilur
788 2979 819 3046 in
845 2981 951 3066 primo:
969 2983 1104 3066 capitulo
1128 2999 1221 3068 agere
1244 2981 1282 3048 de
1305 3001 1381 3046 con-

428 3089 569 3174 ceptione
582 3087 761 3166 9991999
778 3085 832 3154 sed
847 3087 1122 3172 quiaconceptum
1139 3087 1275 3174 Virginis
1290 3105 1381 3172 prae-

428 3193 522 3260 cessit
533 3199 700 3278 conceptus
717 3191 841 3272 sterilis,
857 3199 889 3258 99
904 3199 975 3260 9999
989 3193 1074 3280 regis
1090 3201 1381 3280 conceptum-prae-

428 3299 522 3366 cessit
543 3297 757 3382 praecursoris
781 3297 964 3378 exordium,
987 3307 1021 3366 99
1041 3307 1216 3384 utrunnque
1238 3300 1380 3368 ditinum

428 3413 488 3484 esi,
505 3411 536 3472 ct
558 3405 597 3472 de
619 3411 762 3490 utraque·
779 3405 953 3474 laudandus
968 3413 1016 3472 999
1031 3407 1131 3488 9999;
1148 3407 1218 3474 ideo
1232 3425 1381 3492 praesens

428 3511 601 3596 capitulum
616 3511 694 3578 duas
711 3511 804 3580 habet
820 3519 939 3598 999999,
957 3513 988 3580 19
1006 3529 1143 3598 quarum
1160 3515 1262 3598 prima
1277 3513 1380 3598 agitur

425 3615 465 3682 de
480 3615 594 3682 sterilis
608 3621 639 3682 99
656 3617 791 3702 Virginis
812 3615 1068 3702 secunderinum
1086 3619 1116 3682 in
1134 3617 1271 3684 secunda
1285 3635 1379 3698 uero,

425 3721 464 3788 de
484 3721 678 3808 qratiaram
695 3723 839 3802 actione,
855 3723 899 3790 ibi
911 3723 941 3788 2:
962 3725 1153 3808 dasccrpeos
1168 3723 1281 3790 diaria
1297 3723 1382 3790 abiit

425 3827 460 3892 in
482 3837 651 3896 inania-na.

614 4039 734 4126 Primo,
758 4039 797 4110 de
819 4039 935 4128 duplici
959 4037 1186 4108 secundatione.

512 4251 615 4319 Prima
630 4269 705 4336 pars
722 4251 813 4318 habet
838 4251 933 4330 duas,
958 4251 988 4316 io
1005 4267 1143 4334 quarum
1158 4249 1260 4334 prima
1276 4249 1379 4334 agitor

423 4359 462 4426 de
485 4365 638 4442 conceptu
658 4355 916 4450 praecursoris;
939 4357 972 4420 in
994 4355 1142 4434 secunda,
1165 4353 1204 4420 de
1226 4359 1379 4438 conceptu

424 4463 627 4540 Saloutaria,
659 4461 701 4528 ibi
716 4461 744 4526 ³:
782 4461 822 4526 19
855 4479 963 4526 accuse
993 4467 1105 4526 antem
1135 4469 1224 4526 sento
1254 4459 1380 4524 naissns

423 4577 469 4648 cst
491 4576 550 4636 etc.

602 4795 663 4850 Tria
681 4795 805 4852 dicuntur
824 4795 853 4850 cle
872 4795 994 4864 conceptu
1013 4793 1196 4864 praecursoris.

510 4993 696 5060 Describens
719 4999 824 5058 autem
848 4991 1042 5076 Evangelista
1053 4991 1290 5076 praecursoris
1304 5007 1378 5058 con-

422 5107 564 5184 ceptum,
590 5105 625 5164 ut
649 5097 807 5178 ostendat,
832 5099 934 5184 ipsum
967 5115 1035 5164 9999
1063 5097 1251 5178 mirificum,
1277 5097 1377 5184 primo

422 5209 555 5274 ostendit
585 5215 765 5292 parentam
801 5207 1037 5284 concitionem
1070 5205 1208 5272 secundo
1223 5261 1225 5266 ,
1241 5205 1378 5292 explicat

422 5311 607 5398 appeticum
629 5311 936 5390 annant'atianern,
962 5311 1003 5378 ibi
1017 5313 1045 5376 4:
1062 5313 1205 5378 Factam
1227 5319 1284 5392 cst,
1301 5331 1378 5378 cana

422 5417 606 5484 sacerdotio
632 5424 711 5496 etc.;
735 5417 846 5498 tertio,
881 5417 1143 5484 denuntiationis
1172 5417 1377 5484 ministeria-

424 5521 484 5590 lem
514 5523 814 5608 confirmationem,
841 5523 900 5590 ibi:
926 5525 966 5590 Et
999 5523 1087 5590 dicit
1118 5521 1308 5590 Zacharias
1333 5525 1377 5590 ad

494 5911 502 5944 ²
524 5915 591 5968 Vide
609 5917 732 5984 August,
752 5919 831 5984 Epist.
857 5917 918 5972 187.
936 5917 1011 5984 (alins
1031 5917 1083 5986 tt.)
1106 5933 1128 5970 c.
1151 5919 1190 5970 ill.
1211 5935 1236 5972 n.
1256 5919 1299 5972 33.
1324 5917 1375 5974 Cl.

424 6003 459 6054 lll.
483 6005 552 6054 Seni.
569 6003 597 6056 d.
617 6007 641 6056 3.
655 6019 681 6070 p.
701 6007 718 6058 l.
737 6019 759 6058 a.
782 6007 804 6058 1.
824 6021 852 6072 9.
870 6007 895 6058 3.
914 6007 947 6058 ad
969 6009 992 6060 l.
1011 6007 1080 6058 912.

492 6089 503 6120 ²
522 6093 599 6144 VerS.
617 6093 660 6144 33.

492 6175 503 6208 ⁸
523 6181 598 6232 Vers.
617 6181 660 6232 26.

492 6265 503 6296 ⁴
521 6269 597 6322 Vens.
617 6271 647 6322 8:
671 6267 787 6322 Factum
805 6273 846 6322 est
867 6275 972 6334 999999,
991 6283 1054 6324 cnm
1073 6277 1120 6324 etc.
1147 6271 1204 6322 Duo
1231 6283 1305 6336 seqq.
1327 6267 1376 6322 loci
1415 6275 1416 6278 ’

422 6361 481 6408 9999
498 6369 525 6408 9.
546 6357 585 6406 18.
606 6361 630 6408 91
650 6357 692 6408 23.
705 6383 741 6394 -
752 6357 862 6410 Interius
883 6371 932 6422 pro
950 6357 1161 6412 denuntiationis
1173 6355 1377 6412 ministerialem
1441 6415 1443 6420 ,

422 6443 481 6496 Vnt.
497 6441 636 6496 denuntiat
650 6439 849 6512 promissionis.

491 6527 669 6596 ³Resptcitur
686 6531 728 6584 99.
748 6531 812 6596 199,
833 6531 863 6584 l:
883 6531 924 6582 Tu
948 6547 978 6584 es
995 6533 1118 6586 sacerdos
1136 6533 1163 6584 in
1181 6539 1317 6584 aeternum
1337 6545 1376 6586 se-

422 6619 538 6672 condum
557 6625 606 6672 etc.
624 6649 656 6658 —
677 6619 796 6672 Subinde
812 6619 938 6682 allegatur
956 6617 1036 6670 Ilebr.
1055 6619 1084 6686 7,
1106 6623 1127 6670 l.

492 6703 503 6736 ⁰
521 6709 598 6760 Vera
617 6709 642 6760 9.
661 6735 696 6748 ·-
715 6709 837 6774 Sequitur
856 6707 935 6760 Exod.
962 6707 1008 6772 99,
1028 6709 1052 6758 6.
1071 6733 1107 6746 -
1128 6709 1179 6760 Pro
1202 6707 1310 6774 praeire
1334 6721 1376 6762 sa·

421 6793 568 6850 cerdatium
587 6797 646 6850 Vat.
661 6795 770 6864 prurire
789 6799 813 6850 ct
827 6799 971 6862 praestare
988 6793 1146 6848 sacerdotio.

492 6879 501 6912 ²
522 6885 597 6938 Vera.
620 6885 662 6938 19.
684 6885 755 6938 Hanc
776 6883 975 6948 explicationem
993 6883 1066 6934 alieri
1084 6883 1169 6946 Beda,
1187 6881 1212 6934 in
1226 6883 1288 6934 Luc.
1308 6883 1331 6944 1,
1352 6883 1376 6934 5.

2363 595 2400 662 13

1446 767 1629 854 Ampelum:
1651 767 1742 832 Unde
1757 763 1816 832 999
1829 765 1956 842 sciam,·
1973 771 2106 852 quarto,
2122 765 2309 832 mirabilem
2323 787 2401 852 pro-

1445 871 1614 938 missionis
1637 871 1872 958 impletianem,
1895 871 1956 938 ibi:
1983 873 2021 936 lit
2036 869 2166 958 factam
2189 879 2254 950 est,
2279 883 2316 938 at
2338 873 2401 938 im-

1442 977 1522 1064 91919
1543 985 1623 1046 9999
1643 979 1712 1044 dies
1737 977 1836 1066 991999
1857 977 1914 1042 999
1937 985 1995 1046 etc.

1533 1207 1620 1262 Primo
1638 1207 1794 1262 describitur
1811 1205 1948 1280 pareutum
1966 1205 2077 1262 coniitia
2097 1205 2311 1276 quadrupliciter.

1425 1459 1433 1466 .
1532 1401 1718 1468 Describens
1734 1409 1837 1470 autem
1851 1411 2032 1488 parentum
2049 1403 2147 1486 ipsius
2163 1403 2398 1480 corcditioncm,

1446 1513 1583 1590 quatuor
1613 1507 1767 1590 explicat:
1804 1507 1926 1592 primo,
1961 1507 2136 1594 dipnitatis
2159 1507 2324 1594 99199999
2352 1523 2400 1572 99,

1446 1609 1567 1690 cundo,
1583 1607 1761 1676 lacnestntis
1775 1611 1990 1698 coniapinm;
2005 1613 2116 1694 tertio,
2132 1613 2319 1680 sanctitatis
2336 1633 2400 1678 me.-

1446 1715 1551 1782 ritam
1574 1717 1639 1782 sive
1670 1715 1887 1800 privilegiunq
1912 1725 2044 1802 quarto,
2075 1717 2259 1786 sterilitatis
2282 1737 2400 1804 oppro-

1447 1821 1567 1888 briam.
1770 1879 1771 1882 ,

1534 1929 1566 1994 8.
1590 1929 1692 2010 (Vers.
1718 1929 1771 2010 9.).
1797 1929 1900 1994 Primo
1924 1927 2019 2014 igitur
2051 1929 2225 2014 dipnitatis
2256 1929 2400 2018 alliciam
2419 1945 2534 2014 999999

1445 2027 1596 2112 ostendit,
1622 2051 1695 2098 cum
1715 2030 1809 2099 dicii:
1832 2033 1912 2098 Fuit
1936 2033 1970 2098 in
1994 2033 2108 2098 diebus
2132 2035 2283 2110 Herodis,
2313 2035 2400 2120 repis
2428 2011 2439 2044 ⁰
2462 2015 2527 2048 Μ’

1446 2137 1600 2216 iudaeae,
1625 2137 1779 2204 sacerdos
1804 2137 1943 2224 qnidam
1970 2137 2101 2202 9999999
2129 2135 2325 2204 Zacharias.
2347 2141 2400 2204 Sa-

1446 2243 1601 2308 cerdotale
1625 2243 1764 2308 officium
1787 2241 1935 2326 explicat,
1957 2241 2153 2326 adiungendo
2177 2245 2280 2326 regale
2303 2245 2400 2308 domi-

1445 2347 1550 2428 nium,
1576 2354 1611 2414 ut
1635 2347 1787 2426 insinuet,
1813 2347 1896 2434 quod
1934 2349 2061 2414 loannes
2093 2347 2317 2432 praenuntiare
2347 2349 2400 2416 de·
2419 2365 2516 2414 9991.

1444 2455 1536 2520 bebai
1559 2453 1735 2530 Christum,
1761 2453 1815 2538 qui
1838 2457 1906 2518 erat
1928 2451 2083 2518 sacerdos
2105 2453 2287 2518 secnrtdam
2312 2455 2400 2520 ordi·

1445 2579 1517 2626 narn
1552 2557 1778 2626 Melchisedech
1790 2557 1816 2638 ⁵,
1838 2557 1872 2624 id
1894 2565 1942 2626 est
1970 2559 2066 2626 simul
2100 2575 2159 2624 ren
2184 2567 2214 2624 99
2239 2558 2398 2638 sacerdcs;

1445 2665 1482 2732 ad
1514 2665 1668 2732 Hebraeos
1703 2663 1851 2748 septimo:
1883 2663 2157 2742 «llelcbisedech,
2191 2679 2250 2728 ren
2285 2665 2398 2742 Salem,

1445 2773 1589 2840 sacerdos
1600 2771 1654 2838 Dei
1669 2771 1785 2840 summi
1797 2799 1814 2830 9
1828 2779 1886 2838 919.
1895 2773 2003 2838 -Vel
2018 2771 2087 2838 ideo
2099 2771 2237 2856 explicat
2250 2787 2397 2856 regnum,
2418 2785 2482 2834 999
2496 2791 2517 2836 a.

1445 2883 1479 2944 ut
1504 2877 1659 2956 ostendat,
1676 2885 1819 2962 tempore
1834 2875 1923 2962 99919
1939 2877 2058 2968 regiam
2073 2881 2257 2962 potestatem
2274 2877 2399 2960 praeire

1441 2983 1742 3068 ,sacerdotiumsed
1766 3001 1848 3050 nunc
1873 2989 1919 3050 999
1943 2989 2079 3052 econtra.
2101 2983 2188 3050 Unde
2210 2983 2329 3068 primae
2347 2983 2399 3052 Pe·

1446 3089 1484 3154 tri
1503 3089 1641 3156 secundo
1652 3089 1683 3154 ⁰:
1706 3091 1791 3156 «llas
1807 3095 1911 3156 autem
1931 3089 2005 3156 estis
2020 3107 2120 3172 genus
2135 3089 2278 3168 electum,
2296 3091 2399 3172 regale

1445 3193 1681 3262 sacerdotium»
1709 3199 1785 3274 etc.;
1812 3193 1866 3262 sed
1898 3193 1995 3262 Exodi
2018 3193 2138 3262 decimo
2160 3211 2244 3260 nono
2266 3193 2397 3260 dicitur:

1450 3301 1542 3366 «Vns
1566 3301 1653 3368 eritis
1675 3301 1752 3366 mihi
1775 3301 1808 3366 in
1832 3319 1964 3386 regnum
1982 3293 2172 3366 sacerdotale
2189 3305 2218 3366 99
2234 3317 2310 3386 gens
2330 3317 2400 3364 san·

1445 3407 1661 3474 9999).»-1191
1678 3407 1746 3476 ideo
1763 3405 2042 3494 99911999999999
2055 3405 2397 3490 999911991199199999,
2418 3421 2481 3472 caan
2496 3427 2516 3470 a.

1445 3513 1500 3600 qui
1523 3515 1646 3598 primus
1668 3513 1750 3580 inter
1773 3513 1890 3580 alienos
1904 3513 2072 3598 imperarit
2085 3513 2222 3592 ludaeis,
2240 3519 2276 3580 ut
2296 3519 2398 3580 osten·

1445 3619 1512 3698 dat,
1535 3619 1698 3708 advenisse
1720 3625 1844 3704 tempus
1868 3619 2021 3686 adrentus
2043 3619 2178 3698 Christi,
2195 3625 2224 3686 et
2242 3607 2399 3704 impletam

1444 3743 1512 3792 esse
1543 3725 1627 3790 illam
1658 3725 1872 3810 prophetiam,
1896 3723 2022 3790 Genesis
2045 3725 2262 3808 penultimo⁷:
2300 3751 2316 3784 c<
2334 3727 2399 3792 Non

1444 3831 1606 3898 auferetur
1624 3837 1783 3916 sceptrum
1799 3829 1838 3896 de
1853 3829 1928 3896 luda
1952 3835 1983 3896 99
2007 3829 2074 3896 dux
2089 3855 2104 3888 9
2128 3837 2185 3896 999.
2203 3829 2318 3896 -Vel
2333 3829 2400 3896 ideo
2419 3847 2481 3892 999
2497 3849 2516 3892 a.

1444 3937 1584 4004 nominat
1617 3937 1788 4016 Herodem,
1821 3943 1856 4002 ui
1888 3937 2046 4016 ostendat,
2080 3937 2183 4020 ipsum
2218 3935 2250 4000 in
2283 3937 2400 4002 malitia

1444 4043 1540 4110 fuisse
1564 4043 1727 4128 insignem.
1753 4043 1823 4110 Fuit
1853 4043 1935 4108 enim
1967 4043 2085 4128 triplex
2107 4043 2261 4122 Herodes,
2283 4041 2400 4110 scilicet
2418 4061 2469 4108 99
2484 4063 2552 4108 999

1444 4155 1546 4232 pater,
1571 4147 1655 4214 111199
1677 4157 1709 4214 99
1731 4165 1843 4232 nepos;
1866 4147 1988 4232 primos
2012 4147 2201 4228 9999199119,
2225 4147 2280 4234 991
2305 4147 2400 4214 inter·
2459 4115 2506 4158 ‘¹⁹⁵'

1443 4253 1517 4320 19919
1538 4271 1672 4336 pueros,
1698 4253 1841 4319 llattbaei
1874 4251 2052 4332 secundo⁸3
2078 4253 2233 4320 secundus
2258 4255 2399 4337 antipas,

1445 4357 1499 4444 qui
1525 4359 1667 4424 loannem
1700 4357 1902 4442 decapitavit,
1935 4359 2080 4426 Matthaei
2114 4359 2232 4426 decimo
2269 4365 2399 4444 quarto;
2513 4361 2515 4366 “

1444 4465 1556 4530 tertius
1591 4463 1742 4550 Agrippa,
1778 4465 1833 4548 qul
1867 4463 1979 4530 occidit
2011 4465 2172 4544 iacobum,
2198 4465 2345 4534 claudens
2368 4467 2400 4534 in

1443 4581 1569 4636 carcere
1592 4571 1736 4648 Petrum,
1762 4573 1895 4636 Actutum
1916 4571 2118 4652 duodecimo;
2143 4573 2335 4658 sedprimus
2353 4573 2400 4640 in-

1443 4677 1554 4742 iamior
1579 4681 1608 4744 et
1632 4675 1714 4742 inter
1736 4693 1844 4744 omncs
1866 4675 2033 4744 crudelior.
2066 4677 2145 4756 idea,
2165 4677 2239 4762 quia
2261 4685 2400 4746 «contra

1444 4781 1559 4850 malum
1584 4783 1701 4850 honum
1715 4783 1726 4822 ⁹
1741 4809 1775 4862 9,
1797 4789 1925 4850 econtra
1949 4783 2128 4850 nominatur
2157 4785 2314 4852 sacerdos
2343 4785 2399 4852 Za·

1442 4887 1584 4968 91199199,
1607 4893 1645 4954 99
1665 4889 1821 4966 ostendat,
1845 4887 1950 4972 ipsum
1972 4887 2125 4956 famosum
2150 4889 2181 4954 in
2199 4889 2280 4954 bono
2295 4897 2328 4956 et
2341 4891 2398 4958 Dei

1442 4993 1596 5074 amicum,
1612 4993 1785 5062 secundum
1801 4993 1879 5060 illud
1903 4993 2000 5086 Exodi
2019 4995 2177 5080 trigesimo
2195 4997 2301 5063 tertio:
2325 4997 2397 5062 «ln-

1445 5101 1551 5168 renisti
1578 5101 1710 5188 gratiam
1733 5119 1839 5168 coram
1861 5119 1930 5182 me,
1955 5107 1986 5168 et
2009 5101 2080 5170 nori
2105 5107 2136 5170 19
2159 5119 2201 5168 ex
2223 5101 2349 5170 nomine
2364 5129 2396 5184 »3
2465 5175 2466 5178 ,

1442 5225 1498 5274 999
1524 5215 1644 5276 lantum
1667 5225 1710 5274 ex
1732 5207 1856 5276 nomine
1888 5209 1990 5294 ipsum
2023 5207 2157 5276 ostendit
2186 5205 2397 5290 sacerdotem,

1441 5311 1494 5380 sed
1511 5313 1604 5380 etiam
1619 5329 1662 5380 ex
1676 5331 1807 5398 gencre3
1827 5313 1909 5380 unde
1924 5313 2017 5380 dicit:
2034 5315 2081 5380 De
2095 5313 2163 5380 cicc
2180 5313 2286 5394 Abia,
2303 5315 2398 5380 idest

1441 5419 1479 5486 de
1494 5437 1623 5506 genere,
1638 5419 1822 5506 ‚meandum
1840 5419 1923 5506 quod
1940 5419 2070 5506 exponit
2093 5420 2172 5488 Beda
2196 5421 2227 5486 in
2251 5421 2357 5488 Glossa
2372 5421 2398 5460 1⁰

1442 5525 1564 5594 dicens:
1596 5553 1610 5584 «
1626 5525 1705 5592 Cum
1727 5527 1825 5592 David
1848 5529 1969 5594 cultum
1985 5527 2040 5594 Dei
2056 5527 2237 5610 ampliaret,
2255 5527 2397 5594 91999111-

1440 5945 1476 5958 -
1495 5921 1623 5986 Superius
1643 5933 1691 5984 pro
1711 5917 1780 5972 inter·
1798 5917 1978 5972 91999991191.
1997 5915 2201 5986 aiiopilplorntn
2219 5907 2319 5982 (iiiior
2339 5915 2353 5966 i.
2373 5931 2397 5968 e.

1440 6007 1527 6070 aliod,
1546 6007 1627 6076 φῦλον
1650 6007 1665 6058 1.
1683 6021 1708 6060 c.
1727 6019 1824 6070 gemm,
1838 6007 1879 6058 rel
1893 6005 1961 6072 φυλή
1980 6007 1997 6058 1.
2017 6019 2038 6058 9.
2058 6003 2167 6072 tribus);
2186 6005 2285 6056 919139.
2304 6001 2352 6064 55,
2373 6005 2397 6066 l,

1440 6099 1467 6148 99
1483 6095 1606 6160 August,
1625 6095 1673 6160 Qq.
1693 6095 1720 6146 in
1738 6095 1815 6148 Num.
1835 6109 1860 6160 q.
1880 6095 1905 6148 3.

1511 6179 1523 6208 ⁸
1551 6183 1625 6234 Vens.
1656 6181 1698 6232 16.
1724 6209 1761 6220 -
1787 6181 1905 6232 Subinde
1932 6183 2079 6246 allegantur
2102 6179 2190 6232 llalth.
2222 6177 2269 6242 ll,
2300 6179 2341 6232 19.
2368 6183 2398 6244 99

1439 6271 1494 6324 Aet·
1511 6269 1617 6408 91121199411
1640 6355 1689 6418 33,
1711 6355 1757 6412 li,
1769 6379 1801 6396 -a
1816 6357 1938 6422 Sequitur
1959 6355 2037 6408 Exod.
2056 6355 2106 6418 33,
2127 6355 2397 6420 12.-19199199999

1438 6441 1865 6514 9999991999999919991999
1892 6441 1992 6512 999999,-
2017 6441 2108 6496 endem
2135 6441 2175 6496 ed.
2201 6439 2313 6496 subinde
2338 6449 2397 6508 post

1439 6533 1531 6602 999919
1547 6533 1620 6586 addit
1638 6531 1783 6598 famatam.

1511 6617 1534 6650 ¹⁰
1553 6621 1625 6686 Quae
1644 6623 1682 6670 999
1701 6617 1860 6686 ordinaria·
1879 6619 1907 6670 in
1923 6619 1980 6684 ipsa
1992 6621 2119 6682 allegatur
2139 6619 2350 6686 9999911929,
2370 6621 2395 6672 3.

1439 6721 1514 6776 seqq.
1533 6709 1582 6760 Pro
1601 6707 1768 6772 intelligentia
1788 6709 1893 6760 ultimae
1917 6707 2103 6772 propositionis
2120 6707 2148 6760 in
2165 6709 2254 6760 Glossa
2275 6711 2397 6760 notentur

1439 6795 1523 6848 verba
1542 6795 1623 6860 ipsius
1643 6795 1741 6848 Bedae:
1761 6797 1816 6848 Nun
1836 6799 1922 6848 autern
1942 6799 2036 6848 trustra
2054 6795 2157 6860 primus
2174 6795 2236 6848 novi
2250 6795 2397 6850 testamenti

1432 6895 1536 6948 praeco
1554 6883 1581 6936 io
1600 6889 1708 6938 ortanae
1734 6883 1810 6936 sortis
1839 6883 1898 6936 rice
1921 6883 2049 6950 nascitur,
2069 6883 2146 6952 quia,
2164 6885 2230 6940 sicul
2249 6885 2396 6952 septenario
