5900 8266
244 3385 327 3442 Duplex
340 3399 390 3442 peo-

275 3445 354 3484 catum.

997 559 1191 628 adamnan.
1216 559 1253 626 ΙΝ
1276 547 1655 626 ulnaeallltllnllcte
1678 555 1710 622 C.
1735 555 1797 624 XV.

408 733 530 802 Domini
548 733 602 802 bei
622 733 715 802 vestri
735 735 954 802 murmurastis
971 735 1003 802 in
1018 735 1230 804 tabernaculis
1251 735 1365 804 vestris

335 873 336 876 ¹
410 847 507 926 atque
527 839 676 908 dixistis:
698 839 770 908 Odit
794 859 852 908 nos
874 841 1044 922 hominm,
1067 849 1098 908 et
1121 840 1239 908 idcirco
1253 841 1366 908 eduxit

409 963 465 1012 nos
501 947 538 1014 de
573 953 658 1014 terra
689 947 832 1034 Aegypti,
866 951 900 1012 ut
933 947 1070 1016 traderet
1101 965 1158 1014 nos
1188 945 1220 1012 in
1251 963 1365 1014 manus

408 1051 637 1120 amorrhaei».
662 1053 812 1122 Similiter
833 1059 867 1120 et
887 1051 921 1118 hi
944 1051 1062 1118 honum
1085 1053 1311 1120 convertebant
1329 1051 1363 1118 in

408 1157 545 1238 malum,
569 1165 599 1224 et
623 1157 864 1244 publicanorum
885 1155 1109 1242 poenitentiam
1130 1161 1163 1224 θῖ
1185 1155 1276 1224 etiam
1295 1157 1364 1224 lesu

407 1261 676 1342 misericordiam
705 1267 739 1330 et
767 1263 801 1330 in
831 1261 891 1330 hoc
923 1261 1035 1330 ritinm
1062 1261 1257 1342 incidebant,
1290 1261 1364 1348 quia

408 1375 500 1434 erant
527 1369 657 1452 superbi
682 1373 712 1434 θῖ
735 1365 920 1446 inhumani3
947 1367 1125 1452 dequibus
1147 1367 1364 1456 potestintel-

407 1471 460 1558 ligi
485 1473 564 1540 illud
584 1473 681 1540 Isaiae
709 1473 904 1560 sexagesimo
929 1471 1086 1558 qntnt01:
1117 1473 1209 1558 «Qui
1232 1475 1361 1542 dicunt:

409 1579 525 1646 Recede
549 1595 567 1644 a
588 1595 657 1658 me,
674 1597 737 1646 non
752 1579 986 1666 appropinques
1007 1579 1104 1658 mihi,
1127 1579 1201 1664 quia
1226 1579 1362 1646 immun·

407 1683 466 1750 dus
491 1699 531 1750 es.
559 1683 607 1750 lsli
632 1683 739 1752 lamus
761 1691 858 1752 erunt
878 1685 909 1750 in
926 1677 1033 1750 lurore
1049 1701 1135 1764 meo,
1153 1685 1234 1772 ignis
1249 1685 1363 1752 ardens

407 1795 471 1856 34)ίᾶ
494 1787 543 1854 die
560 1815 588 1852 a.

498 1895 525 1960 b.
553 1893 655 1960 Tertio
680 1901 832 1980 quantum
857 1895 894 1960 ad
918 1893 1163 1960 simulationem
1184 1893 1363 1982 aequitatis

268 2017 382 2080 stanam
407 1999 555 2068 iustitiae
584 1999 754 2068 subditur:
778 1999 950 2066 ¹diceutes:
977 1999 1065 2082 Quia
1096 1997 1148 2066 dic
1175 2005 1363 2084 peccatores

242 2073 540 2194 ³³lltllli.¹⁰'reetptt,
566 2113 719 2192 quantum
737 2107 774 2172 ad
790 2105 1002 2172 affabilitatem
1025 2105 1191 2192 colloquii,
1214 2113 1244 2172 et
1265 2125 1363 2170 maa-

407 2215 510 2282 dttcat
531 2233 608 2280 cum
631 2211 714 2290 iliis,
732 2217 886 2298 quantum
902 2211 942 2278 ad
956 2209 1198 2278 familiaritatem
1216 2211 1361 2278 convivii.

407 2321 441 2386 ln
463 2337 527 2406 qno
551 2317 696 2386 volebant
710 2317 815 2404 ipsum
830 2317 1020 2402 redarguere
1038 2323 1188 2402 tanquam
1202 2317 1361 2382 fautorem

407 2425 563 2492 malorum
585 2431 619 2490 θῖ
633 2429 879 2510 contemptorem
894 2433 1156 2510 praeceptorum3
1175 2423 1257 2489 unde
1274 2423 1362 2490 Glos-

407 2533 489 2596 sa2:
518 2529 664 2616 «Quasm
694 2529 871 2624 contrarius
902 2535 949 2598 est
972 2533 1063 2618 Legi,
1094 2547 1176 2616 quae
1198 2531 1257 2598 hoc
1289 2547 1363 2614 pro-

407 2637 495 2704 hibet
510 2663 540 2700 ε.
566 2637 594 2704 ln
622 2637 699 2722 Lege
731 2635 814 2704 euim
835 2635 1023 2722 prohibetur
1048 2641 1209 2704 contactus
1233 2635 1277 2702 rei
1304 2635 1362 2702 im·

407 2743 559 2822 mundae,
576 2743 699 2812 leuitici
716 2743 882 2812 undecimo
906 2749 939 2810 et
960 2743 1083 2810 decimo
1108 2743 1218 2822 tertio;
1238 2743 1274 2808 'in
1298 2759 1361 2830 quo

407 2845 590 2932 intelligitur
620 2847 725 2914 citatio
754 2849 909 2916 societatis
944 2849 1054 2916 malae.
1089 2847 1176 2914 Unde
1208 2849 1361 2914 Dextera

408 2953 510 3020 nomii
525 2953 675 3040 septimo:
704 2981 720 3014 (τ
738 2957 804 3022 Non
826 2955 920 3024 inibis
942 2973 1014 3022 cum
1038 2955 1082 3022 eis
1106 2953 1214 3036 loedus
1239 2971 1296 3022 nec
1310 2973 1361 3022 so·-

407 3059 504 3126 ciabis
526 3077 598 3126 cum
624 3059 667 3126 eis
691 3061 882 3148 coniugia».
905 3061 983 3140 Sed,
1007 3061 1089 3128 sicut
1113 3061 1187 3126 dicit
1208 3059 1360 3140 Glossa³,

413 3163 611 3250 «dupliciter
634 3173 759 3246 errant,
783 3169 860 3252 quia
881 3173 912 3234 θῖ
935 3185 966 3234 εθ
996 3169 1095 3234 iustos
1125 3175 1255 3252 putant,
1287 3187 1361 3234 oum

407 3271 468 3340 sint
498 3271 643 3356 superbi,
675 3277 705 3340 et
736 3271 806 3338 illos
834 3277 1032 3356 peccatores,
1065 3289 1137 3338 cum
1170 3273 1231 3338 ianr
1254 3271 1362 3358 poeni-

407 3381 492 3454 icant
508 3403 536 3438 n.
562 3379 646 3444 Unde
662 3377 720 3462 ipsi
746 3377 920 3442 simulando
942 3379 1129 3462 aequitatem
1154 3379 1306 3446 cadebant
1327 3379 1361 3444 in

406 3481 605 3566 impietatem·
619 3475 783 3568 peccando
809 3481 843 3548 ia
867 3501 899 3548 ee
921 3483 1009 3568 ipsos
1025 3483 1253 3566 superbiendo,
1277 3483 1362 3568 qnod

407 3595 641 3656 consueverant
663 3585 766 3654 lacere
791 3587 969 3664 Pharisaei;
994 3585 1074 3654 inira
1089 3587 1209 3654 decimo
1226 3589 1361 3654 sextoi:

413 3721 430 3754 a
446 3693 508 3760 'Vos
529 3693 623 3772 estis,
650 3691 705 3778 qui
728 3691 903 3758 laetificatis
928 3709 983 3758 ros
1004 3709 1111 3758 coram
1133 3691 1314 3760 hominihus
1329 3719 1361 3758 n.

353 3881 355 3884 Ι
407 3801 502 3880 ltem,
521 3799 689 3884 peccando
711 3797 749 3864 im
767 3797 942 3882 promimus
963 3799 1045 3864 male
1067 3797 1251 3878 iudicanda,
1267 3797 1310 3864 ita
1325 3805 1382 3864 ut·

407 3911 513 3990 posset
534 3907 579 3972 eis
601 3905 660 3972 dici
686 3903 762 3970 illud
785 3891 884 3988 supra
906 3909 1017 3970 sexto:
1049 3931 1065 3964 «
1079 3903 1261 3988 Hyponrita,
1286 3905 1363 3970 eiice

407 4011 545 4096 primum
571 4011 692 4078 trabem
715 4009 756 4078 de
776 4009 870 4078 oculo
891 4015 947 4076 tuo
961 4035 979 4066 »
1007 4015 1065 4076 etc.
1090 4010 1183 4090 ltem,
1196 4009 1362 4096 peccando

408 4121 446 4184 e‘a
469 4115 639 4184 Christo-m
669 4117 738 4184 eius
767 4117 1012 4182 misericordiam
1043 4117 1275 4202 redarguendo,
1308 4117 1363 4202 qui

347 4235 349 4238 ’
407 4231 586 4308 peccatores
610 4221 804 4308 recipiebat,
827 4221 919 4288 iuxta
942 4221 1025 4306 quud
1043 4223 1230 4306 promiserat
1246 4241 1302 4308 per
1318 4221 1363 4288 le-

408 4327 558 4408 remiann,
581 4327 728 4394 Ieremiou
753 4327 844 4394 tertio
858 4325 892 4392 ⁵:
924 4327 1056 4412 «Vulgo
1071 4325 1203 4394 dicitur:
1226 4327 1255 4394 Si
1270 4327 1363 4394 dimi-

407 4433 484 4500 serit
508 4423 557 4498 xir
578 4451 714 4500 uxorem
738 4449 844 4510 suam,
870 4439 900 4498 et
924 4431 1071 4498 recedens
1102 4431 1140 4498 ah
1174 4451 1209 4498 eo
1233 4431 1365 4498 duxerit

409 4537 515 4604 virum
536 4539 692 4618 alterum,
722 4537 868 4624 nunquid
894 4541 1074 4604 revertetur
1097 4537 1226 4604 adeam
1251 4537 1362 4604 ultra?

408 4645 456 4711 Tu
479 4651 584 4712 autem
612 4645 763 4712 fornicata
785 4661 819 4712 es
842 4661 915 4710 cum
939 4643 1132 4708 amatoribus
1154 4643 1283 4724 multis;
1316 4649 1362 4708 ta-

407 4767 479 4816 men
509 4755 667 4818 revertere
698 4751 827 4828 adme,
851 4749 927 4818 dicit
947 4749 1117 4828 Dominae,
1140 4755 1173 4814 et
1194 4747 1363 4834 suscipiam

343 4885 344 4888 ¹
409 4861 441 4920 te
462 4879 493 4918 ».
518 4855 579 4922 lloc
610 4855 692 4922 enim
722 4859 770 4922 est
800 4853 1079 4922 excellentissimae
1109 4851 1362 4930 misericordiam

408 4961 492 5028 lande
523 4961 644 5028 Ioannis
676 4949 749 5030 sext
778 4961 814 5028 6:
842 4961 1002 5040 «Omnis,
1033 4959 1087 5046 qui
1121 4961 1206 5026 venit
1233 4959 1271 5026 ad
1295 4977 1362 5040 me,

408 5067 614 5134 noneitoiam
642 5083 714 5132 eum
738 5067 822 5134 ieras
836 5095 868 5134 r.
892 5067 1131 5152 Redarguebant
1153 5067 1248 5134 ctiam
1269 5067 1363 5132 mise-

409 5171 592 5250 ricordiam,
626 5169 699 5256 qnia
722 5173 767 5238 eis
789 5171 1062 5248 condescendebat
1083 5173 1130 5240 ad
1151 5173 1362 5238 morderen-

407 5277 508 5356 dam,
539 5295 610 5346 curn
643 5283 746 5344 tamen
776 5277 835 5344 hoc
869 5279 907 5346 sit
939 5277 1171 5344 misericordiae
1201 5295 1362 5356 summae,
1400 5295 1401 5298 ’

407 5385 581 5452 secundum
612 5381 691 5450 illud
718 5383 917 5470 apocalypsis
947 5383 1086 5452 terrici:
1117 5411 1132 5444 e
1151 5385 1212 5472 ligo
1246 5389 1293 5452 sto
1323 5383 1368 5454 adw

407 5489 522 5554 ostium
545 5495 576 5554 et
598 5487 720 5572 pulso»
751 5495 829 5568 etc.;
846 5497 879 5556 θῖ
893 5489 1038 5556 llatthaei
1064 5491 1248 5558 undecimo:
1270 5517 1287 5550 r
1303 5491 1362 5558 Ve-

407 5593 471 5660 nite
496 5593 533 5660 ad
558 5611 618 5672 une,
641 5611 766 5674 omnes,
790 5593 844 5680 qui
868 5595 1017 5662 laboratis
1040 5601 1071 5662 et
1094 5597 1215 5662 onerati
1239 5597 1314 5664 estis
1328 5619 1362 5674 »3

478 5881 488 5914 ²
509 5887 583 5938 vers.
602 5883 628 5936 5.
645 5881 699 5938 Cir.
716 5899 795 5950 supra
815 5899 836 5938 r.
854 5885 882 5938 7.
900 5901 926 5938 n.
946 5887 989 5940 58.
1007 5901 1064 5954 seq.
1139 5917 1141 5922 .

476 5969 489 6000 ²
510 5971 609 6026 Scilicet
629 5971 823 6038 interlinearis,
842 5979 901 6036 post
920 5989 1001 6040 quam
1020 5977 1081 6026 lev.
1102 5975 1130 6026 ll
1143 6013 1149 6040 ,
1163 5975 1205 6028 43.
1219 5979 1245 6026 θῖ
1258 5973 1306 6040 43,
1319 5975 1361 6026 id.

407 6073 498 6130 seqq.;
517 6061 591 6114 beot.
610 6061 641 6124 7,
659 6061 684 6126 2.
704 6067 729 6112 et
749 6063 777 6126 3,
791 6061 836 6112 nbi
849 6075 897 6124 pro
911 6061 1037 6130 coriopio.
1051 6075 1103 6114 non
1117 6063 1193 6128 pauci
1205 6063 1284 6116 codd.
1304 6073 1362 6116 cern·

407 6147 477 6204 eicie
499 6147 527 6216 (C
548 6157 573 6202 et
592 6151 612 6200 D
632 6163 645 6200 a
664 6151 777 6202 secunda
798 6163 879 6200 manu
896 6149 1052 6218 contrariae).

478 6235 489 6266 ³
509 6241 608 6304 Nempe
628 6235 809 6292 indutiomarum
827 6235 885 6302 (cir.
902 6237 1024 6300 aragon,
1043 6241 1070 6290 ll.
1091 6239 1188 6292 Hamil.
1211 6239 1237 6290 in
1262 6241 1362 6300 Strong.

407 6327 497 6378 homil.
517 6327 561 6380 34.
578 6341 604 6376 n.
625 6325 675 6392 3.),
695 6325 718 6376 in
738 6337 790 6392 qua
810 6337 858 6390 pro
873 6327 1025 6392 peccateres
1044 6327 1066 6376 ll
1085 6339 1146 6376 cunt
1160 6331 1229 6378 textu
1244 6325 1361 6388 originali

407 6427 477 6466 reos.

476 6495 489 6526 ⁴
509 6499 583 6552 l'crs.
602 6501 644 6552 le.
662 6505 690 6550 ct
707 6499 819 6552 subinde
838 6499 868 6564 6,
888 6499 931 6550 id.

477 6581 489 6610 ⁵
509 6585 584 6636 Vens.
602 6586 612 6635 l
627 6625 633 6650 ‚
650 6583 678 6634 in
698 6601 751 6652 quo
768 6599 818 6650 pro
836 6583 873 6636 od
890 6597 949 6638 aaut
966 6583 1044 6638 aalma
1069 6583 1114 6652 (ita
1138 6583 1259 6652 Vulgata)
1283 6583 1361 6636 codd.
1389 6597 1390 6602 ¹

406 6677 435 6724 ot
453 6673 510 6724 Vnt.
527 6671 566 6724 ad
582 6685 645 6724 eam
670 6673 765 6740 Μῖνα,
791 6673 938 6726 secundum
964 6685 1066 6724 sacram
1093 6673 1202 6725 Bibliam
1229 6673 1362 6724 variarum

409 6759 604 6810 translationum
625 6765 672 6810 etc.
688 6761 787 6828 (Venet.
804 6761 882 6826 4747)
901 6761 1032 6812 translatio
1046 6775 1077 6828 ex
1089 6759 1272 6826 Septuaginta:
1292 6771 1363 6814 metm-

408 6843 473 6914 pm'd
491 6851 626 6902 reuertens
643 6849 791 6902 reuertatur·
811 6847 846 6902 od
864 6863 926 6902 earu
944 6847 1041 6902 oltra?

2294 553 2296 558 ¹
2315 563 2380 630 383

1427 739 1457 802 et
1482 733 1604 802 loannis
1625 733 1779 820 septimo:
1807 759 1822 792 r
1841 733 1870 802 Si
1894 733 1967 820 quis
1988 733 2070 814 sitit,
2088 735 2190 802 ueniat
2214 735 2250 802 ad
2276 753 2325 802 me
2349 741 2379 802 et

1427 841 1512 910 bibat
1529 869 1545 902 ε
1571 847 1629 908 θῖθ.
1662 841 1735 908 Nam
1758 847 1792 908 et
1813 840 1969 926 Propheta
1990 859 2034 908 ex
2054 841 2227 926 repletione
2248 841 2379 928 spiritus

1427 951 1515 1012 vocat
1531 963 1657 1024 omnes;
1673 947 1767 1014 Isaiae
1785 945 2043 1032 quinquagesimo
2057 947 2169 1030 quinto
2179 945 2211 1012 ⁸:
2234 971 2248 1006 r
2265 947 2379 1014 Omnes

1427 1049 1582 1130 sitientes,
1607 1051 1710 1120 reuite
1727 1051 1764 1120 ad
1781 1069 1878 1138 aquas
1895 1077 1925 1118 ε.
1950 1051 1986 1118 Εῖ
2001 1051 2082 1120 ratio
2099 1053 2193 1120 huius
2210 1059 2274 1132 θεῖ,
2290 1053 2378 1138 quia,

1427 1155 1508 1222 sieut
1532 1155 1647 1222 dicitur
1672 1157 1710 1222 ad
1740 1159 1893 1224 Romanos
1916 1157 2054 1238 decimo,
2084 1183 2101 1216 «
2115 1177 2177 1224 non
2201 1163 2247 1226 θεῖ
2270 1159 2379 1226 distin-

1427 1257 1488 1326 ctio
1510 1259 1614 1328 ludaei
1638 1267 1670 1326 et
1691 1259 1818 1342 Graeci;
1844 1279 1917 1328 nam
1939 1261 2020 1330 idem
2044 1261 2194 1330 Dominus
2219 1261 2377 1340 omnium,

1426 1365 1512 1432 dives
1536 1365 1567 1432 in
1591 1383 1717 1448 omnm,
1740 1367 1797 1454 qui
1817 1367 1965 1436 invocant
1987 1367 2110 1436 illum»
2138 1373 2195 1436 etc.

1538 1593 1719 1652 hiauitcstmin
1736 1595 1848 1666 pietatis
1865 1595 1970 1736 divitiae
1988 1593 2145 1652 describitur
2164 1595 2263 1668 triplici

1833 1683 1927 1756 parabo
1939 1699 1965 1738 a.

1515 1897 1547 1960 e.
1571 1897 1612 1960 m
1633 1895 1684 1960 ait
1706 1897 1752 1960 ud
1775 1893 1848 1960 ellos
1873 1893 2085 1978 parabolam.
2115 1897 2282 1982 Postquam
2311 1915 2378 1964 tna-

1426 1999 1581 2068 niiestaxit
1606 1999 1797 2084 impietatem
1819 1999 1993 2078 Iudaicam,
2018 1999 2061 2068 sio
2077 1999 2215 2068 secundo
2230 1999 2377 2086 aetificat

1422 2105 1576 2190 pietatem
1602 2105 1751 2170 diuinam
1766 2103 1806 2172 ad
1820 2103 2010 2188 impietatem
2037 2105 2187 2172 iudaicam
2213 2105 2376 2174 contutan-

1425 2209 1533 2278 dam⁹.
1559 2209 1594 2277 nt
1617 2209 1764 2296 quoniam
1790 2209 1887 2296 pietas
1912 2209 1966 2276 Dei
1989 2209 2165 2296 specialiter
2186 2217 2236 2278 θεῖ
2256 2213 2296 2278 ad
2319 2213 2376 2280 ho-

1407 2321 1408 2324 ’
1426 2315 1542 2380 minem
1558 2315 1590 2380 in
1607 2317 1736 2382 humani
1751 2317 1875 2400 generis
1889 2313 2106 2398 reparatione,
2127 2315 2161 2380 in
2177 2333 2241 2400 qua
2260 2315 2377 2400 indiget

1425 2421 1518 2486 horno
1529 2419 1696 2506 sacrificio
1709 2421 1949 2500 reconciliante,
1959 2421 2066 2506 pretio
2080 2419 2254 2488 redimente
2267 2425 2298 2488 et
2309 2419 2377 2506 epi-

1424 2523 1494 2590 rita
1509 2527 1706 2612 adoptemter
1723 2527 1792 2594 idco
1807 2525 1838 2592 in
1856 2527 1914 2594 hac
1928 2531 2018 2612 parte
2035 2525 2187 2612 triplicem
2204 2525 2374 2594 introducit
2395 2535 2486 2584 virisio-

1424 2631 1625 2718 parabolam;
1658 2651 1795 2718 quarum
1824 2633 1927 2718 prima
1949 2641 1996 2700 est
2019 2633 2058 2700 de
2081 2651 2154 2712 ooc,
2177 2647 2257 2718 quae
2282 2629 2377 2698 sacri-

1425 2739 1559 2822 ticatur;
1583 2737 1738 2820 secunda,
1761 2739 1801 2806 de
1822 2737 2006 2818 drachma,
2039 2755 2119 2826 qnae
2152 2743 2197 2806 est
2229 2755 2376 2804 nummus

1425 2845 1552 2932 regium
1575 2845 1669 2914 tertia
1690 2851 1738 2914 est
1764 2845 1803 2914 de
1821 2851 1923 2932 patre
1943 2853 1976 2912 et
1993 2845 2080 2932 alto,
2113 2847 2169 2932 qui
2199 2845 2376 2912 misericor-

1423 2953 1503 3020 diter
1526 2953 1687 3040 recipitur.
1712 2953 1868 3038 Amplius‚
1892 2951 2040 3038 qnoniam
2057 2951 2156 3036 pietas
2178 2951 2234 3018 Dei
2257 2951 2375 3036 specia-

1424 3059 1495 3126 liter
1516 3061 1557 3128 ad
1578 3059 1737 3128 hominem
1760 3065 1807 3126 est
1829 3059 1950 3126 ratione
1977 3057 2091 3136 trium,
2115 3075 2195 3142 quae
2220 3059 2303 3124 neus
2318 3075 2373 3142 po-

1425 3165 1488 3234 suit
1511 3165 1543 3232 in
1566 3165 1707 3244 heroine,
1738 3165 1856 3232 scilicet
1885 3167 2004 3232 ratione
2038 3163 2157 3232 insitae
2184 3171 2376 3260 mansuete·

1425 3271 1532 3350 dimin,
1556 3271 1676 3338 ratione
1698 3271 1878 3356 impressae
1911 3271 2069 3358 imaginis
2101 3277 2131 3338 et
2163 3271 2283 3338 ratione
2312 3269 2377 3336 eol-

1426 3379 1510 3444 latae
1533 3379 1788 3454 similitudinis,-
1806 3385 1837 3444 et
1853 3395 1909 3464 per
1925 3379 2058 3462 primam
2074 3377 2265 3460 assimilatur
2282 3379 2376 3444 homo

1426 3481 1497 3560 oui,
1520 3499 1576 3566 per
1602 3481 1767 3548 secundam
1793 3499 1868 3548 xero
1882 3499 2018 3546 marmano
2036 3481 2205 3566 imperiali
2215 3533 2226 3560 ,
2241 3499 2298 3564 per
2313 3487 2377 3548 ter-

1427 3585 1500 3652 tiam
1523 3585 1611 3652 Fdio
1633 3585 1750 3652 Patria
1773 3585 1900 3652 aeterai
1912 3607 1921 3652 :
1943 3585 2013 3652 ideo
2039 3585 2069 3652 in
2094 3587 2154 3652 hac
2173 3591 2261 3670 parte
2279 3587 2376 3652 Evan-

1426 3691 1549 3774 gelista,
1565 3691 1683 3776 Spiritu
1696 3691 1723 3730 1⁰
1740 3689 1950 3770 illuminatus
1969 3689 2121 3776 triplicem
2142 3691 2230 3774 ponit
2244 3691 2376 3774 parabo-

1426 3795 1502 3874 lam,
1525 3813 1582 3880 per
1607 3811 1640 3862 os
1665 3793 1765 3862 earnis
1790 3793 1845 3862 Dei
1868 3795 2037 3880 prolatam,
2060 3795 2099 3860 ad
2122 3793 2377 3880 notandampie·

1427 3907 1521 3966 tatem
1545 3901 1600 3966 Dei
1622 3901 1661 3966 ad
1682 3901 1850 3968 humanam
1873 3907 2038 3982 naturam,
2060 3919 2195 3984 quarum
2214 3899 2313 3986 prima
2330 3907 2377 3968 est

1427 4007 1463 4074 de
1484 4015 1619 4092 pastore
1639 4015 1672 4072 θῖ
1691 4007 1806 4074 coibas
1834 4007 1928 4084 euim
1950 4007 2087 4074 secunda
2110 4013 2157 4072 est
2178 4005 2218 4072 de
2240 4005 2377 4072 rtatiere

1427 4121 1455 4178 et
1470 4111 1660 4192 dracdmir,
1678 4113 1719 4180 ibi
1735 4114 1776 4178 ¹1:
1796 4115 1864 4180 Aac
1877 4131 1964 4198 quac
1979 4113 2100 4180 mulier
2115 4111 2237 4180 babeas
2251 4111 2352 4178 draci
2360 4149 2373 4160 -

1426 4237 1500 4284 mar
1522 4219 1654 4296 decem,·
1678 4219 1768 4284 tertia
1791 4219 1828 4284 de
1849 4225 1945 4304 patre
1969 4225 1997 4282 et
2018 4217 2117 4300 alter,
2140 4217 2205 4284 ibi:
2231 4217 2290 4282 Ait
2317 4237 2378 4284 aa·

1427 4331 1509 4390 tem:
1542 4325 1646 4390 Home
1679 4323 1816 4412 quidam
1852 4321 1968 4390 babuit
1997 4323 2081 4390 acor
2111 4321 2221 4410 sitiam·
2249 4323 2283 4406 in
2312 4341 2376 4408 quo

1426 4429 1587 4496 manifeste
1622 4429 1771 4508 ostendit,
1808 4429 1891 4516 qnod
1926 4429 2027 4494 omnis
2060 4435 2206 4496 ereatura
2241 4429 2377 4512 quodam

1426 4533 1519 4602 modo
1540 4533 1713 4620 praetendit
1737 4533 1899 4620 pietatem,
1925 4551 2018 4620 qnam
2042 4535 2134 4600 Dens
2150 4533 2244 4600 habet
2271 4551 2378 4618 respe-

1427 4645 1480 4708 ctu
1503 4639 1655 4708 hominis:
1679 4647 1837 4708 creatura
1862 4641 2022 4720 arctetis,
2054 4647 2091 4707 ut
2120 4639 2205 4720 orb,
2237 4647 2378 4708 elmere

1427 4745 1725 4834 eorpornttr12,ot
1747 4745 1914 4826 drachma,
1937 4749 1968 4810 et
1990 4743 2187 4822 rationalis,
2212 4751 2247 4810 ut
2265 4745 2376 4822 homo.

1718 4969 1845 5028 Parabola
1865 4973 1893 5026 dc
1913 4987 1956 5028 ore
1975 4971 2084 5044 perdita.
2148 4981 2150 4984 ·

1514 5167 1604 5236 Circa
1625 5167 1806 5254 parabolam
1828 5167 1926 5254 igitur
1947 5167 1987 5236 de
2009 5187 2065 5236 noe
2084 5167 2220 5254 perdita
2234 5167 2373 5254 procedit

1427 5275 1488 5342 hoo
1509 5275 1628 5344 ordine.
1652 5275 1728 5342 Nam
1751 5273 1854 5358 primo
1875 5273 2067 5360 exprimitur
2091 5273 2275 5342 sollicitudo
2292 5293 2375 5342 moe·
2395 5283 2486 5328 Divisio·

1426 5381 1534 5448 stiriae
1557 5399 1616 5468 pro
1637 5401 1695 5450 oue
1718 5381 1860 5468 perdita,
1887 5381 2025 5448 secundo
2056 5399 2149 5462 veru,
2180 5381 2376 5468 mcpnttodo

1427 5489 1570 5556 laetitiae
1592 5509 1650 5576 pro
1674 5507 1731 5556 ove
1754 5489 1896 5570 inventa,
1922 5489 1963 5556 ihi
1979 5489 2025 5554 1³:
2052 5491 2091 5554 m
2114 5507 2188 5556 cant
2220 5489 2377 5556 inuenerit

1427 5613 1501 5662 eam
1523 5599 1580 5662 etc.

1433 5945 1434 5950 .
1496 5881 1601 5938 ὃῖῖθῖε.
1622 5887 1673 5952 37;
1691 5887 1737 5936 cir.
1754 5899 1834 5950 supro
1854 5899 1917 5950 pag.
1934 5885 1999 5946 ild,
2018 5889 2078 5936 nota
2100 5883 2122 5936 4.
2148 5911 2184 5922 -
2205 5885 2329 5948 aragon,
2351 5885 2376 5936 ll.

1425 5973 1519 6024 Hamil.
1532 5973 1559 6024 iu
1572 5973 1674 6034 Evaug.
1685 5971 1773 6022 homil.
1793 5969 1833 6022 34.
1855 5987 1878 6022 n.
1898 5971 1932 6022 2:
1949 5971 2124 6022 Diiudirantes
2136 5969 2293 6034 Douninum,
2305 5971 2378 6034 quod

1427 6065 1576 6124 peccatores
1595 6061 1752 6124 susciperet,
1770 6059 1852 6110 arenti
1870 6057 1949 6112 eorda
1969 6059 2055 6122 ipsum
2073 6059 2172 6108 sontem
2184 6055 2377 6110 misericordiae

1425 6145 1663 6212 reprehendebant.

1497 6231 1600 6286 'vers
1621 6233 1664 6286 ab.
1687 6261 1719 6272 -·
1745 6235 1802 6286 Duo
1825 6247 1899 6300 seqq.
1928 6233 1977 6286 loci
2003 6237 2064 6284 sunt
2091 6233 2179 6284 llattlr.
2207 6231 2254 6296 tt,
2285 6233 2325 6284 28.
2354 6237 2378 6286 et

1427 6327 1495 6378 loon.
1513 6321 1545 6386 7,
1565 6321 1620 6384 37.,

1496 6405 1601 6460 8ῖῖθεε.
1621 6409 1649 6470 l,
1670 6407 1710 6460 cui
1730 6403 1894 6472 subiungitur
1913 6409 1989 6460 llonn.
2009 6407 2055 6470 tu,
2076 6408 2118 6458 42.

1496 6493 1506 6524 ⁹
1524 6495 1577 6550 Cir.
1595 6509 1676 6560 snpra
1692 6509 1717 6546 u.
1739 6497 1762 6546 t.

1478 6651 1479 6654 Ἴ
1497 6579 1518 6612 ¹⁰
1538 6583 1602 6636 Cod.
1616 6583 1636 6634 H
1651 6583 1723 6636 addit
1741 6585 1848 6648 sancto,
1861 6583 1878 6634 F
1891 6581 2023 6634 substituit
2031 6595 2082 6652 pel·
2096 6579 2230 6652 Spiritum
2243 6585 2376 6638 sarnetum.

1497 6671 1517 6702 ¹¹
1538 6675 1614 6728 vers.
1631 6675 1666 6738 83
1685 6673 1758 6726 tertia
1777 6685 1838 6736 pars
1859 6673 1945 6738 incipit
1963 6685 1991 6726 r.
2009 6673 2019 6722 l
2033 6673 2053 6726 l.

1496 6757 1518 6790 ra
1540 6763 1596 6814 liat.
1616 6763 1638 6818 et
1657 6761 1770 6818 tarteria
1790 6761 1947 6830 corporatio.

1496 6847 1518 6880 ²³
1538 6853 1614 6914 Vere.
1631 6853 1656 6904 5.
