5908 8266
1065 539 1259 608 COMMENT.
1285 539 1323 608 ΙΝ
1345 535 1722 608 444444414444444
1747 535 1779 602 C.
1805 533 1854 602 Xl.

324 733 456 784 444444.
473 715 797 802 possitlet,quoniam
808 735 870 782 non
888 715 977 782 timet
987 713 1151 794 amittere,
1167 713 1342 782 secundnm
1356 713 1434 778 illud

476 821 663 908 Gregorii&
689 845 710 878 «-
725 821 793 887 lllos
816 821 953 904 pulsare·
968 819 1113 904 negligit,
1138 837 1219 904 quos
1240 817 1349 904 quieto
1364 817 1434 885 iure

476 925 635 1012 possidere
660 943 692 994 se
717 925 809 992 sentit
827 953 856 990 ».
881 919 921 992 at
940 925 1018 992 haec
1037 943 1110 1010 potr
1130 933 1364 1010 perculerunt,
1397 923 1434 990 44

477 1051 540 1118 444
560 1031 759 1100 inl'salmo:
789 1031 922 1100 «Zelari
944 1049 1041 1116 super
1063 1029 1208 1114 4444444,
1231 1047 1340 1114 pacem
1362 1047 1434 1114 pec-

437 1221 441 1232 .
476 1143 618 1202 catorum
642 1135 797 1214 videns»;
830 1143 860 1202 44
890 1135 1036 1202 Matthaei
1066 1133 1205 1202 decimo:
1233 1159 1249 1192 r
1268 1135 1333 1202 Non
1362 1133 1433 1202 reni

475 1259 585 1326 pacem
611 1243 753 1322 mittere,
790 1241 843 1308 sed
876 1241 1059 1326 gladium».
1095 1239 1168 1306 Vult
1199 1239 1295 1326 igitur
1318 1241 1350 1306 in
1375 1241 1434 1308 boc

475 1347 597 1430 dicere,
620 1349 706 1434 quod
728 1345 818 1414 fortis
842 1363 904 1412 non
930 1345 1103 1430 expellitur
1125 1365 1146 1412 a
1167 1345 1274 1412 minus
1294 1345 1379 1414 lorti.
1404 1345 1433 1412 Si

476 1471 552 1538 ergo
582 1465 678 1538 super
701 1457 886 1538 potestatem
910 1449 1026 1518 diaboli
1047 1451 1137 1518 nulla
1160 1451 1318 1536 praevalet
1348 1459 1434 1538 pete·-

477 1565 541 1624 stas
570 1557 748 1636 terrestris,
782 1555 837 1622 sed
858 1561 980 1624 tantum
1004 1555 1147 1624 caelestis
1169 1557 1329 1640 potentia:
1358 1575 1434 1644 ergo

476 1681 556 1748 quae
582 1663 720 1748 expellit
747 1661 915 1730 daemones
942 1679 1006 1728 non
1039 1661 1284 1742 isterciensis,
1311 1661 1365 1730 444
1397 1663 1434 1730 44

476 1769 587 1850 444444,
611 1781 672 1838 nen
697 1771 853 1850 humana,
876 1767 930 1838 sed
955 1769 1069 1838 divina.
1154 1819 1155 1822 ,

537 1877 616 1966 Ι49.
647 1877 747 1960 (Vens.
782 1875 858 1958 44.).
890 1877 1045 1954 Secunde,
1068 1873 1241 1960 adiungens
1265 1877 1434 1942 ceritatem

476 1971 634 2050 intentam
659 1991 687 2050 et
712 1985 783 2048 ium
802 1999 1018 2066 perauctum,
1041 1979 1137 2048 dicit:
1164 1981 1202 2048 Si
1222 1987 1348 2048 cutem
1363 1979 1434 2066 for-

477 2089 542 2156 tt'or
563 2089 645 2156 t'iio2
668 2087 903 2174 superventiens
924 2087 1041 2152 ot'cerit
1054 2105 1140 2152 eunt.
1157 2087 1291 2152 Fortior
1307 2093 1355 2154 est
1369 2087 1434 2154 dia-

432 2231 433 2234 *
476 2197 548 2264 bolo
578 2195 682 2264 divina
713 2193 879 2272 fortitudo,
907 2193 1024 2260 scilicet
1052 2191 1198 2262 Christus
1221 2201 1346 2272 nostcr;
1369 2195 1434 2280 pri-

478 2319 545 2368 mae
566 2299 606 2366 44
628 2297 806 2366 Corinthios
838 2297 963 2384 primu:
991 2295 1184 2366 «Christum
1215 2297 1349 2366 dicimus
1379 2297 1432 2366 Dei

477 2407 625 2474 uirtutem
658 2411 688 2472 et
720 2405 776 2472 Dei
805 2405 988 2490 sapientiam
1005 2429 1038 2486 »3
1069 2411 1102 2472 et
1131 2421 1284 2472 rursum:
1312 2431 1329 2464 <r
1346 2405 1434 2488 Quod

476 2513 636 2580 infirmum
662 2519 709 2578 est
737 2511 790 2576 Dei
821 2511 934 2578 lortius
966 2517 1013 2578 est
1043 2509 1272 2592 hominibus»;
1303 2518 1336 2578 et
1364 2513 1433 2580 ideo

477 2619 529 2684 lob
542 2637 641 2684 nono:
660 2617 719 2684 «Si
734 2617 885 2684 fortitudo
899 2617 1074 2702 quaeritur,
1089 2617 1329 2684 robustissimus
1343 2627 1391 2684 est
1403 2647 1431 2684 a.

477 2725 511 2792 Et
534 2733 701 2810 propterea
724 2723 840 2792 dicitnr
863 2725 959 2792 isaiae
981 2743 1084 2792 nono:
1114 2751 1130 2784 a
1148 2725 1316 2792 Vocabitur
1337 2725 1433 2792 44444-

238 2867 239 2870 “
324 2833 602 2928 chasteau-rabitis,
624 2831 841 2912 consiliarius,
864 2831 968 2912 Deus,
989 2831 1080 2900 fortis
1098 2859 1127 2896 a.
1153 2835 1212 2898 iste
1226 2835 1431 2918 superuenit,

345 2907 449 2958 “mum
476 2941 506 3008 id
530 2947 596 3020 est,
618 2941 658 3010 de
688 2939 835 3026 supernis
865 2939 969 3020 venit,
1000 2939 1173 3008 secundum
1206 2939 1296 3032 illud·
1314 2939 1433 3008 loannis

477 3047 567 3112 tertio
581 3047 615 3114 3:
646 3073 662 3106 «
677 3047 736 3132 Qui
761 3045 799 3114 de
823 3047 909 3114 caelo
932 3047 1018 3114 venit
1034 3065 1130 3134 snper
1148 3065 1254 3116 omnes
1272 3057 1317 3116 est
1335 3075 1363 3112 ».
1379 3047 1446 3126 444γ

311 3159 456 3212 'statana
476 3157 580 3218 autem
606 3151 682 3218 eicit
705 3151 863 3218 diabolum
888 3159 1037 3236 tanquam
1062 3153 1167 3220 minus
1190 3153 1321 3230 sortem,
1343 3153 1449 3220 iuxtaw

340 3223 464 3278 passione·
607 3259 611 3270 ,
635 3259 641 3270 .
819 3257 825 3270 ,
924 3255 929 3270 .
1301 3259 1306 3272 .

476 3259 558 3342 44444
583 3259 698 3326 dtcrtnr
723 3261 846 3326 loannis
864 3257 985 3324 decimo
1001 3261 1136 3326 scatet·
1160 3259 1359 3338 «Consulite,
1376 3277 1432 3346 ego

476 3365 536 3432 vici
559 3365 714 3432 mundum
732 3389 761 3444 »;
794 3365 876 3430 4444
909 3365 980 3432 44444
1007 3365 1110 3434 rictus
1133 3365 1299 3444 rideatur,
1331 3373 1431 3434 tamen

476 3473 565 3550 uicit,
598 3473 673 3558 quia
704 3471 866 3538 moriendo
890 3471 1016 3538 rerinit.
1043 3473 1077 3536 nt
1100 3473 1161 3540 bec
1182 3473 1365 3558 designatur
1391 3475 1432 3538 le-

476 3579 594 3646 tentiae
616 3579 856 3664 quadragesimo
879 3585 992 3644 sento:
1023 3605 1038 3636 t
1054 3579 1156 3644 Fortis
1177 3581 1305 3664 impegit
1322 3581 1353 3644 in
1369 3581 1432 3646 lor-

476 3694 552 3764 tem,
569 3693 601 3752 44
615 3684 708 3752 ambo
725 3683 844 3770 pariter
859 3689 1050 3752 corrnerunt
1067 3707 1098 3762 »ς
1114 3685 1188 3770 quia
1205 3687 1349 3752 Christus
1363 3703 1432 3752 cor-

440 3873 441 3876 ,
475 3791 642 3878 penaliter,
674 3789 888 3878 temporaliter
920 3797 951 3856 et
979 3789 1160 3872 visibiliter,
1183 3791 1328 3860 diabolus
1357 3809 1432 3860 rere

476 3891 753 3984 sempiternaliter,
788 3897 924 3964 totaliter
955 3905 985 3964 et
1017 3899 1314 3982 irrecuperabiliter.
1348 3897 1432 3966 Unde

475 4007 590 4074 dicitur
606 3995 803 4090 Apocalypsis
818 4001 929 4088 quinto
941 4005 972 4070 ⁵:
994 4029 1008 4062 a
1028 4005 1120 4082 Ecce,
1139 4005 1213 4070 vicit
1229 4005 1277 4098 leo
1292 4005 1332 4072 44
1347 4005 1431 4072 tribu

477 4113 567 4190 luda,
599 4113 689 4178 radin
716 4109 842 4190 David,
858 4109 994 4194 aperire
1014 4109 1131 4178 librum
1149 4139 1177 4176 a.
1210 4113 1278 4176 «Et
1306 4111 1373 4180 ridi¹
1401 4111 1432 4178 in

475 4219 576 4286 medio
601 4217 705 4284 throni
726 4223 759 4284 et
784 4223 920 4300 quatuor
943 4215 1125 4282 animalium
1150 4217 1270 4300 hgnum
1298 4223 1432 4284 stantem

476 4331 622 4412 tanquam
648 4325 786 4390 occisum
803 4347 834 4400 »3
859 4323 914 4406 qui
937 4321 1006 4388 ideo
1032 4321 1122 4400 vicit,
1148 4321 1358 4408 quiaoccisus
1374 4329 1430 4388 est.
1470 4317 1471 4320 ’

475 4433 560 4500 Unde
584 4435 684 4516 potest
709 4429 768 4496 dici
793 4427 915 4496 diabolo
950 4427 1029 4496 illud
1051 4427 1170 4512 primae
1193 4427 1232 4494 ad
1255 4427 1432 4494 Corinthios

477 4539 600 4606 decime
626 4535 786 4622 quintoi:
815 4561 832 4594 4
848 4535 906 4604 Ubi
929 4543 977 4604 est
1000 4553 1088 4602 mors
1109 4535 1240 4602 uictoria
1265 4541 1347 4600 4444
1368 4535 1432 4600 Deo

476 4645 615 4730 gratias,
632 4645 685 4730 qni
712 4643 795 4712 dedit
815 4643 909 4710 xtrebis
931 4643 1095 4710 victoriam
1121 4661 1178 4732 per
1204 4643 1304 4708 lesum
1328 4641 1432 4706 Domi-

476 4771 551 4820 num
576 4759 721 4820 nostrum
737 4779 767 4816 n.

564 4859 616 4922 40.
644 4859 678 4924 44
701 4857 777 4942 quia
799 4853 873 4922 vicit
897 4855 1000 4940 ipsum
1026 4843 1252 4940 inpressione,
1278 4853 1347 4920 ideo
1362 4871 1431 4938 spu-

320 4975 461 5074 Smbavirttn
477 4965 561 5030 liavit
585 4967 616 5030 in
641 4963 902 5040 resurrecturam
923 4961 992 5030 ideo
1009 4961 1131 5030 subdit:
1155 4961 1316 5028 0444444444
1334 4979 1433 5026 ormo

321 5041 460 5128 ”ww
476 5071 547 5140 eius
577 5071 728 5158 auferet,
758 5071 795 5138 t'rt
825 5069 946 5158 quibos
977 5069 1167 5154 considebat.
1182 5101 1184 5106 r
1202 5069 1236 5136 Et
1260 5069 1320 5136 hoc
1344 5069 1431 5148 iecit,

477 5179 603 5262 quando
629 5187 738 5264 pertas
769 5177 936 5244 infernales
953 5177 1135 5262 ¹confregit,
1160 5175 1333 5242 secundum
1356 5173 1433 5242 illud

476 5283 586 5350 Psalmi
601 5285 633 5348 ¹:
665 5311 678 5344 t
695 5285 776 5372 Quia
798 5281 945 5350 coutririt
962 5289 1068 5368 portas
1084 5299 1191 5348 aereas
1208 5289 1237 5348 44
1253 5287 1357 5348 trecies
1371 5278 1433 5348 ier-

437 5667 438 5670 ,
547 5613 555 5644 ¹
576 5615 647 5668 Libr.
668 5617 760 5668 XXlV.
782 5615 869 5666 lloral.
888 5627 912 5666 4.
931 5614 975 5666 44.
994 5627 1020 5666 n.
1040 5611 1085 5666 47.
1103 5639 1137 5650 *-
1155 5613 1213 5666 Duo
1225 5627 1298 5682 seqq.
1312 5613 1360 5666 loci
1374 5617 1434 5666 sunt

477 5703 515 5756 44.
536 5703 585 5770 ta,
605 5705 627 5756 3.
649 5711 674 5756 44
691 5705 786 5756 444444.
800 5703 848 5766 40,
866 5703 911 5754 34.

546 5787 556 5818 ¹
576 5791 611 5840 444
629 5793 709 5842 etiam
727 5789 798 5842 Beda
817 5795 843 5840 et
861 5787 937 5840 Card.
956 5789 1050 5852 linget
1070 5789 1182 5852 Vulgata
1202 5801 1240 5844 co.
1262 5789 1434 5858 -Subinde

412 5915 413 5918 ,
476 5877 618 5942 allegantur
638 5879 657 5932 l.
674 5879 733 5930 Cor.
753 5879 778 5942 4,
798 5879 841 5930 43.
859 5891 915 5944 444.
932 5883 960 5930 44
978 5877 1029 5940 aa,
1049 5875 1094 5930 iob
1112 5879 1143 5942 D,
1165 5879 1207 5930 49.
1228 5881 1253 5930 44
1273 5877 1329 5930 lsai.
1349 5879 1377 5942 9,
1398 5879 1421 5930 b.

475 5999 476 6004 κ
546 5963 557 5996 ¹
577 5969 652 6020 Vers.
666 5968 709 6020 at.
722 5993 756 6006 -·
768 5965 845 6020 Card.
857 5967 950 6032 Ilugo:
967 5985 980 6012 α
992 5965 1203 6034 844444444444,
1218 5969 1240 6020 44
1253 5967 1337 6020 estde
1346 5981 1434 6032 super·

476 6055 521 6110 nis
535 6053 645 6106 veniens
658 6073 681 6116 »ς
701 6057 852 6106 Gerraicus:
871 6053 1083 6122 Superstitio-trs,
1097 6055 1123 6108 id
1137 6061 1175 6106 est
1188 6055 1303 6120 desuper
1316 6057 1434 6108 veniens.

474 6187 475 6190 ,
545 6139 557 6172 ⁴
578 6143 651 6196 Vers.
671 6143 714 6194 33.
732 6169 768 6182 -
788 6141 911 6208 Sequitur
929 6143 975 6194 ter.
994 6141 1041 6206 46,
1061 6143 1105 6196 44.

546 6231 557 6262 ⁵
578 6235 652 6288 Vens,
671 6233 696 6286 b.
716 6239 741 6284 et
759 6233 785 6282 6.

546 6317 556 6350 ¹
577 6323 669 6376 Psalm.
689 6323 699 6370 4
708 6321 755 6384 00,
776 6317 940 6372 thaidem
961 6321 999 6372 44.
1022 6317 1068 6382 ib,
1091 6319 1130 6370 40.

546 6407 556 6440 ⁸
576 6413 653 6464 Vers.
672 6413 715 6464 43.
734 6437 768 6446 -
786 6407 869 6470 Beda,
890 6407 930 6460 44.
951 6407 977 6460 44
995 6409 1058 6462 Luc.
1080 6409 1120 6472 4Ι,
1142 6411 1193 6462 444
1214 6411 1314 6472 Arma,
1336 6409 1360 6462 in
1378 6407 1434 6476 qui·

476 6499 526 6552 bns
545 6499 612 6550 male
629 6501 702 6552 tortis
722 6499 762 6550 illc
781 6495 942 6560 considebat,
971 6497 1080 6548 astutiae
1098 6497 1206 6562 dolique
1223 6503 1285 6548 sunt
1301 6497 1433 6564 nequitiae

476 6587 625 6650 spiritualis.
644 6585 738 6656 Spolia
756 6599 821 6638 vero
841 6585 897 6636 eius
921 6585 970 6650 ipsi
989 6583 1110 6638 homines
1130 6589 1191 6638 sunt
1211 6581 1243 6636 ab
1262 6599 1294 6638 ee
1312 6583 1431 6650 decepti:

475 6689 544 6740 quae
562 6673 646 6726 vietor
665 6673 783 6728 Christus
800 6671 946 6738 distribuit,
967 6675 1039 6740 qnod
1056 6681 1098 6728 est
1114 6675 1218 6738 insigne
1235 6673 1431 6738 triumphantis,

475 6765 536 6830 quta
557 6761 631 6832 [Epir.
654 6763 682 6828 t,
703 6761 738 6832 8.]
758 6761 893 6830 captiuum
911 6761 1011 6818 ducens
1029 6761 1209 6830 captiuitatem
1222 6761 1293 6816 dotto
1304 6761 1378 6816 dedit
1390 6761 1433 6816 lto·

462 6851 593 6914 ¹minibus
611 6857 663 6908 444.
679 6851 730 6906 Ctr.
748 6851 867 6920 Hieron,
889 6853 916 6906 ll.
933 6851 1081 6908 Commeat.
1100 6851 1125 6904 in
1145 6853 1233 6908 444444.
1252 6851 1298 6918 il,
1319 6851 1361 6904 40.

1158 6227 1169 6260 ¹
1188 6233 1265 6284 Vers.
1284 6233 1327 6284 55.
1346 6237 1371 6284 et
1391 6233 1433 6284 57.

2392 537 2459 608 493

1500 733 1571 782 4444
1593 713 1746 800 coniregit
1760 737 1791 792 n:
1816 717 1847 780 44
1871 725 1984 778 rursus
2009 705 2039 774 in
2058 705 2196 774 Psalmo:
2216 731 2232 764 «
2250 707 2366 782 444444
2381 725 2455 778 444-

1471 815 1473 822 ²
1499 826 1582 888 teret
1603 825 1636 886 et
1657 821 1833 906 confringet
1853 835 1945 884 arma
1973 819 2007 882 et
2035 819 2126 882 scuta
2155 813 2322 882 comburet
2342 813 2406 898 igni
2422 845 2454 886 a,

1498 925 1580 992 llaec
1601 945 1712 992 armo·
1724 927 1797 994 iacit
1823 925 1881 994 sibi
1904 923 2046 992 diabolus
2063 923 2100 990 44
2117 921 2297 988 homiuibus
2314 935 2371 1006 per
2387 937 2457 992 con-

1498 1049 1644 1110 sensum,
1666 1031 1842 1100 secundum
1860 1029 1940 1098 illud
1963 1031 2003 1096 ad
2025 1031 2178 1108 Romanos
2201 1033 2291 1094 sento
2305 1025 2335 1092 8:
2356 1051 2374 1086 κ
2390 1025 2457 1100 444

1498 1135 1674 1202 exhibeatis
1699 1137 1842 1202 membra
1865 1139 1969 1204 resira
1983 1153 2075 1202 arma
2089 1135 2265 1220 iniquitatis
2279 1139 2454 1218 peccatos.

1497 1241 1608 1308 -Vel
1626 1259 1727 1308 ormo
1739 1241 1892 1310 diabolica
1903 1247 1976 1310 sunt
1988 1241 2112 1310 diversa
2130 1247 2322 1310 tentatorum
2337 1241 2454 1310 machi·
2473 1263 2550 1308 nuta.

1497 1353 1660 1426 namenta,
1675 1345 1791 1432 quibus
1809 1347 1989 1416 hominibus
2006 1349 2238 1434 praevalebant.
2266 1347 2299 1414 Et
2321 1347 2370 1416 his
2384 1349 2456 1434 444-

1497 1461 1596 1524 uetus
1618 1459 1667 1520 est
1689 1469 1746 1538 per
1770 1451 1887 1530 Christi
1908 1453 2075 1522 uictoriam
2096 1455 2129 1522 in
2151 1455 2401 1536 resurrectione,
2426 1465 2457 1526 et

1497 1561 1660 1646 spolietur
1684 1565 1731 1628 est
1755 1559 1786 1624 in
1809 1559 2001 1626 ascensione.
2024 1595 2070 1610 -
2092 1563 2161 1632 ldeo
2185 1563 2310 1630 subdit:
2329 1563 2367 1628 m
2382 1583 2456 1648 spo·
2483 1581 2598 1646 ursinam

1499 1667 1543 1736 lie
1569 1667 1642 1734 eius
1664 1665 1848 1734 (distribuet.
1862 1667 1909 1732 ,Et
1933 1667 1992 1732 boc
2010 1669 2139 1754 quidem
2159 1669 2256 1752 iecit,
2275 1669 2400 1755 quando
2416 1671 2456 1742 de
2473 1637 2606 1736 44444444.

1497 1773 1591 1840 eosic
1605 1771 1822 1838 cotttttmeiiue
1837 1771 1908 1838 lecit
1923 1791 2010 1838 uoto
2026 1775 2276 1844 444-’4444444444
2288 1777 2326 1854 ¹:
2347 1783 2382 1844 et
2396 1777 2455 1848 boc

1499 1887 1546 1946 est
1562 1881 1598 1946 iu
1609 1877 1799 1946 ascensione
1816 1877 1931 1944 iactum
1944 1931 1952 1958 ,
1967 1883 2141 1958 secundum
2157 1883 2235 1950 illud
2252 1881 2288 1948 ati
2307 1883 2456 1967 Ephesios

1499 1991 1634 2072 quarto:
1664 2009 1680 2042 4
1697 1983 1870 2050 hscentlens
1901 1983 1940 2070 in
1965 1985 2087 2066 altum,
2109 1987 2265 2072 captivam
2288 1987 2384 2054 duxit
2405 2007 2460 2058 ca-

1471 2099 1472 2102 ’
1498 2089 1697 2174 ptiritatem,
1716 2087 1799 2156 dedii
1823 2087 1904 2156 dona
1926 2087 2108 2158 hominibus
2124 2117 2154 2156 ».
2180 2093 2241 2158 Hoc
2263 2099 2367 2160 autem
2384 2093 2457 2162 lecit

1498 2203 1605 2264 noster
1630 2195 1829 2276 Emntanuel;
1845 2195 1941 2262 isaiae
1957 2203 2087 2266 octavo:
2109 2225 2126 2256 «
2142 2199 2224 2266 Vota
2239 2215 2351 2266 nomen
2369 2199 2458 2270 eius:¹

1490 2303 1659 2380 44444444,
1692 2301 1788 2386 spolia
1821 2301 1968 2380 detrabe,
2000 2303 2111 2372 festina
2135 2303 2276 2390 praedari
2294 2329 2326 2368 ».
2349 2305 2456 2372 Proe-

1497 2409 1669 2482 deterosi
1692 2413 1797 2474 autem
1830 2407 1953 2474 sortiter
1975 2407 2151 2490 diabolum,
2174 2409 2346 2478 secundum
2378 2409 2456 2480 44444

1498 2515 1593 2582 444444
1623 2515 1863 2600 quadragesimo
1895 2533 1976 2582 nono
1991 2519 2018 2558 1⁰
2030 2543 2085 2584 t«
2099 2519 2247 2604 Nunquid
2277 2517 2406 2582 tolletur
2438 2537 2458 2586 a

1497 2621 1571 2686 forti
1600 2621 1743 2704 praeda?
1778 2621 1839 2686 444
1874 2621 1959 2706 quod
1988 2633 2115 2708 captum
2147 2623 2244 2690 luerit
2274 2641 2292 2688 a
2324 2621 2454 2692 robusto

1498 2727 1620 2794 saltum
1658 2743 1726 2792 esse
1766 2727 1906 2812 poterit?
1947 2727 2023 2810 Quia
2066 2729 2252 2798 haecdicit
2282 2729 2454 2808 Dentibus:

1499 2833 1649 2918 Equidem
1671 2839 1705 2900 et
1725 2833 1891 2918 captivitas
1912 2851 1931 2898 a
1953 2833 2027 2918 lorti
2050 2837 2178 2902 tolletur
2196 2861 2235 2916 »3-
2251 2843 2281 2902 et
2305 2835 2384 2900 Osee
2399 2835 2452 2902 de-

1497 2939 1581 3008 cimo
1610 2939 1724 3008 tertio:
1759 2965 1773 2998 a
1790 2939 1931 3026 Diripiei
1954 2941 2104 3008 Dominus
2137 2943 2323 3008 thesaurum
2351 2941 2454 3010 omnis

1497 3047 1581 3116 rasis
1595 3047 1809 3116 desiderabilis
1826 3075 1855 3112 ».
1874 3085 1912 3096 --
1924 3047 2023 3116 liuius
2037 3051 2142 3136 figura
2156 3049 2340 3134 praecessit,
2357 3049 2450 3134 primi
2469 3065 2556 3122 4444.

1497 3157 1615 3242 Regum
1634 3155 1793 3242 trigesimo
1808 3157 1852 3236 1¹,
1877 3155 1908 3222 in
1931 3155 2047 3236 David,
2073 3157 2113 3224 de
2135 3177 2199 3242 quo
2220 3155 2352 3236 dicitur,
2370 3155 2454 3242 quod

1496 3279 1662 3348 regressus
1684 3281 1704 3328 a
1725 3261 1819 3330 caede
1842 3259 2213 3348 hutateclt‚‘exspollatts
2235 3263 2453 3342 hmalechitis,
2524 3323 2525 3326 ,

1497 3371 1596 3454 spolia
1631 3371 1791 3436 distribuit
1823 3376 1852 3436 44
1882 3395 1898 3428 c<
1914 3369 1998 3436 misit
2021 3371 2101 3436 dena
2126 3369 2302 3438 senioribus
2326 3369 2455 3436 ludaei

1497 3475 1653 3560 proximis
1673 3477 1740 3544 suis
1756 3503 1786 3542 ».
1811 3497 1855 3524 -·-
1880 3477 1913 3542 Et
1939 3485 2028 3556 nota,
2052 3477 2137 3564 quud
2167 3477 2313 3542 Christus
2339 3474 2455 3542 dicitur
2473 3489 2603 3536 4444444.

1495 3583 1603 3668 444444
1627 3581 1754 3650 dioboli
1773 3577 1988 3660 distribuere,
2007 3585 2094 3668 quia,
2113 3583 2184 3650 litet
2205 3583 2271 3666 ipse
2285 3601 2395 3650 onmes
2418 3581 2458 3652 li·

1496 3689 1671 3766 berarerit,
1698 3695 1800 3754 tamen
1824 3689 1917 3754 etiam
1942 3695 2062 3770 partem
2087 3689 2184 3754 huius
2211 3687 2329 3774 gloriae
2350 3689 2454 3756 direr-

1496 3793 1539 3860 sis
1555 3791 1826 3878 praedicatoribus
1841 3793 2025 3872 committit,
2041 3793 2096 3878 qui
2113 3803 2146 3862 et
2159 3793 2218 3880 ipsi
2235 3793 2311 3860 sunt
2332 3793 2454 3878 spoliu-

1497 3907 1584 3966 torcs
1607 3899 1749 3986 Aeppptt'
1757 3953 1767 3978 ,
1792 3899 1890 3966 Exodi
1907 3899 2091 3968 duodecimo
2104 3903 2141 3966 ¹¹.
2159 3939 2203 3950 --
2219 3903 2266 3966 lin
2283 3899 2341 3966 hoc
2357 3901 2454 3986 igitur

1472 4013 1646 4092 apparet,
1668 4007 1752 4092 quod
1777 4007 1922 4090 expulsio
1946 4007 2137 4074 daemonum
2163 4007 2260 4072 fiebat
2288 4023 2307 4070 a
2331 4005 2460 4072 Christo

1470 4173 1471 4176 ,
1496 4133 1557 4178 444
1583 4111 1701 4178 virtute
1724 4111 1877 4178 diabolica
1899 4131 1957 4178 nec
1971 4111 2128 4192 humana,
2145 4109 2199 4178 sed
2221 4129 2278 4196 per
2303 4109 2459 4196 Spiritum

1472 4213 1473 4216 ’
1496 4227 1652 4286 sanctum.
1676 4219 1714 4284 Et
1736 4217 1814 4284 haec
1838 4223 1887 4284 est
1907 4217 2025 4284 ueritas
2047 4217 2175 4286 intenta.
2205 4247 2207 4252 ·

1589 4325 1640 4388 444.
1664 4325 1771 4406 (44444.
1790 4323 1867 4404 43.).
1894 4323 1998 4388 lertio
2021 4343 2113 4402 reru,
2142 4331 2311 4392 annectens
2333 4321 2454 4388 ueritu-
2472 4335 2577 4382 tertium-

1496 4439 1558 4496 tem
1583 4429 1797 4508 utlt‘tttretum,
1832 4427 1958 4510 subdit:
1982 4427 2049 4514 Qut‘
2071 4449 2138 4496 nott
2159 4437 2207 4496 cst
2228 4447 2354 4496 tttcettm
2379 4447 2454 4496 cou-

1497 4545 1553 4614 tru
1577 4555 1626 4602 mc
1649 4543 1714 4614 cat;
1736 4553 1773 4602 ac
1795 4553 1851 4618 per
1877 4537 1935 4600 hoc
1953 4535 2111 4614 bominac,
2130 4553 2210 4620 quos
2224 4533 2367 4600 diabolus
2385 4553 2455 4620 pos-

1496 4643 1593 4720 sidet,
1617 4643 1741 4708 Christo
1767 4649 1960 4726 repugnant,
1983 4649 2016 4708 et
2034 4617 2215 4708 secundum,
2243 4641 2321 4706 illud
2343 4659 2456 4706 secun-

1427 4795 1428 4798 ,
1496 4749 1553 4816 dae
1577 4749 1614 4814 ad
1639 4747 1815 4816 Corinthios
1839 4751 1989 4816 44444144
2021 4745 2325 4832 tQtraeconrentio
2339 4745 2456 4814 Christi

1496 4854 1536 4921 ad
1558 4853 1653 4922 Belial
1668 4861 1706 4920 »t
1728 4891 1773 4902 -
1797 4853 1833 4920 Et
1854 4855 1929 4938 quia
1953 4855 2059 4920 nullus
2079 4853 2254 4920 fortitudini
2270 4851 2338 4918 eius
2353 4857 2456 4936 potest

1496 4959 1662 5040 resistere,
1694 4959 1763 5026 ideo
1793 4961 1920 5026 subdit:
1956 4961 2061 5044 Qui¹¹
2090 4979 2157 5026 444
2180 4957 2303 5044 colligit
2326 4977 2454 5024 tttccum

1496 5069 1677 5156 dispergit,-
1702 5069 1793 5154 4444,
1818 5069 1899 5134 sicut
1917 5069 2033 5136 dicitur
2049 5069 2101 5134 lob
2118 5085 2217 5148 nono,
2246 5093 2262 5126 4
2277 5065 2348 5150 quis
2363 5065 2455 5132 resti-

1497 5175 1602 5254 tit‘ei,
1628 5182 1659 5242 et
1681 5193 1788 5262 pacem
1814 5175 1924 5242 habuit
1941 5183 1974 5242 »4
2007 5175 2152 5242 Ollicinrn
2177 5191 2316 5258 namque
2339 5171 2455 5240 Christi

1496 5287 1545 5348 est
1568 5299 1777 5370 congregare,
1799 5283 1973 5350 secundum
1989 5281 2069 5350 illud
2085 5281 2206 5348 loannis
2228 5279 2454 5348 undecime¹⁵=z

1570 5611 1747 5682 ¹¹despicitur
1775 5617 1850 5666 Rom.
1880 5617 1904 5680 4,
1931 5617 1974 5668 44.
2003 5629 2060 5684 444.
2078 5643 2112 5654 -
2132 5615 2190 5668 Duo
2216 5627 2290 5680 seqq.
2320 5611 2368 5665 leci
2396 5615 2456 5666 suni

1498 5703 1563 5768 pr.
1586 5703 1614 5768 4,
1635 5705 1659 5756 8.
1677 5711 1704 5758 44
1723 5705 1779 5756 lsai.
1797 5705 1830 5768 8,
1849 5705 1876 5758 3.
2450 5749 2451 5752 ,

1571 5789 1593 5822 ¹⁰
1612 5793 1687 5862 vers.
1707 5791 1749 5846 44.
1769 5797 1793 5846 44
1811 5791 1859 5856 45,
1880 5799 1939 5858 post
1958 5791 2107 5858 44440444
2135 5795 2181 5856 43,
2204 5793 2251 5858 45,
2271 5789 2316 5842 444
2334 5805 2385 5858 pro
2408 5803 2455 5844 ou·

1497 5879 1536 5932 sis
1553 5879 1665 5932 CDFG
1682 5879 1773 5936 ouilia.

1570 5967 1592 5996 ¹¹
1612 5969 1687 6022 Vera.
1706 5969 1749 6022 46.
1768 5971 1829 6021 Post
1844 5969 1912 6022 lude
1934 5969 2044 6032 Vulgata
2065 5975 2090 6020 et
2109 5971 2167 6020 444.
2186 5967 2309 6020 omittunt
2327 5969 2359 6020 tt.

1571 6051 1593 6086 ²¹
1611 6059 1686 6120 Vens.
1707 6059 1758 6108 36:
1776 6057 1902 6108 Dominus
1919 6061 2010 6108 autern
2028 6057 2106 6108 dedit,
2119 6055 2228 6118 gratiam
2249 6057 2346 6122 populo
2366 6067 2456 6106 eoram

1497 6143 1648 6210 Aegyptiis,
1666 6151 1696 6198 ut
1714 6143 1983 6208 eotnmodarenteis;
2004 6149 2029 6196 et
2046 6143 2226 6208 spoliaverunt
2238 6143 2391 6208 Aegyptios.
2402 6141 2463 6196 Cir..

1496 6231 1563 6284 ibid.
1586 6233 1614 6296 3,
1635 6233 1677 6284 44.
1696 6247 1752 6298 seq.
2207 6241 2208 6246 ’
2396 6229 2397 6232 ’

1569 6317 1592 6350 ¹¹
1610 6323 1685 6374 Vers.
1707 6323 1747 6374 45.
1760 6347 1795 6362 ·-
1808 6321 1936 6386 Superius
1954 6335 2003 6386 pro
2024 6335 2058 6374 uo
2075 6335 2123 6390 per
2142 6321 2192 6376 hoc
2210 6317 2361 6374 horttiuet...
2383 6319 2456 6374 Chri·

1496 6413 1538 6464 444
1556 6413 1713 6478 repit-priuati
1728 6411 1747 6462 F
1766 6423 1798 6464 oc
1813 6425 1864 6478 prr
1883 6409 1932 6464 444
1951 6423 2070 6464 omues...
2088 6407 2225 6464 Christum
2244 6407 2412 6476 impugnent.

1569 6497 1593 6526 ¹¹
1610 6499 1737 6562 Vulgata,
1757 6513 1837 6566 quarn
1855 6497 1974 6566 sequitur
1994 6499 2050 6550 Vah.
2070 6513 2132 6552 cunt
2149 6497 2278 6552 nonnullis
2305 6495 2398 6560 codd,
2421 6497 2457 6552 Ei

1496 6583 1551 6654 qui.
1571 6613 1606 6626 -·-
1625 6587 1749 6652 Sequitur
1767 6585 1812 6638 lob
1833 6587 1861 6650 n,
1883 6587 1907 6638 4.

1554 6671 1592 6702 ¹⁵
1610 6673 1686 6728 l'ers.
1707 6675 1749 6728 st.
1769 6681 1794 6728 et
1813 6675 1855 6728 54.
1875 6677 1923 6728 Pro
1943 6675 2094 6732 4444444444
2112 6677 2172 6730 erut
2185 6673 2326 6728 ACDFG
2343 6671 2454 6728 Portus.

1496 6761 1607 6816 -Duo
1626 6779 1701 6832 seqq.
1719 6767 1770 6820 loci
1787 6773 1848 6820 sunt
1866 6765 1921 6820 lsai.
1944 6767 1984 6832 44,
2006 6767 2046 6820 44.
2068 6771 2093 6818 44
2111 6767 2152 6818 Ρ4.
2171 6763 2237 6832 444,
2258 6767 2281 6818 4.
