5908 8266
1065 593 1257 662 comatur.
1282 593 1320 658 lN
1344 589 1580 658 uthuuuctttit
1606 589 1722 658 LUCAE
1746 587 1778 656 C.
1804 589 1851 656 lX.
2382 599 2440 664 hat

471 777 676 854 praeceptum
701 773 845 854 sequitur
881 771 933 838 hic
962 769 1140 836 informatio
1176 767 1347 836 eorundem
1368 785 1430 854 per

469 869 599 956 factam
626 875 691 940 sire
713 875 904 960 exemplum.
923 873 1019 938 Habet
1034 875 1140 938 autem
1156 871 1236 938 haec
1250 889 1323 956 pars
1337 871 1428 938 duas.

359 995 450 1042 Divisio.
470 977 504 1040 ln
527 977 631 1060 prima
653 977 736 1042 enim
762 977 908 1044 informat
940 995 998 1062 per
1027 977 1211 1060 exemplum
1237 975 1431 1064 familiarite

470 1079 504 1146 iu
537 1079 675 1146 secunda
703 1081 777 1148 vero
813 1099 870 1166 per
894 1079 1058 1166 fiper-ale,
1086 1079 1179 1148 ibi¹:
1212 1081 1288 1148 Dies
1318 1089 1431 1148 antem

470 1193 623 1268 coeperat
646 1185 822 1252 declinare.
846 1185 986 1252 Primum
1009 1187 1182 1254 attenditur
1203 1187 1237 1252 in
1259 1187 1429 1254 turbarum

469 1287 652 1354 eruditione
683 1289 856 1374 spirituali
868 1313 880 1366 ;
909 1291 1101 1370 secundum,
1133 1291 1164 1356 in
1199 1307 1311 1358 eorum
1346 1289 1431 1378 refe-

469 1395 573 1460 ctione
594 1393 782 1478 corporali,
807 1411 887 1478 quae
911 1393 1041 1460 lormam
1066 1402 1095 1461 et
1121 1397 1255 1480 liguram
1276 1397 1359 1480 gerit
1380 1415 1430 1464 re-

467 1495 609 1564 lectionis
632 1497 813 1580 spiritualis.

562 1599 713 1666 iraditio
737 1601 868 1668 autem²
892 1601 1062 1669 turbarum
1083 1621 1102 1670 a
1126 1603 1273 1682 Domino,
1305 1603 1334 1668 in
1366 1621 1429 1688 qua

308 1707 624 1790 eamearn-tribuitur
642 1703 748 1772 'torma
769 1707 1038 1792 praedicatoribus
1062 1707 1092 1774 in
1125 1707 1263 1774 docendo
1286 1707 1428 1774 fidelium

326 1785 446 1922 iiiiii}
469 1810 603 1898 populo,
629 1811 807 1896 explicatur
830 1819 984 1898 quantum
1001 1811 1039 1878 ad
1056 1819 1206 1896 quatuor,
1224 1829 1306 1898 quae
1322 1811 1429 1896 requi-

309 1883 457 2028 Gabitha?
470 1921 588 1984 runtur
611 1915 643 1982 in
658 1915 876 2000 praedicando.
896 1917 1037 1982 Primum
1061 1923 1109 1982 est
1130 1915 1270 2002 fidelitas
1295 1935 1428 1982 cornor-

315 1987 458 2084 q⁰²iiii¹⁰¹'
472 2023 527 2098 cti:
551 2021 724 2090 secundum
749 2029 795 2090 est
819 2021 1050 2108 opportunitas
1067 2021 1146 2098 loci;
1172 2021 1315 2102 tertium,
1338 2021 1429 2088 doci-

471 2129 549 2194 litas
569 2127 710 2212 populi·
734 2135 884 2212 quartum
899 2133 1021 2204 autem,
1047 2123 1230 2212 affabilitas
1253 2123 1428 2212 diametri,-

470 2241 508 2300 ut
530 2233 575 2300 sio
597 2231 675 2298 nihil
699 2231 778 2298 desit
803 2233 897 2300 verbo
921 2231 996 2312 Dei,
1018 2249 1075 2298 nec
1099 2249 1140 2298 eu
1163 2237 1254 2316 parte
1280 2231 1428 2298 assisten-

470 2339 549 2404 tium
575 2353 632 2402 nec
653 2355 696 2402 ex
720 2343 810 2420 parte
842 2337 1075 2404 aduersantium
1101 2353 1158 2402 nec
1193 2343 1347 2420 exparte
1372 2355 1428 2402 au-

470 2441 648 2508 dientinm3
673 2459 729 2508 nec
761 2459 802 2510 ex
836 2447 926 2528 parte
958 2443 1155 2520 docentium,
1181 2441 1256 2528 quin
1271 2431 1275 2438 ’
1293 2441 1427 2508 uerbum

470 2543 591 2612 Domini
617 2545 729 2612 babeat
753 2547 891 2614 debitum
916 2547 1071 2614 ellectum.

564 2651 612 2716 li.
638 2651 738 2736 (Vers.
766 2655 839 2738 l0.).
866 2651 967 2720 Prion
992 2653 1086 2738 igitur
1111 2657 1264 2738 quantam
1288 2651 1327 2718 ad
1349 2651 1428 2734 fiole-

350 2769 454 2868 raaseoumta?
471 2755 594 2824 litatem
619 2759 777 2826 consortii
798 2759 932 2828 dicitur:
958 2761 999 2824 Bc
1019 2759 1146 2826 reuersi
1164 2759 1324 2842 Apostoli,
1340 2777 1429 2822 nnn-

347 2837 388 2870 Μ
452 2855 639 2930 'tiaoorant
661 2863 711 2930 illi
734 2885 956 2954 quaecamque
978 2863 1146 2952 fecerant·
1163 2865 1194 2930 in
1209 2881 1273 2948 quo
1298 2869 1428 2948 apparet

470 2985 581 3034 eorum
613 2967 763 3050 fidelitaS,
794 2971 869 3058 quia
891 2971 930 3038 acl
959 2969 1100 3038 ditinum
1131 2969 1322 3056 consortium
1352 2969 1428 3036 eele-

471 3073 555 3140 riter
578 3073 758 3140 redierant.
782 3077 870 3144 Unde
892 3077 1021 3144 luerunt
1045 3095 1107 3142 non
1132 3075 1212 3142 sicut
1237 3093 1366 3154 corvus,
1388 3077 1428 3150 de

471 3195 534 3262 quo
560 3177 687 3244 Genesis
708 3179 860 3246 ochvoi:
891 3179 981 3264 «Qui
1006 3179 1225 3266 egrediebatur
1250 3187 1278 3248 et
1296 3197 1358 3246 oon
1382 3197 1429 3246 re-

471 3281 654 3348 vertebatur
668 3307 699 3362 »;
715 3287 769 3354 sed
792 3287 874 3352 sicut
889 3287 1052 3366 columba,
1068 3287 1107 3352 de
1123 3285 1326 3372 qualititer,
1343 3287 1428 3372 quod

476 3411 493 3444 (ι
509 3405 585 3452 cum·
604 3405 665 3452 non
692 3389 877 3470 invenisset,
901 3391 954 3458 uhi
980 3391 1193 3476 requiesceret
1206 3409 1263 3476 pes
1277 3393 1362 3470 eius,
1379 3409 1428 3458 re-

470 3507 564 3556 versa
586 3499 635 3558 est
655 3493 696 3558 ad
718 3495 780 3560 Noe
805 3495 834 3560 io
859 3513 963 3562 arcam
980 3521 1011 3574 »,
1035 3503 1186 3578 tanquam
1201 3495 1302 3560 tidelis
1317 3497 1427 3562 amica.

471 3593 521 3660 Sic
543 3599 576 3660 et
597 3595 732 3680 Apostoli
758 3597 938 3664 columbina
959 3597 1155 3680 simplicitate
1181 3599 1328 3682 praediti,
1355 3605 1430 3664 sunt

470 3699 511 3764 ad
532 3697 693 3766 Christum
716 3701 860 3768 celeriter
889 3703 1005 3770 reversi
1038 3707 1187 3786 tanquam
1210 3703 1318 3770 hdeles
1347 3721 1429 3770 nun-

411 3881 413 3884 ·
472 3803 516 3870 tii.
542 3839 584 3852 -·
601 3805 736 3888 hpparet
760 3807 851 3872 etiam
877 3823 987 3873 eoram
1005 3805 1152 3884 fidelitas,
1171 3807 1247 3892 quia
1267 3807 1346 3872 nihil
1367 3809 1429 3874 lieo

471 3907 675 3986 celaverant,
710 3911 764 3976 sed
794 3917 1024 3976 narraverant
1047 3911 1078 3976 ei
1099 3929 1324 3998 quaecamque
1346 3911 1429 3998 fecc-

471 4021 654 4090 rant;·non
680 4019 714 4080 ut
738 4015 905 4082 Dominum
930 4017 1107 4094 erudirent,
1131 4033 1225 4100 quem
1250 4017 1326 4082 nihil
1344 4019 1428 4096 latet,

472 4117 525 4184 sed
551 4125 587 4184 ut
608 4119 825 4198 ostenderent,
842 4137 876 4188 se
898 4121 991 4186 etiam
1016 4121 1097 4184 troile
1123 4121 1233 4198 latere,
1251 4121 1274 4186 si
1293 4127 1428 4204 possent.

472 4223 651 4304 Quocontm
677 4223 768 4292 isaiae
800 4223 950 4310 vigesimo
980 4223 1106 4290 nono⁵:
1136 4249 1151 4280 «
1168 4225 1248 4290 Vae!
1272 4225 1326 4308 qui
1357 4243 1430 4310 pro-

473 4325 560 4393 luodi
592 4327 666 4392 estis
702 4327 814 4406 corde,
838 4335 914 4394 uta
946 4327 1077 4394 Domino
1109 4327 1306 4394 abscondatis
1328 4329 1430 4394 cousi·-

377 4445 453 4490 ,tiarae
473 4431 549 4496 lium
569 4457 583 4490 a
612 4439 669 4498 etc.
696 4431 751 4498 Vel
773 4432 842 4498 ideo
878 4439 1126 4510 narraverant,
1151 4439 1188 4496 ut
1209 4429 1249 4498 de
1271 4433 1362 4498 bonis
1384 4433 1429 4498 ia-

471 4535 528 4602 ctis
553 4553 614 4600 non
638 4543 828 4620 quaererent
842 4535 899 4604 sihi
917 4537 1067 4622 gloriam,
1082 4535 1137 4604 sed
1153 4533 1257 4600 omnia
1273 4535 1430 4602 referrent

470 4639 504 4706 in
527 4643 645 4718 Derim,
669 4641 841 4706 secundum
860 4641 936 4707 iilud
953 4643 1072 4724 primae
1086 4641 1126 4706 ad
1145 4639 1323 4706 Corinthios
1345 4641 1428 4706 deci·

471 4745 563 4810 moi:
585 4769 600 4802 a
617 4745 727 4810 Omnia
743 4745 774 4810 in
791 4745 920 4832 gloriam
939 4745 993 4810 Dei
1009 4745 1098 4810 lacite
1116 4767 1145 4822 >³3
1163 4751 1272 4810 contra
1287 4745 1357 4810 illos
1373 4745 1428 4830 qui

471 4851 580 4918 dicunt
595 4849 672 4916 iliud
690 4849 921 4916 Deiotaronomii
942 4849 1098 4934 trigesimo
1116 4849 1268 4944 secundo:
1291 4875 1307 4906 «
1319 4851 1428 4916 hiacus

471 4961 579 5020 nostra
600 4955 735 5032 excelsa,
761 4959 789 5020 et
815 4973 875 5020 noo
899 4955 1065 5032 Dominus,
1081 4953 1152 5020 lecit
1178 4955 1427 5020 haecomnia».

308 5143 459 5200 opportunitas
566 5063 615 5124 li.
641 5059 781 5126 Secundo
813 5077 888 5126 rero
911 5069 1065 5144 quantum
1089 5059 1129 5126 ad
1151 5059 1429 5144 opportunitatem

360 5195 408 5240 aar.
471 5163 534 5232 loci
556 5163 678 5232 subdit:
698 5165 735 5228 Bt
752 5165 910 5230 assumtis
934 5165 1015 5244 illis,
1037 5171 1191 5266 tanquam
1214 5165 1375 5246 fidelibuS,
1388 5163 1429 5230 ad

543 5451 552 5482 ¹
575 5453 648 5504 Vers.
671 5453 713 5504 ii.

542 5537 553 5568 ²
575 5537 633 5590 ilat.
650 5537 809 5606 Spiritaalis
827 5545 917 5594 oratoru
936 5539 1064 5606 arn-ditio,
1082 5545 1109 5592 et
1127 5541 1239 5594 subinde
1256 5541 1362 5612 fidelem
1377 5555 1428 5610 po·

468 5627 568 5696 patina
586 5641 636 5690 pro
652 5627 772 5696 fideliam
791 5627 891 5698 populo
910 5627 1004 5696 (ΑΕΗ
1019 5627 1154 5696 populos).

545 5711 557 5742 ³
574 5711 656 5766 Cocid.
677 5713 726 5766 AC
740 5715 790 5766 ou
811 5715 933 5768 omittunt
950 5729 999 5770 nec
1016 5729 1052 5768 eac
1067 5719 1146 5784 parte
1163 5713 1340 5768 audientiam.

542 5801 553 5830 ⁴
574 5801 647 5854 Veis.
664 5801 691 5852 7.
710 5809 736 5856 et
755 5805 777 5852 o.
799 5807 846 5856 Pro
866 5815 921 5858 nort
941 5801 1081 5858 inuenisset
1099 5803 1149 5858 CG
1169 5817 1223 5858 nou
1244 5801 1383 5858 incurriset.

542 5887 554 5916 ⁵
574 5887 648 5940 vers.
671 5887 711 5938 ts.
731 5915 764 5926 -
782 5889 900 5956 Vocibus
917 5889 945 5942 si
956 5893 1067 5956 passati
1085 5891 1142 5942 ilat.
1161 5891 1291 5942 interserit
1311 5889 1401 5942 latere.

542 5973 554 6002 ⁶
575 5975 648 6026 Vers.
666 5975 714 6038 st,
734 5981 794 6038 post
813 5991 891 6042 quem
911 5977 987 6026 Dent.
1006 5977 1054 6042 32,
1073 5975 1117 6028 ai.

542 6057 552 6088 ἵ
575 6061 648 6112 Vers.
668 6061 710 6110 3t.
731 6061 901 6128 -Sequitur
920 6061 987 6112 Osee
1007 6065 1035 6122 i,
1055 6061 1096 6112 il:
1112 6063 1214 6114 Datum
1227 6075 1287 6116 aaut
1301 6067 1349 6114 ete.
1364 6061 1428 6114 Voci

472 6147 571 6218 loquat·
588 6145 703 6200 CDGil
722 6149 891 6212 praemittunt
908 6145 954 6200 ibi.

542 6233 553 6262 ⁸
574 6235 647 6286 Vere.
668 6233 710 6284 ll.
723 6235 855 6296 -Beda,
870 6235 906 6286 lii.
921 6233 1022 6286 inLuo.
1041 6235 1068 6296 9,
1091 6233 1134 6284 to:
1151 6233 1227 6286 Unde
1248 6235 1335 6300 pulcre
1356 6237 1429 6286 Beth·

472 6323 543 6376 saida
573 6323 668 6374 dmnnr
696 6321 838 6388 tractoriam
858 6323 1050 6384 interpretatur.
1074 6323 1130 6384 ipsa
1149 6329 1190 6374 est
1215 6323 1302 6384 enim,
1322 6321 1355 6374 de
1375 6335 1428 6386 qua

472 6411 550 6464 isaias
569 6407 631 6476 [atq
654 6405 690 6474 t.]
708 6407 759 6460 ait:
776 6407 933 6462 Laetabitur
956 6405 1061 6460 derata
1088 6409 1114 6458 rt
1132 6405 1219 6470 incia,
1239 6411 1263 6460 et
1280 6405 1429 6462 ensnttain't

471 6495 588 6548 solitudo
614 6499 640 6548 et
656 6491 764 6560 {torota
780 6493 862 6560 quasi
881 6491 986 6560 idion,-
1005 6501 1029 6546 et
1048 6495 1127 6556 panto
1151 6497 1209 6556 post
1233 6493 1272 6562 [r.
1302 6491 1353 6560 t.]:
1374 6493 1430 6560 ipsi

471 6579 597 6634 ridebunt
615 6579 733 6648 plorabat·
756 6581 863 6634 Boncmi
886 6583 909 6634 ot
935 6579 1057 6634 decorant
1083 6577 1134 6632 Dei
1155 6579 1253 6632 trochi.
1277 6581 1321 6632 Est
1337 6585 1427 6632 arrtem

474 6665 639 6718 «Bethsaida
657 6667 686 6718 in
704 6667 816 6718 Galilaea
833 6667 926 6718 circites
945 6667 1064 6718 humeae
1082 6671 1107 6716 et
1121 6665 1188 6716 Petri
1200 6671 1225 6718 et
1238 6665 1349 6730 Philippi
1361 6667 1428 6728 Apo

472 6755 613 6814 stolorum,
635 6765 717 6816 prope
746 6761 869 6818 stagnum
897 6755 1109 6814 Gennesaretha,
1129 6757 1156 6804 ut
1174 6751 1200 6804 in
1219 6753 1335 6806 locorum
1356 6751 1428 6806 libris

473 6837 600 6906 [Hieron.,
620 6839 652 6890 tle
671 6839 726 6890 Situ
746 6847 771 6894 et
799 6839 951 6894 horninibus
978 6841 1095 6894 iocorum
1121 6839 1251 6908 habrahe]
1270 6839 1428 6892 invenimus.

1493 765 1702 846 consortium,
1727 767 1857 834 secessit
1883 785 2037 834 seorsum
2066 765 2103 832 ia
2133 763 2241 832 locam
2263 769 2447 848 decertant,
2528 823 2530 826 .

1494 873 1554 962 qai
1573 879 1620 938 est
1642 869 1860 952 Batlcsaidae,
1881 879 2033 958 tanquam
2062 871 2103 938 ad
2124 871 2228 938 locum
2251 873 2394 958 quietum
2419 881 2448 940 et

1494 977 1722 1064 tranquillum;
1745 977 1827 1044 ande
1853 977 1944 1044 ilarci
1982 977 2114 1046 sextat:
2143 975 2282 1044 «Venite
2305 995 2446 1044 seorsum

1494 1083 1524 1148 in
1549 1083 1706 1150 desertum
1733 1085 1834 1150 locum
1862 1089 1891 1150 et
1916 1081 2103 1168 requiescite
2126 1081 2275 1166 pusillum
2290 1109 2319 1146 a.
2339 1083 2374 1148 Bt
2397 1081 2448 1148 hic

1496 1189 1581 1256 locas
1606 1193 1651 1256 est
1676 1195 1777 1274 aptus
1796 1187 1983 1268 eruditioni,
2002 1187 2175 1254 secundum
2198 1187 2277 1254 iilud
2300 1187 2378 1256 Osee
2402 1205 2447 1256 so-

1495 1295 1615 1360 cundo:
1643 1319 1659 1352 c<
1677 1293 1831 1360 Adducam
1858 1311 1926 1360 eam
1948 1295 1982 1358 in
2004 1291 2202 1360 solitudinem
2228 1297 2258 1358 et
2281 1293 2392 1378 loquar
2411 1293 2447 1360 ad

1494 1415 1548 1462 cor
1571 1397 1639 1464 eius
1655 1423 1686 1462 a.
1710 1399 1764 1464 llio
1788 1403 1891 1466 autem
1917 1399 2004 1464 locus
2027 1398 2172 1466 desertus
2186 1403 2254 1464 erat
2279 1397 2369 1466 iaxta
2385 1405 2457 1480 sta-¹

1493 1519 1589 1586 gnum
1613 1501 1821 1588 Genesareth,
1847 1503 1931 1586 quod
1952 1511 2082 1586 apparet
2107 1521 2148 1568 eu
2172 1505 2232 1570 boo
2254 1503 2339 1588 quod
2355 1503 2445 1568 dicit:

1495 1601 1699 1670 bethsaidae.
1734 1607 1785 1670 Est
1814 1613 1920 1672 autem
1952 1607 2116 1674 Bethsaida
2143 1607 2286 1676 «civitas
2308 1607 2446 1674 Andreae
2551 1689 2552 1692 Ἴ

1493 1715 1522 1776 et
1547 1709 1626 1776 Petri
1643 1735 1677 1790 a,
1692 1709 1773 1776 sicut
1790 1709 1904 1776 dicitur
1921 1709 2043 1778 loannis
2058 1711 2160 1794 primo
2172 1709 2193 1776 ⁸.
2213 1713 2249 1777 Bt
2263 1719 2348 1790 nota,
2363 1713 2446 1796 quod

1493 1829 1556 1876 non
1577 1811 1653 1878 dicit
1677 1809 1876 1892 Bethsaida,
1901 1815 1990 1898 quasi
2012 1813 2105 1880 insta
2123 1815 2207 1880 illam
2226 1803 2379 1884 uirtutem
2398 1817 2446 1882 rel

1493 1913 1522 1980 in
1549 1913 1690 1994 civitate3
1714 1915 1767 1982 sed
1795 1913 2007 1994 Betltsaidae,
2033 1917 2107 2000 quia
2140 1925 2282 1986 remotus
2312 1925 2379 1986 erat
2403 1919 2446 1984 io-

1493 2039 1566 2100 cuS,
1589 2021 1622 2086 in
1644 2019 1820 2086 oonhnibus
1845 2025 1947 2088 tamen
1972 2021 2106 2088 civitatis
2135 2021 2325 2090 Bethsaidae.
2362 2025 2446 2092 Unde

1493 2125 1584 2192 ilaroi
1622 2123 1737 2192 sexto⁹
1770 2123 1904 2204 dicitur,
1934 2125 2017 2210 quod
2054 2133 2123 2210 post
2157 2127 2442 2212 multiplicationem

1493 2249 1608 2316 panum
1631 2229 1733 2310 iussit,
1749 2245 1803 2294 eos
1817 2229 2004 2312 praecedere
2027 2255 2043 2286 «
2058 2237 2145 2294 trans
2168 2231 2283 2298 iretrrm
2300 2233 2339 2300 ad
2356 2235 2445 2300 Beth·
2487 2223 2490 2234 '

1493 2333 1608 2402 saidam
1625 2361 1654 2398 a.
1680 2335 1764 2402 Unde
1789 2351 1851 2400 non
1874 2341 1922 2400 est
1943 2333 2167 2414 contrarietas,
2193 2335 2248 2400 sed
2276 2355 2361 2404 unus
2389 2357 2442 2404 ex-

1492 2441 1629 2526 planarit
1651 2441 1736 2524 quod
1758 2441 1838 2506 alter
1864 2437 1969 2506 tacuit.

1582 2547 1631 2610 ts.
1656 2545 1756 2628 (Vers.
1789 2545 1863 2626 ll).
1887 2545 1992 2612 Tertio
2015 2561 2091 2612 vero
2116 2553 2269 2630 quantum
2294 2547 2331 2612 ad
2359 2549 2445 2614 dori·
2465 2563 2566 2628 nanae

1492 2651 1614 2718 litatem
1645 2651 1763 2736 populi
1796 2651 1952 2738 adiungit:
1991 2651 2085 2732 Quod
2118 2669 2193 2716 carn
2224 2651 2456 2738 capnoatasant
2478 2619 2557 2672 ⁹⁰p⁰¹¹'

1493 2757 1626 2836 icariae,
1649 2765 1779 2824 secutae
1811 2763 1890 2822 sant
1925 2755 2039 2834 illurn,
2062 2765 2100 2822 ut
2121 2755 2239 2822 scilicet
2272 2755 2445 2822 doctrinam

1492 2863 1560 2930 eius
1581 2865 1782 2948 exciperent,
1807 2879 1900 2948 quem
1925 2861 2160 2938 desiderabant,
2178 2861 2351 2928 seeundum
2368 2861 2445 2928 iilud

1493 2969 1570 3036 Osee
1607 2969 1755 3038 sexto1⁰z
1785 2969 1956 3034 «Sciamus
1988 2985 2239 3052 sequemurque,
2266 2975 2303 3034 ut
2333 2973 2445 3050 cogno-

1493 3091 1616 3140 scamus
1638 3059 1805 3142 Dominum
1821 3101 1851 3140 ».
1869 3073 1953 3140 Unde
1978 3073 2058 3140 Beda
2080 3073 2112 3140 in
2135 3073 2259 3140 Glossa:
2282 3073 2445 3140 «Secutae

1492 3189 1571 3244 sant
1592 3199 1653 3246 uon
1679 3179 1708 3246 io
1734 3179 1894 3258 iumentis,
1920 3197 1982 3246 oon
2005 3179 2037 3244 in
2054 3179 2232 3258 uehiculis,
2248 3179 2301 3246 sed
2317 3179 2445 3264 proprio

1493 3283 1598 3352 labore
1615 3285 1744 3368 pedum,
1760 3291 1798 3350 ut
1812 3285 1953 3352 ardorem
1973 3281 2085 3350 mentis
2102 3283 2301 3350 ostenderent
2312 3311 2343 3350 a.
2362 3285 2445 3350 Unde

1493 3389 1584 3456 itarct
1611 3391 1740 3456 οοοοο11
1762 3389 1894 3468 dicitur,
1913 3389 1997 3474 quod
2011 3389 2103 3454 malti
2130 3389 2319 3474 «pedestres
2342 3389 2379 3456 de
2404 3389 2443 3458 ci-

1493 3479 1641 3560 vitatibus
1666 3503 1819 3560 venerunt
1845 3493 1963 3560 illuc».
1990 3493 2076 3560 Ratio
2101 3499 2205 3560 autem
2232 3495 2326 3560 huius
2344 3495 2444 3562 reddi-

1494 3603 1547 3664 tur
1570 3599 1692 3664 loannis
1707 3605 1816 3678 sexto,
1833 3597 1887 3664 ubi
1904 3597 2038 3664 dicitur:
2060 3599 2160 3662 «Post
2177 3599 2253 3666 haec
2269 3599 2347 3666 abiit
2362 3599 2445 3668 lasus

1495 3709 1579 3768 trans
1604 3721 1690 3770 mare
1712 3703 1902 3780 Tiberiadis,
1919 3703 2157 3788 etsequebatur
2181 3721 2253 3770 eum
2278 3707 2445 3772 multitudo

1493 3825 1622 3892 magna
1646 3809 1721 3892 quia
1744 3807 1890 3874 videbant
1914 3809 2018 3892 signa,
2045 3827 2124 3894 quae
2140 3809 2271 3876 iaciebat
2288 3839 2303 3870 »
2332 3819 2388 3878 etc.

1584 3915 1634 3978 ta.
1659 3913 1777 3996 Quarto
1806 3931 1880 3978 iero
1904 3919 2058 3998 quantum
2073 3915 2112 3980 ad
2129 3911 2358 4000 affabititatem
2374 3917 2444 3980 lla·
2466 3931 2585 3994 asiaticas

1493 4015 1593 4100 pistri
1617 4017 1795 4102 subiungit:
1819 4019 1861 4082 Et
1882 4019 2004 4102 excepit
2027 4017 2159 4094 illos¹²,·
2183 4019 2214 4082 iu
2232 4037 2295 4102 quo
2310 4019 2445 4086 ostendi·
2480 3983 2583 4038 uanam.

1494 4127 1548 4184 tur
1570 4121 1745 4204 benignitas
1773 4121 1888 4188 Christi
1922 4121 1956 4186 in
1980 4121 2094 4206 sipno,
2117 4121 2157 4186 ad
2180 4139 2274 4204 quam
2300 4123 2445 4190 hortatur
2465 4139 2568 4194 insigna.

1493 4225 1656 4308 apostolas
1681 4223 1716 4290 ad
1743 4227 1893 4292 Romanos
1910 4225 2029 4290 decimo
2053 4225 2181 4310 quinto:
2203 4227 2382 4310 «suscipite
2399 4229 2445 4292 in-

1493 4327 1612 4406 vicem,
1635 4327 1717 4394 sicut
1751 4337 1782 4394 ei
1812 4327 1955 4394 Christus
1988 4329 2124 4412 suscepit
2157 4323 2213 4394 ros
2237 4329 2265 4394 in
2296 4329 2445 4396 honorem

1494 4433 1547 4496 Dei
1565 4457 1594 4496 a.
1621 4433 1681 4498 Nec
1715 4437 1835 4498 tantum
1872 4433 1908 4496 in
1937 4433 2049 4518 sipno,
2072 4431 2127 4496 sed
2158 4433 2249 4496 etiam
2273 4433 2309 4496 in
2331 4431 2445 4508 carba·
2465 4451 2574 4496 nram.

1493 4537 1575 4602 unde
1610 4535 1718 4602 addit:
1755 4537 1796 4602 Bt
1832 4535 2025 4622 loquelatur
2057 4535 2122 4600 iilis
2157 4535 2194 4600 da
2231 4555 2331 4622 rapno
2367 4535 2444 4614 Dei,

1493 4641 1580 4724 quasi
1607 4659 1750 4706 sermone
1773 4639 1886 4706 aliabili
1912 4645 1942 4706 et
1965 4639 2128 4718 familiari,
2154 4645 2190 4706 ut
2213 4657 2288 4706 rere
2303 4641 2445 4706 ostenda-

1493 4753 1545 4812 tur
1568 4747 1732 4830 implctum
1748 4745 1823 4812 iliud
1840 4745 1950 4810 Psalmi
1965 4745 2007 4808 ¹³:
2039 4771 2054 4802 a
2069 4745 2208 4810 Narrabo
2225 4763 2337 4812 nomen
2355 4751 2443 4810 tuum

1492 4849 1642 4916 tratribus
1667 4851 1789 4916 meis».
1814 4847 1896 4916 Licet
1931 4855 2035 4914 autem
2060 4849 2244 4932 loqueretur
2266 4849 2445 4928 affabiliter,

1493 4971 1553 5020 non
1576 4957 1680 5018 tamen
1702 4953 1873 5030 inutiliter,
1897 4969 1958 5016 non
1984 4953 2167 5030 carnaliter,
2191 4951 2265 5036 quia
2289 4955 2325 5018 de
2351 4969 2445 5036 ragno

1493 5057 1565 5136 Bei,
1588 5075 1649 5124 non
1675 5057 1712 5124 de
1747 5055 1878 5134 ntundo;
1916 5057 1998 5120 unde
2021 5055 2139 5140 primae
2170 5055 2250 5120 Petri
2275 5057 2443 5144 quart014:

1499 5163 1561 5228 «Si
1584 5163 1656 5248 quis
1682 5161 1821 5248 loquitur
1844 5159 1932 5246 quasi
1961 5167 2121 5228 sermhhes
2144 5159 2198 5226 Dei
2216 5183 2247 5240 »3
2271 5169 2303 5228 et
2325 5159 2445 5228 loannis

1491 5453 1542 5508 Ch.
1561 5455 1649 5506 Glossa
1670 5453 1812 5508 ordinaria
1830 5451 1875 5516 (ex
1902 5451 1983 5516 Beda)
2009 5451 2037 5502 in
2062 5453 2148 5504 ilatth.
2171 5449 2216 5516 tt,
2236 5453 2279 5504 ii.
2299 5449 2380 5516 (apcrd
2399 5453 2445 5514 Ly·

1490 5541 1610 5608 ranam),
1628 5541 1675 5594 ubi
1693 5541 1802 5594 dicitur:
1819 5537 1893 5592 Unde
1906 5537 1990 5590 Lucas
2002 5551 2060 5590 non*
2072 5537 2153 5592 dicite
2172 5539 2217 5606 qui
2237 5547 2275 5590 est
2294 5537 2444 5602 Bethsaida,

1491 5627 1556 5680 sed:
1573 5629 1620 5696 qui
1638 5633 1679 5680 est
1695 5627 1848 5680 Bethsaidae
1867 5631 1915 5678 etc.

1561 5711 1665 5768 9νοοο.
1688 5715 1729 5768 to.
1748 5743 1782 5756 —
1802 5715 1853 5768 Cir.
1871 5713 1960 5766 Glossa
1990 5711 2131 5768 ordinarit
2153 5713 2193 5780 (ex
2212 5713 2293 5780 Beda)
2322 5715 2350 5766 in
2375 5717 2444 5766 iruna

1492 5803 1593 5864 iocum,
1613 5817 1642 5852 ex
1661 5815 1713 5868 qna
1727 5803 1815 5854 Glossa
1829 5797 2010 5854 interlinearis
2024 5799 2050 5852 in
2063 5801 2125 5852 Luc.
2138 5801 2165 5864 9,
2180 5801 2223 5852 to.
2240 5801 2325 5852 attert:
2342 5799 2396 5864 Qni
2407 5803 2446 5852 est

1493 5887 1663 5952 Bethsaidaa,
1683 5889 1815 5954 pertinens
1832 5891 1860 5938 et
1876 5885 1980 5938 vicinus
1997 5885 2166 5950 Bethsaidae,
2184 5885 2282 5938 civitati
2301 5887 2436 5940 Galilaeae.

1563 5969 1584 6002 ²⁰
1606 5975 1681 6026 Vers.
1699 5975 1724 6024 3.
1743 6001 1778 6012 -
1797 5974 1886 6024 Glossa
1906 5969 2049 6024 ordinaria
2067 5971 2109 6038 (ex
2122 5971 2202 6038 Beda)
2223 5973 2247 6022 io
2265 5975 2328 6026 Luc.
2348 5973 2377 6036 9,
2397 5971 2444 6022 tt:

1495 6059 1634 6110 «Secutae
1650 6061 1730 6122 snat,
1749 6073 1800 6110 oon
1819 6059 1955 6118 iumentis,
1974 6071 2027 6108 non
2047 6057 2174 6110 uehiculis
2186 6077 2199 6102 o
2216 6065 2265 6110 eto.
2282 6049 2376 6124 iliada:
2389 6057 2445 6110 Non

1492 6145 1516 6194 in
1536 6135 1658 6196 iumentis
1677 6143 1858 6208 vehiculisve).
1871 6141 1953 6196 Godd.
1966 6141 2015 6196 AC
2026 6143 2049 6194 D
2060 6149 2119 6194 ante
2132 6141 2259 6196 cellicolis
2273 6143 2395 6196 omittunt
2409 6141 2443 6194 in.

1563 6227 1581 6258 ¹¹
1604 6229 1679 6282 vers.
1698 6229 1742 6282 33.
1755 6227 1922 6280 -Subinde
1939 6227 2065 6290 allegatur
2084 6231 2155 6280 toan.
2171 6227 2200 6292 6,
2219 6227 2240 6278 t.
2251 6241 2307 6296 seq.
2320 6227 2367 6294 (Gr
2378 6229 2444 6282 Post

1492 6317 1541 6368 hoc
1559 6315 1710 6384 nitidata).

1562 6401 1583 6432 ¹²
1604 6405 1637 6454 ita
1657 6403 1735 6454 etiam
1755 6403 1839 6468 Beda,
1859 6401 1935 6456 Card.
1953 6401 2046 6464 flego,
2063 6401 2193 6466 hyrenem
2213 6403 2324 6468 Vulgata
2344 6417 2396 6458 eus.
2409 6431 2443 6442 -

1493 6491 1616 6556 Sequitur
1633 6491 1708 6542 Rom.
1730 6491 1775 6556 ti,
1796 6491 1820 6542 i.

1564 6573 1584 6604 ¹³
1605 6575 1698 6628 Psalm.
1718 6579 1764 6642 ii,
1783 6579 1827 6632 2³.
1847 6605 1883 6618 -
1901 6577 1992 6630 Glossa
2010 6575 2192 6632 interlinearis
2220 6577 2246 6630 in
2264 6581 2326 6632 Luc.
2343 6575 2376 6644 a,
2397 6581 2444 6632 tt:

1494 6665 1525 6718 Et
1546 6663 1703 6732 loquetatur
1722 6665 1792 6732 illis,
1811 6667 1887 6722 docet
1907 6665 2016 6726 inscios,
2035 6663 2066 6718 do
2083 6677 2169 6734 capno
2187 6665 2250 6732 liei,
2270 6683 2321 6722 non
2340 6667 2373 6722 de
2391 6681 2445 6720 sae·

1492 6749 1631 6806 cularibas.

1562 6839 1584 6870 ¹⁴
1603 6841 1680 6896 Vers.
1699 6843 1746 6908 ii,
1764 6851 1923 6914 postquem
1942 6845 2010 6896 ioan.
2031 6841 2061 6908 3,
2080 6843 2124 6896 31.
2141 6849 2169 6896 et
2186 6843 2217 6908 6,
2237 6843 2279 6896 69.
