5908 8266
577 651 643 718 tut

413 843 470 902 444
485 845 511 888 a
524 827 825 912 meinterpretantur
851 827 993 896 hosanna
1012 827 1176 914 pieriam,
1190 829 1318 912 quidam
1345 829 1537 914 1444414114-

453 909 526 942 ””““”
575 951 663 1010 narrt,
676 913 727 998 aiii
738 931 888 1018 44141444
906 935 972 1000 sire
987 933 1118 998 saiorum
1133 951 1185 998 rite
1199 931 1257 1018 s'ac
1271 961 1301 998 a.
1317 933 1509 1018 Augustinus
1524 937 1536 974 ¹

575 1043 681 1106 autem
704 1037 797 1118 dicit,
819 1037 906 1124 quod
926 1065 940 1098 4
957 1039 1101 1104 11444444
1115 1043 1164 1104 441
1178 1055 1241 1104 vox
1257 1037 1402 1106 laetantis
1417 1039 1467 1106 rel
1481 1039 1537 1106 oh-

576 1143 746 1222 4444414,
770 1152 807 1212 41
836 1145 945 1212 dicunt
977 1143 1118 1210 nonnulli
1148 1143 1293 1222 Hebraei,
1330 1143 1537 1230 4144144114-

576 1257 664 1316 ctum
686 1249 825 1320 indicans
851 1269 945 1338 quam
968 1249 1108 1334 'aliquam
1146 1265 1214 1316 rem
1237 1247 1430 1334 significans
1456 1249 1538 1316 sicut

549 1351 684 1422 ,racha
701 1355 879 1446 interiectio
905 1355 1095 1442 indignantis
1127 1371 1195 1420 esse
1229 1353 1423 1448 perhibetur.
1449 1353 1536 1420 Unde

576 1461 748 1526 secundum
775 1479 880 1528 rocem
907 1479 965 1528 nec
986 1459 1113 1526 Latinus
1137 1475 1240 1544 neque
1256 1459 1396 1526 Graecus
1412 1459 1471 1526 hoc
1487 1459 1535 1524 in-

575 1565 743 1650 terpretari
767 1567 885 1652 potnit,
913 1565 966 1634 sed
996 1563 1172 1632 secundum
1204 1581 1378 1632 sensum».
1406 1563 1439 1630 tt
1476 1565 1536 1632 hoc

575 1671 645 1738 vult
669 1671 780 1738 heatus
797 1673 893 1740 hocas
909 1671 1032 1748 dicere,
1055 1685 1126 1736 cum
1153 1667 1239 1736 dicit:
1271 1669 1367 1734 «Pax
1392 1669 1422 1736 in
1451 1669 1536 1736 caelo

413 1793 559 1840 coronarum.
576 1781 609 1842 41
623 1775 724 1862 gloria
737 1775 770 1840 in
788 1775 921 1844 excelsis
936 1803 968 1840 »,
982 1811 1024 1824 -
1038 1775 1123 1840 11444
1140 1773 1215 1860 quia
1230 1773 1289 1840 ista
1304 1775 1374 1840 laos
1391 1773 1450 1840 luit
1466 1775 1535 1840 laus

576 1881 720 1948 sublimis
742 1883 928 1950 humilitatis
952 1879 1088 1958 Christi,
1111 1879 1180 1946 ideo
1205 1897 1245 1946 ex
1271 1879 1338 1964 ipsa
1352 1895 1424 1946 cam
1442 1879 1535 1946 laude

576 1987 749 2072 Seraphim,
776 1995 925 2072 quaeest
954 1987 1024 2054 laos
1043 1985 1223 2066 Trinitatis,
1247 1985 1451 2052 constituitur
1466 1985 1535 2054 laus

575 2093 751 2162 immediate
777 2093 963 2162 4414444444
986 2111 1138 2162 canonem
1169 2093 1280 2162 hlissae
1310 2093 1343 2160 in
1370 2111 1534 2162 consecra-

568 2201 660 2268 tione
682 2201 871 2268 Sacrameoti
899 2201 1024 2280 4114414,
1046 2217 1110 2284 qua
1135 2199 1269 2268 dicitur:
1292 2201 1441 2282 Sanctus,
1459 2203 1535 2270 San·

576 2305 927 2384 414484441441414.
1357 2325 1359 2330 ’
1448 2327 1450 2332 ·

666 2411 717 2476 40.
741 2415 844 2496 (Vera
869 2413 947 2498 39).
974 2415 1013 2480 ut
1035 2411 1173 2500 puidam
1194 2411 1459 2480 Pharisaeorum
1473 2423 1532 2482 414.
1553 2493 1554 2496 ¹

428 2535 507 2586 reato,
525 2535 550 2578 a
576 2517 648 2584 Post
668 2517 861 2588 devotionem
889 2519 1085 2588 laudantium
1108 2527 1141 2588 et
1163 2519 1379 2588 celsitudinem
1403 2521 1533 2588 landum

418 2591 561 2684 ”lliiilili
577 2623 723 2690 subditur
754 2623 936 2712 conphrtatio
972 2627 1164 2694 invidorum
1178 2627 1205 2708 3,
1235 2627 1321 2694 circa
1350 2645 1447 2712 quam
1479 2627 1534 2694 de·

466 2695 516 2738 m
578 2731 773 2800 scribendam
808 2733 871 2800 diro
905 2733 1170 2814 introducuntur,
1196 2735 1313 2802 scilicet
1346 2733 1533 2820 indignatio

576 2837 792 2906 inuidentium
818 2843 849 2906 et
872 2837 1070 2924 approbatio
1093 2837 1322 2906 laudatorum.

665 2943 769 3014 Primo
791 2945 890 3028 igitur
911 2951 1068 3026 quantam
1090 2943 1131 3008 ad
1163 2943 1425 3028 indignationem
1450 2941 1533 3008 inni-

412 3065 549 3128 144444
575 3047 722 3114 44411144
745 3047 835 3114 dicit:
860 3051 900 3112 ut
921 3035 1062 3134 puidam
1086 3045 1352 3112 Pharisaeorum
1370 3047 1407 3112 de
1425 3045 1533 3110 turbis

411 3119 559 3162 ¹¹¹‘'‘d³⁰⁸'”m'
576 3153 747 3218 eliserunt
766 3153 810 3218 ad
844 3151 957 3218 ittam:
979 3151 1157 3236 Magister,
1181 3151 1320 3238 increpa
1349 3149 1531 3236 discipulos

577 3267 657 3324 tuos.
683 3257 744 3322 1144
761 3263 865 3324 44144
884 3257 1035 3326 dixerunt
1052 3275 1093 3324 ex
1109 3257 1340 3344 indignandum
1357 3257 1442 3324 unde
1457 3257 1533 3322 llat-

575 3361 656 3428 111441
681 3361 832 3446 vigesimo
854 3363 1001 3448 primot:
1031 3389 1045 3422 «
1062 3359 1209 3430 Videntes
1240 3361 1398 3448 principes
1430 3379 1532 3430 sacer-

575 3469 684 3536 dotnm
719 3475 751 3534 41
781 3469 903 3536 scribae
938 3467 1111 3548 mirabilia,
1137 3487 1217 3554 quae
1249 3469 1336 3548 iecit,
1362 3477 1393 3536 41
1415 3487 1533 3554 pueros

538 3647 539 3652 ,
576 3577 744 3644 414444144
768 3583 798 3642 41
822 3575 975 3644 dicentes:
1001 3575 1144 3644 hosanna
1160 3575 1231 3644 ‘tilio
1256 3567 1363 3656 David,
1381 3575 1530 3662 indignati

477 3717 479 3722 v
576 3688 692 3750 sant».
716 3681 795 3750 llaec
819 3681 1462 3772 441441441444114441444414414144
1488 3683 1533 3748 in-

576 3787 673 3866 uidia,
700 3807 779 3872 ottae
803 3787 1028 3874 praecipitabat
1052 3789 1383 3856 44414414111114441
1403 3789 1533 3856 demen-

550 3893 551 3898 ’
577 3893 658 3962 1144.
683 3893 771 3982 Unde
800 3893 951 3962 Glossa⁵:
980 3893 1089 3962 «11144
1122 3895 1328 3962 inridentium
1359 3893 1532 3962 dementia:

577 4019 666 4088 qoem
693 4019 768 4068 vera
788 4001 951 4070 docentem
974 4007 1146 4082 noverunt,
1172 4019 1245 4068 cum
1261 4001 1462 4088 propietatem
1479 4019 1534 4070 no-

512 4191 513 4196 ,
576 4107 690 4176 minari
713 4109 859 4188 audiunt,
884 4109 1055 4192 discipulos
1077 4109 1162 4186 eins,
1189 4107 1275 4196 quasi
1294 4109 1406 4174 melius
1423 4109 1533 4188 edocti,

575 4211 808 4298 redarguendos
828 4213 1010 4294 aestimant,
1033 4231 1115 4298 cruos
1138 4213 1190 4282 ille
1211 4214 1422 4292 instruxerat,
1439 4231 1533 4298 quem

575 4319 681 4384 Deum
704 4325 833 4406 apparet
857 4337 925 4388 esse
948 4337 1005 4404 per
1028 4319 1184 4386 miracula
1202 4345 1233 4386 1.
1265 4319 1353 4386 Unde
1376 4337 1417 4386 ex
1442 4319 1533 4386 laude

575 4431 605 4492 et
629 4425 726 4510 gioria
743 4425 857 4492 Christi
876 4427 1013 4492 maxime
1029 4427 1176 4494 commoti
1193 4432 1267 4494 sunt
1283 4425 1322 4492 ad
1337 4425 1532 4492 iracundiam

574 4531 695 4598 scrihae
716 4537 751 4598 et
771 4533 947 4614 Pharisaei,
976 4549 1050 4600 cum
1079 4531 1187 4618 potius
1219 4533 1372 4600 deberent
1403 4531 1531 4612 lactari;

574 4637 747 4704 secandum
770 4637 848 4706 illud
872 4637 995 4706 loannis
1016 4637 1242 4706 duodecimo⁶:
1270 4663 1286 4696 «
1305 4637 1459 4704 Pharisaei
1486 4637 1531 4704 di-

573 4745 693 4810 xeront
714 4745 755 4810 ad
776 4745 977 4832 semetipsos:
1004 4745 1137 4826 Videtis,
1154 4745 1230 4830 qnia
1245 4745 1322 4812 nihil
1338 4745 1531 4832 proficimus.

475 4925 478 4928 ,
574 4851 669 4930 Ecce,
693 4851 830 4920 mundus
855 4859 941 4922 totus
962 4859 1033 4938 post
1058 4871 1129 4920 eum
1158 4853 1281 4920 abiit».
1307 4851 1433 4918 Tristati
1456 4857 1532 4918 sunt

573 4955 689 5042 igitur,
710 4959 796 5024 unde
826 4957 1008 5026 debuissent
1041 4957 1169 5036 laetari,
1192 4963 1224 5024 et
1254 4957 1425 5036 excaecati,
1446 4955 1532 5024 unde

573 5061 756 5130 debuissent
779 5063 969 5142 illuminari3
995 5069 1025 5130 41
1049 5063 1109 5130 hoc
1131 5063 1215 5130 iusto
1239 5061 1355 5128 iudicio
1377 5061 1449 5138 Dei,
1476 5059 1530 5144 qui

573 5165 646 5232 dicit
685 5167 806 5234 loannis
839 5187 944 5234 nono:
991 5195 1004 5226 a
1034 5169 1066 5234 lu
1106 5167 1257 5246 iudicium
1298 5183 1355 5250 ego
1391 5165 1461 5232 4441
1498 5165 1529 5230 14

644 5547 653 5576 ¹
677 5539 699 5600 ln
720 5549 789 5600 loun.
809 5551 909 5614 Eraog.
937 5555 967 5600 tr.
998 5549 1040 5600 41.
1061 5561 1085 5600 4.
1106 5549 1130 5600 4.
1153 5545 1203 5600 Cir.
1225 5553 1287 5600 tout.
1311 5549 1355 5600 h'l.
1377 5561 1440 5614 pag.
1466 5547 1531 5614 414,

573 5643 634 5690 4414
656 5639 681 5690 4.
1145 5677 1153 5688 ,

480 5717 481 5720 ’
643 5723 653 5752 ²
674 5725 825 5790 4144441,
847 5727 873 5778 S.
891 5739 918 5790 p.
938 5723 983 5778 lV.
999 5739 1026 5792 q.
1048 5725 1089 5776 tir.
1111 5731 1140 5776 tr.
1165 5723 1196 5776 dc
1217 5723 1307 5776 Otticio
1327 5725 1437 5788 missae,
1456 5739 1483 5790 p.
1502 5727 1532 5778 11.

491 5833 493 5840 ·
572 5815 588 5880 S
612 5815 636 5866 t:
658 5815 708 5866 l'er
728 5813 822 5868 dicitur
842 5813 960 5870 Sanctus
982 5819 1005 5866 et
1024 5815 1106 5868 semel
1124 5815 1212 5880 Deus,
1235 5819 1262 5866 ot
1291 5813 1410 5868 trinitatis
1428 5821 1453 5866 et
1474 5813 1531 5868 oui·

571 5903 630 5956 tatis
649 5903 803 5968 mysterium
821 5903 1020 5968 comprobetur.
1040 5905 1095 5956 Hoc
1112 5917 1167 5956 uon
1178 5905 1263 5956 solum
1278 5905 1416 5970 Seraphim
1434 5905 1532 5956 414414-

572 5989 636 6044 bnnt
654 5989 703 6044 sub
725 5993 823 6044 excelso
844 5993 888 6044 Dei
910 5991 988 6056 solio,
1007 5993 1155 6044 secundum
1174 5993 1246 6056 quod
1265 5993 1361 6044 dicitur
1379 5993 1434 6044 lsai.
1457 5993 1481 6058 4,
1500 5993 1530 6060 3;

572 6077 620 6132 sed
637 6085 665 6130 et
683 6083 796 6144 qrratoor
812 6079 942 6142 animalia,
962 6079 1109 6134 secuudum
1136 6079 1199 6132 illud
1220 6079 1302 6144 Apoc.
1322 6079 1353 6144 4,
1376 6081 1411 6132 8:
1430 6081 1462 6134 lu
1481 6077 1531 6134 cir·

572 6167 646 6222 cuitu
665 6165 735 6222 44414
752 6167 872 6236 requiem
890 6181 945 6222 aton
959 6167 1093 6222 14444441
1110 6167 1152 6222 414
1169 6181 1202 6222 44
1221 6173 1296 6224 nocta
1313 6167 1443 6224 dicentia:
1464 6167 1532 6224 San·

572 6259 658 6310 ctus..
678 6255 744 6320 Qtrin
761 6269 825 6308 uero
846 6255 1021 6308 necessarium
1041 6263 1080 6308 est
1100 6257 1132 6308 ud
1162 6263 1295 6308 aeternam
1313 6257 1425 6310 salutent
1446 6255 1532 6308 incar-

571 6345 682 6398 nationis
699 6359 807 6412 quoque
826 6345 981 6410 mysterium
998 6345 1130 6408 confiteri,
1156 6351 1226 6398 recte
1253 6343 1432 6408 subiungitur:
1454 6345 1532 6398 Beue-

571 6431 669 6500 414144,
689 6431 738 6500 pai
755 6431 852 6488 44411...
869 6431 915 6484 Bis
941 6437 1030 6486 autem
1057 6431 1154 6486 dicitur
1178 6431 1307 6486 41444444
1335 6439 1444 6498 propter
1464 6431 1531 6486 duas

572 6527 661 6584 partes
680 6517 777 6584 salutis,
796 6533 865 6584 qtrae
883 6527 943 6572 sunt
963 6521 1029 6572 stola
1055 6521 1143 6572 cornis
1167 6521 1282 6573 4141414
1300 6519 1411 6588 utentis,
1430 6519 1531 6586 qrrihus

571 6609 657 6660 Sancti
677 6605 903 6660 44411444414414
923 6609 1032 6672 gloria...
1057 6609 1113 6660 Hoc
1137 6613 1225 6662 autem
1244 6607 1375 6660 ceraticum
1397 6607 1531 6660 44144411-

572 6709 632 6750 cum
653 6697 820 6762 Angelorum,
841 6695 912 6762 quod
939 6711 988 6750 nos
1013 6691 1149 6750 coartantes
1175 6695 1364 6762 significamur,
1391 6695 1464 6764 qrrod
1483 6711 1539 6762 per·

571 6785 621 6836 hoc
640 6783 798 6838 sacrificinm
809 6785 882 6848 144ςὶ
896 6783 1052 6838 coelestibus
1070 6785 1209 6852 debanna,
1223 6791 1247 6836 et
1260 6785 1320 6838 ideo
1340 6785 1449 6848 solveri;
1469 6799 1529 6838 curn

570 6869 953 6922 11114144444141441444444
973 6869 1156 6926 44444144.“-
1174 6873 1301 6938 Superius
1320 6885 1368 6938 pro
1389 6869 1417 6926 itt
1442 6883 1530 6926 conse·

539 7009 543 7016 ,
571 6955 691 7010 oratione
711 6957 773 7008 Vna
790 6955 868 7010 etiam
883 6959 971 7024 punto
989 6963 1052 7014 4414
1072 6959 1310 7014 carasca-ationem.

1151 653 1345 722 catillum.
1368 655 1407 722 ΙΝ
1428 655 1668 722 authentiam
1688 655 1806 724 tuctu
1826 657 1862 722 ·C.
1886 655 1964 722 xlx.

1601 833 1684 896 hooc
1717 833 1888 908 mundum,
1913 837 1948 896 ut
1972 829 2027 914 qui
2048 847 2109 896 444
2141 827 2245 894 rident
2271 827 2408 902 rideant,
2432 821 2552 910 etqui

1600 935 1707 1000 rident
1739 937 1821 1002 caeci
1857 935 1932 1002 11441
1950 961 1980 998 x
2009 935 2096 1002 Unde
2122 939 2154 998 et
2171 971 2173 980 ›
2187 941 2317 1018 propter
2351 929 2553 1028 illuminatio·
2576 941 2708 990 sonarum.

1600 1039 1844 1118 4444441144
1873 1047 1907 1106 et
1935 1039 2176 1106 confutationem
2202 1037 2365 1106 rebellium
2402 1035 2553 1104 Dominus

1599 1143 1773 1228 acceptavit
1787 1145 1938 1210 honorem
1956 1143 2061 1220 istum,
2080 1143 2160 1210 sicut
2174 1141 2307 1208 Glossa⁷
2333 1139 2422 1208 dicit:
2454 1141 2555 1208 «Fre-

1599 1253 1732 1334 quenter
1752 1247 1914 1334 ingressus
1936 1255 1983 1316 est
2015 1247 2169 1316 civitatem
2201 1247 2388 1324 ierusalem,
2411 1246 2551 1314 sednon

1600 1371 1671 1420 cum
1697 1353 1746 1420 his
1770 1353 1932 1432 laudibus,
1959 1371 2019 1418 non
2049 1373 2109 1418 ren
2135 1361 2280 1434 vocatus,
2312 1351 2396 1438 qtrod
2428 1369 2555 1438 semper

1598 1457 1738 1542 fugerat,
1765 1457 1823 1524 nisi
1847 1457 1954 1538 modo,
1983 1475 2055 1524 cum
2090 1457 2228 1526 ascendit
2264 1475 2433 1544 passurus;
2468 1457 2554 1544 qnod
2653 1451 2655 1458 ‘

1598 1561 1666 1628 ideo
1689 1562 1806 1628 laetum
1832 1571 1896 1642 est,
1919 1569 1958 1628 ut
1988 1563 2127 1648 amplius
2159 1565 2294 1630 illorum
2318 1563 2485 1630 adversum
2521 1579 2555 1630 se

1598 1669 1754 1736 excitaret
1787 1669 1955 1750 invidiam,
1977 1669 2052 1754 quia
2077 1669 2139 1736 iam
2168 1679 2292 1754 tempus
2324 1669 2476 1758 passionis
2508 1669 2555 1736 in-

1598 1773 1746 1852 41414414
1772 1793 1834 1842 444
1868 1775 1944 1862 quia
1973 1775 2127 1842 Dominus
2160 1775 2278 1844 44144
2315 1793 2424 1844 eorum
2459 1775 2555 1844 vellet

1597 1879 1732 1964 intendi,
1758 1883 1926 1966 sedquia,
1951 1881 2170 1948 iustoiudicio
2207 1901 2265 1950 suo
2297 1883 2439 1952 iaciendo
2468 1883 2555 1970 quod
2631 1897 2658 1940 ὕ

1597 1985 1719 2066 debuit,
1743 1985 1785 2054 illi
1811 1985 2006 2054 occasionem
2029 1993 2237 2070 acceperunt,
2261 1995 2297 2054 ut
2321 1989 2483 2056 ardentius
2507 1989 2555 2054 in-

1597 2091 1837 2160 flammarentur
1859 2091 1900 2158 ad
1920 2091 2045 2170 odium,
2072 2109 2112 2158 ex
2137 2109 2200 2176 qao
2222 2089 2308 2160 Deus
2330 2093 2554 2178 444444411-

1597 2207 1682 2268 ceret
1705 2200 1834 2266 bonum.
1857 2189 1945 2266 Unde
1966 2187 2251 2284 chrysostomum:
2279 2197 2466 2266 «Excitavit
2491 2217 2555 2278 eos,

1596 2325 1659 2374 non
1682 2314 1718 2374 ut
1742 2307 1882 2400 lacerent
1903 2305 1988 2392 quod
2005 2313 2076 2374 ante
2090 2306 2272 2386 noluerunt,
2297 2305 2350 2374 sed
2370 2311 2403 2372 41
2428 2309 2556 2390 possent

1595 2411 1701 2480 iacere
1723 2413 1808 2498 cpuod
1832 2413 1921 2498 prius
1953 2411 2107 2480 uolebant.
2143 2411 2285 2480 Facultas
2309 2411 2380 2480 data
2402 2417 2466 2492 est,
2492 2427 2555 2476 non

1596 2525 1718 2584 mutata
1742 2519 1935 2584 uoluntas».
1959 2519 2043 2584 Unde
2069 2503 2303 2604 1441444441
2332 2517 2366 2584 14
2396 2517 2446 2584 his
2476 2513 2555 2584 illud

1597 2623 1771 2710 Sapientiae
1794 2623 1950 2690 secundo:
1978 2625 2117 2690 «Gravis
2138 2631 2187 2696 esi
2207 2625 2299 2692 nohis
2314 2625 2352 2690 ad
2369 2621 2554 2702 ridendum',

1596 2729 1746 2814 quoniam
1769 2729 1928 2796 dissimilis
1951 2729 2088 2796 44141114
2113 2729 2176 2796 rita
2198 2729 2301 2810 itlius,
2324 2737 2355 2798 41
2372 2731 2555 2798 immutatae

1596 2838 1671 2900 sunt
1696 2833 1764 2900 444
1785 2835 1912 2901 illius».

1627 2979 1628 2982 =
1689 2939 1738 3002 ct.
1765 2939 1865 3022 (Vers.
1889 2939 1965 3018 hd.)
1994 2939 2134 3006 Secundo
2156 2945 2311 3024 qnantum
2327 2941 2368 3008 ad
2387 2941 2555 3026 approha-
2573 2957 2704 3056 approhare

1596 3043 1713 3110 tionem
1739 3043 1956 3110 laudatorum
1970 3043 2136 3111 subditur:
2154 3035 2369 3132 Quibus'r'pse
2384 3047 2450 3112 att.-
2474 3047 2555 3114 Dico
2567 3011 2604 3056 ¹³¹¹
2620 3017 2711 3056 ”mm'

1595 3149 1706 3228 uehis,
1727 3149 1830 3242 4414,
1851 3149 1885 3214 41
1905 3145 1943 3216 ht
1974 3151 2157 3230 tacuerant,
2184 3149 2310 3236 lapides
2342 3151 2556 3232 etantahnnt,

1596 3253 1687 3338 quasi
1709 3247 1810 3334 dicat,
1832 3253 1917 3340 quod
1942 3255 2018 3322 haec
2042 3255 2188 3322 voluntas
2218 3257 2273 3324 Dei
2300 3263 2364 3340 est,
2386 3257 2472 3344 qnod
2495 3257 2553 3344 ipsi

1596 3361 1743 3440 laudent,
1766 3361 1940 3428 secundam
1961 3361 2040 3428 illud
2064 3361 2207 3430 llatthaei
2234 3363 2382 3450 vigesimo
2405 3365 2553 3450 prirnol:

1602 3493 1620 3526 «
1634 3469 1668 3534 tt
1693 3467 1745 3536 ille
1766 3467 1866 3534 dixit:
1887 3467 2057 3554 ,Nunquam
2081 3467 2208 3554 legistis
2226 3471 2301 3554 quia
2315 3489 2359 3538 ex
2374 3489 2430 3538 ore
2451 3471 2555 3538 inlan-

1596 3575 1676 3642 tium
1710 3581 1744 3642 ct
1776 3574 1958 3642 lactentium
1996 3575 2150 3662 perfecisti
2183 3575 2446 3644 lanterinaco
2471 3579 2553 3646 enim

1595 3681 1751 3770 scriptum
1773 3687 1820 3748 est
1844 3683 1877 3748 in
1899 3681 2038 3760 Psalmo;
2063 3681 2145 3768 quod
2171 3683 2268 3752 uoluit
2285 3685 2436 3752 Dominus
2450 3685 2554 3752 fecere

1595 3785 1635 3854 ad
1658 3787 1874 3884 contusionem
1889 3785 2147 3866 Pharisaeorum,
2165 3787 2249 3854 unde
2264 3781 2370 3856 statim
2385 3789 2553 3856 subditur:

1601 3895 1764 3978 «Propter
1796 3893 1938 3962 inimicos
1964 3899 2055 3974 tuos,
2081 3901 2123 3986 41
2156 3893 2301 3962 destruas
2335 3897 2497 3963 inimicum
2522 3901 2554 3962 et

1596 4001 1780 4066 ultorem».
1806 4001 1988 4074 dicantem
2010 4001 2082 4084 plus
2108 3999 2197 4078 dicit,
2224 4001 2307 4086 quod
2339 4003 2378 4070 sit
2406 4001 2552 4070 uoluntas

1596 4107 1668 4186 Dei,
1691 4111 1728 4172 41
1750 4125 1767 4172 4
1792 4105 1965 4174 Pharisaeis
1989 4125 2050 4172 non
2072 4107 2172 4190 possit
2185 4107 2386 4194 10impenirt.

1687 4215 1738 4280 m.
1763 4211 1869 4280 Voluit
1889 4219 1996 4280 autem
2018 4211 2174 4280 Dominus
2195 4211 2241 4280 sic
2262 4213 2330 4280 fieri
2344 4267 2352 4294 ,
2368 4213 2552 4282 imminente
2572 4229 2658 4328 chapp
2673 4241 2708 4274 ra-

1596 4319 1756 4406 passione,
1781 4325 1812 4386 et
1838 4325 1969 4406 propter
2002 4317 2184 4404 cuempiam
2207 4325 2240 4386 et
2269 4327 2399 4406 propter
2432 4327 2552 4408 mpstc-
2654 4315 2658 4328 '

1597 4409 1717 4490 rium:
1731 4425 1869 4510 propter
1895 4423 2099 4508 exemptum,
2129 4429 2168 4490 ut
2200 4423 2370 4510 ignominia
2400 4425 2553 4510 passionis
2594 4445 2683 4496 noum

1596 4531 1817 4616 subsequentis
1839 4531 1966 4618 grauior
2000 4535 2082 4598 esset
2114 4549 2156 4598 ex
2188 4531 2404 4616 magnitudine
2433 4533 2552 4618 gloriae
2572 4497 2700 4550 ”mm

1596 4637 1827 4724 praecedentis,
1862 4637 2033 4706 secundum
2057 4637 2133 4706 iilud
2169 4637 2222 4704 ioh
2250 4639 2372 4706 decimo
2402 4641 2550 4706 sexto11:

1601 4769 1617 4804 «
1633 4745 1713 4832 Ego,
1730 4745 1791 4834 ,ille
1822 4745 1981 4830 quondam
2015 4745 2200 4830 opulentus,
2234 4751 2361 4832 repente
2397 4745 2552 4812 contritus

1596 4867 1668 4916 sum
1685 4877 1715 4914 1.
1741 4851 1771 4916 14
1798 4851 1858 4918 hoc
1879 4851 1974 4916 etiarn
2001 4847 2196 4928 ostenditur,
2221 4851 2313 4934 quale
2339 4849 2377 4916 411
2402 4847 2550 4934 gandium

1595 4955 1691 5022 huius
1714 4955 1842 5034 mundi,
1866 4955 1939 5042 quia
1964 4953 2112 5022 citissime
2145 4953 2271 5034 transit;
2306 4953 2549 5020 Prurerhiorum

1594 5061 1716 5126 decimo
1739 5069 1870 5144 quarto:
1901 5087 1917 5120 <t
1932 5059 2023 5126 111444
2057 5057 2166 5124 dolore
2201 5057 2403 5138 miscebitur,
2427 5065 2459 5124 41
2492 5075 2550 5124 ex-

1595 5173 1695 5232 trema
1712 5165 1814 5252 gandii
1832 5165 1936 5232 luctus
1952 5153 2086 5248 occupat
2102 5189 2130 5228 a.
2158 5163 2192 5228 tt
2208 5181 2265 5248 per
2282 5165 2342 5232 hoc
2357 5165 2550 5244 ostenditur,

1667 5547 1677 5578 ³
1695 5549 1763 5602 Vide
1784 5563 1862 5614 supra
1881 5563 1907 5600 n.
1926 5549 1971 5600 53.

1667 5639 1770 5692 41144.
1792 5637 1832 5690 15.
1853 5667 1886 5676 —-
1907 5637 2013 5690 interius
2032 5651 2080 5702 pro
2099 5649 2166 5706 punc
2174 5637 2370 5708 praecipitabat
2386 5637 2429 5704 (114
2444 5637 2475 5706 D)
2489 5639 2549 5690 Vat.

1599 5741 1659 5782 cunt
1679 5729 1734 5782 atiis
1751 5727 1829 5780 codd.
1849 5729 1872 5782 41
1891 5725 1925 5796 [Η
1944 5723 2322 5796 4114414114]44444114114441.
2384 5739 2385 5742 ’

1667 5813 1677 5846 ⁶
1696 5815 1797 5870 Scilicet
1814 5813 1959 5870 ordinaria
1977 5813 2018 5880 (ex
2037 5813 2126 5882 Beda),
2147 5813 2170 5864 in
2183 5815 2259 5868 cuius
2273 5813 2401 5882 principio
2419 5829 2470 5882 pro
2493 5827 2551 5868 ntu-

1581 5903 1713 5976 Ι41411441
1739 5905 1786 5970 (114
1812 5903 1892 5956 etiem
1919 5903 1989 5956 Beda
2009 5909 2034 5956 et
2052 5902 2154 5972 Glossa)
2172 5903 2232 5956 Vnt.
2251 5917 2311 5958 cum
2332 5903 2452 5970 pluribus
2470 5903 2549 5956 codd.

1595 6007 1734 6062 mugitum.

1665 6077 1770 6134 ὓ1144.
1792 6079 1834 6132 te.
1853 6085 1878 6134 41
1898 6079 1992 6134 441444
2011 6079 2040 6142 9,
2060 6079 2103 6130 39.
2139 6129 2141 6132 .

1667 6167 1675 6200 ⁷
1695 6169 1797 6224 Scilicet
1814 6167 1960 6222 ordirtaria
1987 6167 2043 6236 (ch.
2072 6167 2155 6230 Beda,
2174 6167 2213 6222 111.
2237 6167 2263 6222 14
2287 6169 2364 6222 hiero.
2387 6169 2427 6234 11,
2450 6167 2501 6234 14.)
2522 6167 2547 6218 14

1595 6261 1658 6312 tuc.
1678 6261 1727 6326 14,
1745 6257 1789 6312 41.
2128 6293 2130 6298 κ

1665 6343 1674 6374 ⁸
1694 6345 1849 6398 Η44111.37.
1869 6343 1896 6396 14
1914 6347 2001 6398 1141114.
2023 6345 2070 6410 21,
2094 6347 2113 6396 t.
2135 6343 2194 6414 (dp.
2214 6343 2384 6414 imperfect).
2404 6345 2460 6398 l'et.
2474 6345 2550 6398 ornit-

1595 6433 1623 6486 tit
1644 6435 1742 6500 (444144
1762 6437 1858 6486 textum
1888 6433 2041 6498 originalem
2071 6439 2095 6486 41
2114 6433 2204 6502 4444.)
2223 6433 2271 6488 444
2287 6437 2343 6488 41...
2361 6431 2494 6488 uolebant.
2513 6461 2548 6474 -

1595 6509 1719 6590 Sequitur
1736 6523 1797 6588 Sap.
1818 6521 1849 6588 2,
1868 6521 1911 6574 15.

1664 6607 1674 6640 ⁹
1695 6611 1770 6664 Vers.
1788 6609 1835 6672 16,
1852 6609 1878 6662 14
1898 6623 1952 6676 quo
1970 6611 2096 6676 allegator
2115 6611 2155 6664 Ps.
2174 6611 2207 6674 8,
2225 6611 2251 6674 3,
2270 6611 2315 6666 ubi
2340 6613 2417 6666 etiarn
2438 6619 2475 6668 est
2499 6617 2550 6668 loc.

1594 6713 1662 6768 serp:
1681 6701 1794 6768 Propter·
1813 6695 1936 6752 itrimicos
1956 6703 2004 6752 etc.

1664 6785 1688 6818 ¹⁰
1707 6787 1765 6840 Vnt.
1781 6785 1896 6854 possint.

1664 6873 1685 6904 ¹²
1708 6875 1780 6928 l'ers.
1801 6875 1843 6926 13.
1860 6899 1897 6912 -
1915 6873 2032 6928 Subinde
2050 6875 2175 6938 allegatur
2195 6877 2271 6934 Pror.
2295 6881 2334 6952 14,
2354 6883 2397 6938 13.
