5908 8266
1031 563 1227 634 cettheus.
1253 567 1288 632 ΙΝ
1313 565 1552 636 EVhNGELlUM
1574 559 1692 630 lucae
1715 557 1749 626 C.
1772 559 1847 626 xta.

452 743 634 822 ostendero,
656 757 791 828 pratum
818 759 867 808 me
890 739 1105 826 comprobabit
1118 767 1147 822 »3
1173 743 1265 828 quia,
1280 749 1319 810 ut
1332 743 1407 812 dicit

452 847 653 934 Augustinus,
685 847 793 914 «bene
819 845 903 932 loqui
928 853 958 914 et
981 845 1064 914 male
1088 847 1197 914 virere
1218 845 1299 914 nihil
1321 849 1407 916 aliud

450 959 517 1034 est,
539 971 636 1040 qoam
659 971 694 1022 se
716 969 774 1020 sua
806 951 912 1038 lingua
943 951 1090 1018 damnare
1105 977 1138 1016 ».
1169 989 1209 1000 -
1235 953 1287 1020 llic
1311 953 1406 1038 igitur

452 1059 629 1144 negligens,
651 1057 728 1126 dum
752 1055 903 1126 iudicium
927 1065 958 1124 et
981 1057 1179 1126 severitatem
1202 1059 1260 1126 Dei
1273 1061 1408 1128 ostendit
1434 1061 1435 1064 ’

452 1181 484 1232 66
509 1163 605 1244 66166,
624 1164 765 1250 16661666
780 1169 891 1232 666666
905 1181 956 1244 66;
972 1161 1058 1230 uude
1073 1169 1104 1230 et
1121 1163 1243 1232 subdit:
1260 1161 1406 1242 Sciebas,
1434 1169 1436 1230 1

452 1271 643 1358 qnod1epo
665 1269 762 1338 166666
784 1277 943 1336 66666666
962 1289 1057 1348 snm,
1081 1271 1193 1338 totiens
1226 1271 1316 1358 qnod
1340 1289 1407 1336 non

437 1377 564 1462 posui,
587 1385 617 1442 et
639 1385 760 1442 necteres
781 1377 871 1462 66661
892 1395 957 1442 uon
980 1375 1161 1454 semineci,
1187 1391 1244 1460 per
1259 1376 1407 1442 severita-

453 1489 516 1550 tem
538 1481 711 1562 vindictae,
737 1481 909 1550 secundum
934 1481 1011 1550 illud
1034 1481 1164 1550 Psalmi:
1196 1481 1307 1550 «Cum
1322 1499 1407 1550 6666-

453 1583 528 1672 6666
551 1595 692 1674 tempus,
713 1607 771 1674 ego
795 1587 931 1656 iustitias
953 1588 1140 1656 iudicabo».

541 1693 593 1760 36.
620 1695 720 1778 (11666.
738 1693 816 1778 23).
834 1695 876 1760 Ε1
890 1697 996 1782 querc
1011 1711 1077 1760 reon
1097 1693 1217 1760 dedisti
1229 1693 1407 1778 pecuniane

453 1817 560 1868 necere
598 1801 645 1868 661
680 1797 855 1868 6666666661
888 1817 946 1884 666
980 1797 1180 1868 sedulitatem
1213 1799 1407 1886 vigilantiae,
1436 1817 1437 1820 ’

453 1923 510 1990 666
532 1925 629 1994 quam
652 1907 817 1990 pecuniam
833 1903 1028 1990 evangelicae
1045 1907 1284 1990 praedicationis
1301 1907 1409 1972 debuit

454 2009 663 2096 multiplicare
687 2011 940 2096 evangelizando,
962 2027 1004 2078 66
1025 2019 1154 2096 6666666
1191 2009 1407 2096 negligentiam

452 2117 588 2184 divinam
612 2117 790 2184 incurreret
815 2117 902 2182 iram.
920 2115 1008 2184 Unde
1022 2117 1172 2182 Glossai:
1202 2143 1218 2174 6
1235 2117 1264 2182 Si
1279 2133 1330 2182 me
1351 2115 1409 2182 du-

454 2243 525 2288 rum
549 2231 580 2290 et
602 2223 762 2290 crudelem
785 2241 933 2302 noveras,
957 2241 1057 2306 quare
1088 2221 1148 2290 1666
1181 2221 1409 2308 cogitationen
1436 2257 1437 2260 ¹

453 2327 584 2396 incussit
606 2327 661 2395 tibi
689 2329 849 2408 timorem,
867 2333 903 2394 ut
919 2327 1032 2408 scires,
1056 2345 1104 2394 me
1133 2345 1203 2394 inea
1230 2327 1410 2412 diligentius

453 2435 671 2520 quaesiturum
686 2441 720 2502 »1
733 2471 775 2484 -
792 2435 829 2500 Et
850 2441 942 2514 nota,
964 2433 1050 2518 quod
1073 2439 1163 2502 vocat
1187 2451 1290 2500 mnam
1312 2451 1410 2518 peen-

453 2541 547 2608 661666
572 2561 690 2620 suurn,
713 2541 789 2628 quia
813 2539 943 2608 seientia
963 2547 996 2606 66
1019 2539 1121 2624 gratia
1142 2547 1174 2606 et
1196 2539 1338 2608 doctrina
1355 2537 1410 2606 Dei

454 2647 558 2732 potius
580 2655 628 2714 est
650 2665 747 2732 quam
769 2651 892 2726 nostra:
917 2653 949 2714 66
962 2645 1031 2714 ideo
1049 2645 1216 2714 Ezechielis
1233 2645 1410 2714 secundoi:

461 2779 475 2812 6
492 2755 643 2840 16666616
665 2753 762 2822 rerba
783 2771 853 2820 mea
878 2753 915 2820 ad
932 2771 985 2822 eos
1002 2777 1030 2834 »;
1048 2753 1171 2822 Glossa:
1194 2753 1285 2820 «Non
1313 2749 1409 2834 tuae:

456 2861 537 2928 unde
562 2867 591 2928 et
615 2861 760 2930 llatthaei
782 2859 920 2926 decimo:
950 2861 1047 2928 «Non
1072 2859 1154 2926 enim
1180 2859 1338 2936 66666616,
1356 2855 1409 2944 661

434 2967 645 3052 loquimini»
674 2975 732 3034 etc.
756 3003 801 3014 -
824 2967 882 3032 Sed
905 2967 983 3034 haec
1007 2975 1054 3034 est
1076 2967 1208 3050 6666616
1232 2965 1411 3046 661616666-

455 3091 541 3140 cessa
565 3073 601 3140 ad
627 3071 899 3152 fructificandum,
925 3079 955 3140 et
977 3073 1048 3140 ideo
1071 3071 1173 3140 addit:
1199 3073 1264 3140 1164
1286 3091 1343 3158 666
1361 3091 1411 3138 oc-

455 3179 548 3246 niens
573 3199 649 3248 curn
676 3179 789 3248 usuris
815 3179 1268 3266 6616666666166666111666,
1294 3177 1412 3246 seilicet

455 3303 513 3370 per
535 3287 723 3370 aequitatem
761 3285 912 3364 iustitiae,
948 3303 1005 3370 per
1040 3303 1135 3370 quam
1164 3287 1263 3372 exigit
1297 3301 1412 3352 usuras

455 3389 638 3476 multiplicis
659 3389 918 3458 fructificationis.
942 3390 1026 3458 Unde
1043 3391 1150 3458 Glossa
1163 3391 1193 3456 ⁵:
1216 3417 1233 3450 6
1249 3391 1307 3474 Qui
1323 3389 1412 3458 rerbi

455 3497 621 3578 pecuniam
644 3511 661 3560 a
686 3495 813 3562 doctore
834 3493 911 3560 emit
943 3495 1116 3574 credendo,
1139 3511 1264 3560 necesse
1287 3501 1352 3572 est,
1376 3500 1413 3560 ut

456 3617 523 3666 eam
539 3617 613 3668 cum
630 3599 737 3666 usuris
761 3597 860 3666 soleat
883 3599 1040 3682 operando
1057 3625 1086 3664 a.
1105 3599 1164 3684 Qui
1184 3617 1257 3684 ergo
1273 3599 1413 3684 neglexit

455 3705 531 3772 alios
556 3705 686 3784 docere,
720 3721 801 3790 quos
823 3703 944 3788 661616,
966 3705 1094 3770 illorum
1125 3703 1329 3788 negligentiae
1353 3703 1411 3770 sibi

455 3811 708 3898 imputabuntur.
725 3809 813 3878 Unde
827 3809 1112 3894 Chrysostonusr:
1134 3839 1149 3870 6
1163 3809 1221 3896 Qui
1241 3809 1411 3878 seminandi

452 3935 551 3986 causa
575 3935 680 3998 semen
703 3917 823 4002 accepit
844 3921 877 3984 et
891 3923 1032 4002 tempore
1049 3917 1262 3986 seminationis
1284 3935 1346 3982 non
1365 3935 1412 3984 se

455 4025 553 4090 minat
575 4025 725 4092 damnum
749 4023 822 4088 16616
842 4023 986 4104 domino,
1010 4025 1068 4092 etsi
1103 4043 1209 4092 semen
1238 4023 1412 4102 custodiat,

456 4139 595 4212 tantum,
622 4139 775 4218 quantum
800 4135 923 4214 poterat
955 4131 1082 4198 lucrum
1106 4131 1224 4208 iacere,
1250 4129 1272 4196 si
1300 4147 1413 4214 oppor-

456 4247 532 4306 6666
558 4245 699 4324 tempore
720 4235 949 4304 seminasset».
980 4235 1067 4304 Unde
1100 4243 1132 4304 66
1166 4235 1335 4314 Dominus,
1362 4253 1413 4304 re-

453 4343 544 4410 61666
568 4341 606 4424 ad
631 4343 798 4420 iudicium,
823 4361 885 4408 non
908 4343 1044 4428 requirit
1061 4343 1160 4410 solum
1179 4341 1312 4422 alonem,
1328 4341 1414 4426 qued

455 4449 558 4530 dedit,
581 4467 694 4516 rerum
716 4449 812 4517 etiam
833 4447 990 4528 fructum,
1013 4469 1108 4534 quem
1131 4467 1175 4516 ex
1196 4447 1278 4514 dono
1302 4465 1413 4532 exspe-

458 4555 562 4626 ctarit.
586 4555 656 4624 ldeo
680 4555 755 4622 dicit
784 4555 930 4622 Matthaei
961 4557 1098 4622 tertiol:
1129 4555 1269 4622 6066616
1301 4553 1414 4636 661666,

457 4681 537 4748 6666
561 4681 624 4730 666
640 4663 712 4730 16616
727 4661 867 4730 fructum
883 4661 1018 4742 honum,
1036 4663 1201 4730 excidetur
1217 4667 1249 4728 et
1263 4661 1295 4726 16
1312 4661 1413 4746 iguem

457 4769 599 4834 mittetur
616 4793 647 4832 6.
672 4765 759 4834 Unde
779 4773 811 4832 et
833 4765 873 4832 de
895 4765 1029 4832 liculnea
1055 4783 1150 4850 supra
1167 4763 1287 4832 decimo
1304 4765 1413 4852 tertio:

461 4899 477 4932 6
495 4875 572 4942 Ecce
598 4873 672 4940 6661
696 4879 761 4940 6666
783 4877 876 4952 sunt,
898 4889 941 4938 ex
963 4889 1027 4958 quo
1052 4871 1142 4940 remo
1166 4889 1321 4958 quaerens
1347 4869 1416 4938 fru-

458 4989 542 5048 ctum
569 4981 598 5048 in
625 4997 660 5048 66
689 4987 719 5048 et
754 4997 817 5046 non
845 4979 980 5046 1666616.
1010 4979 1140 5046 Succide
1168 4997 1244 5062 ergo
1265 4995 1354 5058 eam,
1379 4983 1416 5044 ut

457 5087 532 5174 quid
557 5085 648 5154 etiam
686 5093 803 5152 terram
833 5089 966 5170 occupat
983 5091 1019 5150 »t
1043 5081 1173 5168 Quaerit
1202 5083 1301 5168 igitur
1322 5088 1354 5150 et
1377 5083 1416 5150 de

528 5469 536 5500 ²
559 5471 642 5524 Codd.
659 5469 769 5524 CDFll
788 5477 815 5522 et
833 5471 965 5524 Gorranus
994 5471 1066 5540 quic.
1083 5499 1121 5510 —
1143 5471 1260 5540 Subinde
1288 5472 1414 5538 allegatur

458 5561 501 5612 96.
517 5561 566 5626 71,
584 5561 609 5610 3.

530 5645 540 5678 2
563 5647 663 5702 Scilicet
689 5647 829 5702 ordinarie
856 5647 897 5714 (ex
924 5649 1007 5714 lteda,
1025 5651 1073 5714 qui
1098 5649 1216 5716 66661166
1240 5649 1354 5714 theron,
1373 5651 1416 5704 111.

458 5735 603 5790 Comment.
624 5737 649 5790 in
668 5735 819 5800 1161616211,
837 5737 990 5804 26-28.),16
1004 5737 1221 5804 66166661661616
1236 5741 1256 5790 ll
1269 5753 1329 5792 eum
1345 5745 1416 5792 textu

458 5825 591 5890 originali:
612 5825 645 5880 Si
659 5839 703 5880 ene
720 5825 759 5880 itu
777 5823 881 5878 dueum
899 5831 956 5888 etc,
974 5831 1001 5876 et
1018 5825 1044 5876 16
1065 5825 1116 5876 tine
1141 5839 1191 5890 pro
1208 5839 1252 5878 ene
1269 5839 1329 5878 6666
1359 5825 1415 5880 diti·

381 5921 383 5924 ·
458 5913 564 5982 peritius
581 5915 696 5970 nonnulli
723 5911 811 5976 codd,
838 5919 868 5966 ut
890 5911 1008 5980 CDFG,
1027 5927 1071 5966 erte
1096 5927 1187 5968 666666
1214 5911 1414 5984 [6666616661Ἱ

457 6017 501 6056 ene
517 6017 625 6068 666666,
643 6005 664 6054 G
684 6015 725 6056 ene
744 5999 830 6068 illunc]
851 5999 999 6068 didicentes.

528 6089 538 6120 ³
560 6091 633 6146 Vens.
650 6089 676 6140 1.
695 6119 730 6154 -,
749 6089 839 6140 Glossa
859 6101 912 6154 seq.
928 6087 1413 6158 6666661166616166666666611661666)

458 6179 483 6230 in
503 6181 564 6232 Luc.
585 6179 630 6242 19,
648 6173 876 6242 23613666166666,
894 6177 973 6230 idest
987 6177 1165 6242 evangelicam
1180 6177 1414 6244 praedicationem,

457 6267 586 6332 promptis
605 6265 756 6332 paratisque
773 6263 890 6316 fidelium
909 6263 1035 6316 cordibus
1058 6277 1110 6316 non
1130 6263 1267 6328 intimasti;
1291 6279 1414 6330 sescena,

457 6367 511 6406 non
528 6359 610 6404 16666.
629 6353 702 6406 Unde
719 6353 861 6418 Apostolos
879 6351 909 6420 [l.
931 6353 997 6404 Pete.
1016 6351 1040 6416 1,
1063 6351 1131 6422 tt.]:
1151 6353 1185 6408 Si
1200 6353 1260 6422 pois
1286 6353 1415 6422 loquitur,

458 6439 537 6508 quusi
555 6455 692 6494 serneones
709 6437 764 6494 Dei.
785 6439 866 6506 (llaec
884 6441 972 6494 Glossa
988 6443 1042 6494 aS.
1056 6443 1152 6494 Bonar.
1166 6443 1312 6506 6661166666
1324 6443 1416 6494 Ezeth.

458 6531 483 6590 2,
503 6527 549 6592 1.).
568 6529 690 6594 Sequitur
707 6529 793 6578 hlotth.
815 6527 855 6590 10,
877 6529 918 6580 26.

527 6611 539 6642 ⁴
561 6617 593 6666 lta
614 6615 692 6692 etiam
710 6613 796 6676 Beda,
815 6613 891 6668 Uerd.
909 6617 996 6682 lingo,
1014 6617 1044 6668 B.
1064 6615 1170 6682 hibert,
1190 6621 1215 6670 S.
1237 6621 1330 6670 Thom.
1352 6617 1416 6678 (Cat.

458 6715 535 6754 aurea
557 6701 581 6752 in
601 6703 663 6752 Luc.
684 6701 726 6752 19.
748 6715 772 6752 n.
792 6701 837 6768 2.),
857 6705 1313 6774 6666666661166666611616666
1333 6705 1375 6758 Ut.

529 6785 540 6818 ⁵
560 6789 661 6840 Scilicet
680 6787 822 6842 6661166616
841 6789 991 6860 16611666).

528 6875 540 6906 ⁶
560 6877 654 6928 llomil.
674 6877 716 6930 53.
737 6877 762 6928 16
781 6875 870 6930 hlatth.
887 6881 931 6944 25,
950 6881 993 6934 18.
1013 6881 1072 6948 (Op.
1091 6881 1257 6950 imperfect).

2361 573 2425 638 tsi

1468 739 1637 810 arboribus
1660 737 1802 806 fructum
1823 745 1856 806 66
1884 737 1924 806 616
1952 739 2085 824 6666616
2114 741 2266 828 spirituali
2293 761 2425 824 usuras;

1469 847 1555 916 unde
1575 843 1770 932 Gregorius8
1795 845 1884 926 dicit,
1909 845 1995 932 quod
2021 873 2039 904 «
2055 863 2127 914 cum
2150 851 2307 932 augentur
2328 847 2425 928 dona,

1469 953 1608 1022 rationes
1631 953 1724 1020 etiam
1749 957 1894 1020 crescunt
1919 951 2072 1020 donorum
2088 979 2121 1018 x.
2396 971 2397 976 ¹

1561 1059 1614 1126 37.
1637 1059 1740 1144 (Vens.
1757 1059 1832 1142 21).
1851 1059 1970 1142 Quarto
1987 1063 2139 1144 quantum
2156 1057 2194 1126 ad
2216 1055 2556 1146 1661666666166666.

1469 1165 1772 1234 condemnationem
1796 1165 1921 1234 instans
1943 1163 2165 1252 subiungitur:
2182 1161 2426 1232 densitatibus

1471 1273 1574 1340 dicit:
1599 1271 1738 1370 disserte
1760 1273 1803 1340 ub
1826 1273 1881 1340 iiio
1905 1293 2020 1340 ennom
2044 1281 2073 1340 et
2096 1273 2172 1340 dcte
2200 1271 2251 1340 itti
2278 1271 2337 1360 qni
2362 1267 2427 1336 ’166-

1435 1467 1436 1470 Ἴ
1472 1377 1520 1446 bct
1544 1379 1651 1448 decern
1676 1399 1782 1448 666666.
1808 1383 1962 1448 Asturetes
1986 1385 2074 1448 rocat
2098 1379 2169 1448 illos
2197 1379 2252 1466 qui
2276 1375 2427 1444 assistunt

1472 1485 1501 1552 ei
1523 1485 1557 1552 in
1586 1485 1720 1566 iudicio,
1756 1485 1821 1556 sire
1843 1487 1974 1574 angelos
1997 1487 2062 1556 sive
2085 1487 2214 1556 Sanctos
2238 1481 2324 1564 alios,
2350 1501 2428 1570 quo-

1472 1609 1546 1660 rum
1569 1591 1686 1660 iudicio
1700 1599 1733 1660 66
1747 1595 1970 1680 approbatione
1987 1595 2161 1680 praemium
2180 1589 2428 1676 correspondens

1472 1699 1555 1766 dono
1576 1699 1731 1766 inutiliter
1754 1701 1862 1768 habito
1883 1701 2065 1780 auferetur,
2081 1709 2113 1768 et
2132 1701 2259 1768 dabitur
2283 1697 2382 1784 gloria
2397 1705 2428 1766 et

1472 1805 1623 1888 gaudium
1646 1803 1852 1888 dispensatori
1876 1807 1978 1886 fideli,
2002 1807 2175 1874 seeundum
2209 1803 2287 1874 illud
2314 1805 2429 1890 16666-

1472 1907 1569 1994 166616
1591 1909 1728 1976 6666161ι
1758 1937 1773 1970 6
1790 1913 1872 1978 Tene
1894 1913 1980 1996 quod
2002 1913 2118 1994 hahes,
2139 1931 2181 1982 ne
2195 1913 2276 1980 alius
2298 1911 2429 1996 accipiat

1435 2087 1437 2090 .
1472 2031 1620 2078 coronam
1636 2019 1722 2080 tuam
1740 2041 1770 2080 x.
1796 2017 1857 2084 lloc
1880 2017 1973 2084 etiam
1996 2015 2146 2084 iudicium
2171 2017 2320 2084 Dominus
2336 2035 2429 2086 exer·
2447 2031 2577 2080 666666.

1470 2117 1521 2186 ’666
1546 2117 1574 2184 16
1600 2121 1770 2204 praesenti,
1796 2121 1965 2188 auterendo
1989 2121 2068 2186 dona
2084 2121 2177 2188 etiam
2194 2137 2342 2188 concessa
2357 2139 2429 2206 pro-

1471 2233 1543 2312 pter
1566 2225 1790 2312 negligentium
1811 2227 1960 2294 desidiam
1985 2233 2015 2294 66
2030 2227 2223 2294 abusionem.
2241 2225 2429 2294 1166166166-

1473 2333 1565 2400 661οε
1595 2357 1611 2390 6
1626 2331 1774 2400 collatam
1799 2333 1930 2420 gratiam
1949 2331 2064 2400 amittit
2086 2333 2140 2420 qui
2166 2351 2234 2400 eam
2256 2335 2429 2400 communi-

1473 2439 1572 2504 cando
1594 2435 1663 2504 aliis
1697 2441 1878 2524 praedicare
1912 2437 2105 2526 neglexerit3
2128 2443 2262 2526 augetur
2287 2453 2362 2504 vero
2384 2437 2429 2506 illi

1474 2543 1527 2630 qui
1553 2543 1583 2610 in
1619 2563 1654 2612 ea
1685 2545 1856 2628 laborarit,
1886 2547 1969 2614 sicut
2000 2547 2123 2632 regium
2158 2545 2310 2624 chrisma,
2346 2545 2447 2630 quod

1474 2649 1685 2734 superbiendo
1706 2651 1781 2720 Saul
1805 2651 1927 2732 amisit,
1943 2651 2042 2718 Darid
2057 2651 2229 2718 obediendo
2243 2649 2427 2734 promeruit.

1475 2755 1625 2840 Spiritus
1646 2757 1732 2824 eninr
1759 2757 1908 2836 Domini,
1931 2757 1993 2846 qui
2013 2777 2037 2824 6
2054 2755 2154 2824 Sunia
2169 2755 2318 2834 recessit,
2343 2753 2430 2822 dire

1475 2873 1548 2930 ctus
1568 2871 1617 2932 cst
1637 2883 1662 2930 6
1685 2865 1737 2932 elie
1767 2865 1826 2932 iiie
1855 2873 1883 2932 et
1914 2865 2063 2950 deinceps
2087 2863 2123 2932 in
2154 2863 2261 2930 Docid
2278 2891 2310 2942 a,
2334 2861 2429 2948 primi

1474 2971 1592 3056 Regum
1617 2969 1737 3038 decimo
1758 2981 1860 3046 sexto.
1883 2969 1969 3038 Unde
1992 2977 2023 3038 66
2047 2971 2163 3038 dicitur
2185 2969 2328 3038 hlatthaei
2347 2969 2430 3056 rige-

1477 3077 1557 3146 simo
1577 3077 1737 3162 primo11:
1765 3077 1965 3146 «deleretur
1993 3095 2010 3144 6
2036 3077 2123 3146 robis
2150 3093 2283 3164 regnum
2305 3075 2369 3144 ‘llei
2400 3083 2430 3144 et

1472 3183 1602 3252 dabitur
1625 3185 1707 3270 genti
1731 3185 1854 3256 facienti
1878 3185 2001 3252 fructus
2022 3185 2091 3254 eius
2108 3211 2137 3250 a.
2156 3223 2199 3236 --
2215 3183 2310 3268 hlagis
2324 3189 2430 3250 autem
2448 3203 2581 3262 666666.

1475 3289 1569 3356 66666
1592 3289 1621 3356 61
1643 3293 1698 3374 661
1721 3279 1816 3358 hahet
1831 3291 1938 3358 decern
1953 3311 2069 3370 66666,
2086 3295 2217 3376 6666666
2233 3289 2429 3374 mysterium,

1476 3395 1552 3480 6616
1573 3393 1626 3460 1116
1648 3395 1791 3482 designat
1813 3397 1953 3464 ordinem
1979 3413 2088 3464 eorum
2107 3397 2160 3482 qui
2178 3395 2301 3464 ludaico
2315 3397 2431 3482 populo

1477 3499 1760 3584 praedicaverunt,
1797 3503 1850 3590 qui
1885 3503 1980 3592 etiam
2018 3503 2154 3568 finaliter
2192 3503 2232 3568 ad
2270 3501 2430 3568 Christum

1477 3605 1705 3674 convertendus
1723 3613 1779 3674 est.
1797 3609 1881 3674 Unde
1904 3609 2071 3674 Glossa12:
2101 3607 2203 3674 «Cum
2222 3605 2321 3674 omnis
2338 3605 2431 3674 lsrael

1478 3708 1581 3776 saluus
1607 3709 1684 3788 erit,
1708 3717 1785 3778 tune
1807 3713 1909 3780 omnis
1931 3711 2093 3798 plenitudo
2117 3711 2289 3798 spiritualis
2303 3709 2430 3796 gratiae,

1475 3833 1572 3900 quam
1596 3815 1688 3882 modo
1723 3821 1883 3902 torpenter
1912 3833 2109 3896 exercemus,
2144 3815 2324 3884 doctoribus
2349 3815 2431 3884 illius

1474 3919 1629 4004 temporis
1652 3919 1850 3988 abundanter
1872 3921 2052 3988 conferetur
2067 3947 2099 3986 a.
2122 3923 2208 3988 Unde
2225 3919 2262 3988 ad
2279 3923 2431 3986 Romanos

1477 4043 1560 4092 nono
1573 4025 1620 4092 l³:
1648 4051 1665 4082 6
1682 4027 1773 4094 lsaias
1798 4027 1911 4094 clamat
1931 4045 1989 4112 pro
2011 4027 2123 4094 lsrael:
2148 4029 2178 4094 Si
2201 4027 2299 4096 fuerit
2320 4047 2431 4096 nume-

1475 4149 1533 4196 rus
1557 4131 1694 4198 liliorum
1718 4133 1812 4200 lsrael
1835 4133 1923 4200 velut
1944 4149 2040 4198 arena
2061 4131 2174 4214 maris,
2196 4133 2349 4216 reliquiae
2372 4133 2431 4198 sal-

1477 4253 1533 4304 666
1557 4235 1632 4304 fient
1646 4261 1679 4302 ».
1849 4223 1851 4228 ’

1567 4343 1620 4410 38.
1644 4343 1746 4428 (Vers.
1770 4343 1849 4428 26),
1873 4343 1909 4410 Et
1933 4343 2089 4428 quiahoc
2120 4343 2244 4412 ridetur
2267 4343 2431 4410 irrationa-

1478 4447 1540 4514 bile
1552 4455 1582 4516 et
1595 4449 1792 4530 incredibile,
1808 4449 1892 4534 quod
1908 4451 1960 4516 det
1976 4449 2145 4516 abundanti
2158 4475 2166 4530 ;
2181 4449 2250 4516 ideo
2266 4449 2430 4516 subditur:

1480 4555 1519 4620 Et
1535 4553 1693 4622 dicerunt
1707 4555 1794 4622 ei14:
1813 4555 1959 4634 Dorreiue,
1977 4553 2070 4644 16661
2086 4557 2193 4622 decent
2209 4573 2317 4632 66666,
2344 4553 2432 4640 quasi

1473 4661 1599 4726 dicant:
1624 4679 1686 4726 non
1709 4661 1834 4728 videtur
1859 4677 1927 4728 esse
1948 4667 2036 4728 recta
2058 4661 2221 4728 sententia.

1568 4763 1942 4850 39116662661666
1977 4783 2035 4852 pro
2068 4769 2215 4850 omuibus
2245 4765 2432 4850 generaliter
2444 4787 2599 4852 6666666-

1480 4871 1659 4950 sententiat,
1684 4869 1838 4938 subdens:
1864 4871 1943 4940 Dico
1968 4879 2079 4938 oeten-e
2107 4871 2213 4950 echis,
2237 4871 2319 4960 6616
2344 4871 2434 4936 666661
2474 4843 2561 4886 ¹³⁰‘³¹¹³'

1480 4977 1613 5046 tendenti
1632 4977 1782 5058 deditur,
1799 4985 1826 5046 et
1842 4977 2227 5058 chananaeumque:
2249 5003 2265 5036 6
2278 4979 2378 5046 Utenti
2396 4997 2432 5046 eo

1481 5085 1564 5182 quod
1588 5085 1729 5152 habet».
1761 5123 1804 5136 -
1835 5083 1885 5150 At
1910 5105 1944 5152 co
1976 5093 2104 5166 untcrn,
2135 5085 2194 5174 6661
2225 5103 2291 5152 666
2320 5081 2432 5166 hehet,

1547 5471 1558 5504 6
1577 5475 1653 5526 vas.
1669 5473 1710 5524 66.
1724 5501 1758 5512 -
1777 5473 1899 5540 sequen:
1918 5475 1980 5526 tue.
2000 5473 2048 5536 rs,
2066 5455 2092 5526 r.

1549 5559 1648 5612 811166.
1668 5561 1685 5612 1.
1702 5561 1799 5612 Η66611.
1817 5559 1842 5612 16
1862 5561 1962 5624 Erang.
1982 5559 2070 5612 homil.
2090 5561 2114 5612 9.
2133 5573 2160 5612 6.
2183 5561 2203 5612 1.

1550 5647 1560 5678 ⁹
1579 5651 1653 5702 Vers.
1676 5649 1716 5700 11.
1736 5675 1769 5688 -
1783 5649 1889 5702 interius
1902 5653 1962 5712 post
1975 5647 2151 5716 inpraesenti
2163 5647 2222 5702 liat.
2234 5645 2306 5700 addit
2318 5647 2432 5702 succedo.

1550 5735 1571 5768 ²⁰
1591 5739 1692 5792 Scilicet
1710 5735 1854 5792 ordinario
1873 5735 1916 5804 (ex
1939 5737 2020 5804 Beda)
2041 5739 2066 5790 iu
2094 5741 2156 5790 Luc.
2177 5737 2225 5802 19,
2244 5735 2292 5790 et:
2310 5735 2433 5790 Collatum

1479 5827 1587 5892 gratiam
1603 5827 1694 5880 amittit
1712 5825 1757 5894 qui
1776 5825 1960 5894 praedece-ndo
1975 5825 2030 5878 aliis
2043 5825 2243 5882 coettneanicare
2259 5825 2372 5890 neglexit
2384 5831 2434 5876 666.

1479 5918 1505 5969 16
1522 5915 1578 5982 ipsa
1600 5915 1727 5978 allegatur
1744 5915 1761 5966 l.
1781 5917 1845 5978 neg.
1867 5915 1915 5978 16,
1934 5915 1978 5966 13.
1995 5929 2052 5984 666.

1550 5999 1569 6032 1¹
1590 6003 1667 6054 vers,
1685 6001 1727 6054 13.
1745 6029 1780 6038 -
1800 6001 1907 6054 16166166
1931 6015 1980 6066 666
2004 6001 2067 6068 6616
2087 5999 2132 6054 itte
2152 5999 2275 6068 desiperet
2292 6001 2351 6052 Vat.
2369 5999 2433 6068 66616

1478 6089 1558 6142 illane
1576 6087 1705 6156 6166166661.

1550 6173 1571 6204 ¹2
1590 6177 1689 6240 Nempe
1706 6173 1850 6228 ordinario
1868 6173 1910 6242 (ex
1928 6173 2008 6240 Beda)
2024 6175 2049 6226 in
2060 6179 2124 6228 Luc.
2144 6177 2190 6238 te,
2210 6177 2252 6228 26.
2264 6177 2292 6224 16
2304 6173 2433 6238 661661616

1479 6261 1617 6326 respicitur
1634 6263 1709 6314 horu.
1733 6261 1777 6322 tt,
1797 6261 1845 6314 26:
1864 6263 1893 6312 ee
1918 6261 1954 6312 616
1983 6263 2067 6314 omnis
2095 6261 2171 6314 lsrael
2189 6263 2277 6314 salros
2295 6261 2368 6312 tieret
2384 6267 2433 6312 ete.

1480 6351 1528 6404 Pro
1550 6353 1684 6418 torpenter
1701 6355 1729 6402 et
1746 6347 1819 6404 111166
1849 6347 1977 6416 deceperis
1996 6349 2041 6416 (ita
2068 6351 2148 6402 etiam
2176 6349 2276 6416 Glossa)
2297 6349 2355 6400 166.
2372 6363 2433 6400 crint

1482 6439 1551 6492 Beda
1568 6441 1690 6506 repentes
1709 6443 1736 6490 et
1754 6435 1827 6490 iilius
1844 6437 1947 6506 populi.

1552 6523 1572 6556 ¹³
1593 6527 1669 6578 Vere.
1689 6527 1734 6578 et.
1751 6525 1805 6578 Cir.
1822 6525 1878 6578 lsai.
1900 6527 1946 6590 to,
1968 6527 2008 6578 22.

1551 6611 1572 6646 ²⁴
1592 6615 1675 6668 Ccdd.
1694 6615 1773 6668 CDF
1784 6617 1836 6668 GH
1856 6613 1914 6682 dli,-
1931 6617 1980 6668 616.
1997 6617 2025 6668 Β.
2045 6617 2142 6670 arhart.
2161 6623 2185 6670 et
2210 6619 2237 6668 S.
2255 6615 2350 6668 'l'ltonn
2369 6611 2433 6680 (Cat.

1481 6717 1559 6758 aurea
1577 6703 1606 6756 in
1624 6705 1686 6758 Luc.
1706 6705 1748 6758 19.
1766 6719 1794 6758 6.
1812 6703 1859 6770 2.).

1551 6791 1572 6824 ¹⁵
1592 6795 1692 6848 Scilicet
1710 6793 1900 6848 interlinearis.
1921 6787 2040 6862 August,
2057 6797 2084 6848 ll.
2100 6797 2148 6862 Qq.
2168 6791 2433 6860 1666666666166

1481 6881 1556 6948 Qtrod
1574 6889 1662 6936 autem
1682 6881 1716 6934 ab
1736 6881 1776 6934 illo
1796 6881 1840 6950 qui
1860 6881 1895 6936 uti
1916 6883 2009 6950 noluit,
2029 6887 2145 6938 autertur
2165 6883 2237 6950 quod
2253 6887 2391 6946 acceperat
2409 6887 2433 6934 et
