5908 8266
449 577 516 644 684
750 647 751 650 ι
1319 585 1432 652 tubex
1457 585 1584 650 RERUM

736 665 801 722 ean
2079 665 2140 722 ceu

447 769 499 808 nou
519 755 625 818 respicit
644 755 693 806 nisi
713 755 835 822 visibilia,
853 759 914 812 idco
932 773 1092 826 nonexspe-
1126 761 1210 812 fertur
1235 773 1285 824 per
1311 761 1539 812 mortificationem
1568 759 1595 810 9ι
1628 773 1656 812 v.
1678 759 1711 810 40
1729 785 1766 798 -
1853 757 1991 812 Cernebat
2020 783 2056 796 -
2082 755 2190 810 honoris
2217 769 2270 810 non
2296 759 2334 808 εει
2363 771 2443 810 verae

449 847 501 896 ctat
519 847 623 896 aeterna
643 841 707 898 t'bt'd.
724 875 759 884 -
779 845 902 900 Gamales
927 847 1024 902 timore
1040 853 1092 901 lor·
1127 845 1308 898 mortificanda
1324 847 1374 900 590
1391 849 1421 898 48
1436 851 1632 898 —maceretur
1644 859 1690 910 per
1703 859 1766 910 poe·
1799 845 1977 920 excellentiae,
1997 845 2043 900 sed
2057 843 2442 910 magispestilenliaeVllillb

449 937 628 986 mentoruma
650 933 702 986 fide
720 933 849 986 recedunt
866 935 902 986 96
920 949 950 986 v.
967 935 983 986 7
1127 935 1265 986 nitentiam
1277 929 1335 986 ’565
1352 935 1368 986 3
1392 963 1423 972 -
1442 935 1612 986 mortificatur
1632 947 1679 998 per
1705 933 1766 984 iciu-
1802 931 1972 996 etl-super
1982 933 2134 986 cathedram
2144 933 2307 996 pestilentiae
2316 933 2443 986 sedebant

448 1041 449 1044 ¹
503 1049 539 1060 —-
555 1019 678 1074 Gamales
713 1025 882 1076 contemnunt
916 1021 1015 1074 iudicia
1049 1023 1092 1074 di·
1127 1021 1200 1074 nium
1220 1019 1272 1072 358
1290 1021 1325 1072 83
1344 1019 1766 1088 (88)-ιιιοι445εειιιιιιιιιειιιιιε
1801 1019 1904 1074 scribae
1920 1025 1949 1072 et
1964 1019 2094 1074 Pharisaei
2108 1017 2171 1074 ibid.
2190 1049 2224 1060 -·
2244 1025 2281 1074 εει
2303 1019 2380 1074 sedes
2396 1021 2442 1074 do·

449 1109 511 1162 vina
531 1115 555 1162 ει
573 1109 713 1162 incurrunt
734 1109 852 1162 divinam
882 1109 1090 1172 indignationem
1127 1109 1280 1174 apraelatis
1296 1109 1341 1160 Vll
1361 1109 1413 1160 445
1429 1109 1766 1160 40-6οιιιειιιιειεειιιο-
1801 1113 1903 1162 ctorum
1925 1109 1957 1160 74
1976 1109 2027 1160 498
2053 1107 2085 1158 44

449 1199 493 1250 744
513 1197 558 1250 444
585 1197 617 1250 47
635 1195 805 1250 -Carnales
818 1195 995 1262 corripiuntur
1008 1211 1024 1248 a
1035 1197 1091 1250 Deo
1127 1199 1167 1250 ria
1186 1197 1279 1250 mortis
1295 1193 1358 1250 ibid.
1853 1195 1968 1250 Carruuu
1986 1223 2022 1236 -
2039 1199 2079 1248 εει
2095 1209 2145 1248 vas
2162 1197 2199 1248 ad
2224 1197 2442 1250 manducandum
2484 1201 2486 1206 '

449 1289 483 1342 Vl
501 1287 552 1340 577
574 1289 645 1340 2-
662 1285 785 1356 Carnales
800 1285 963 1350 dissipantur
981 1283 1015 1336 95
1034 1283 1091 1336 ι’.7
1181 1311 1217 1324 -
1241 1283 1334 1340 Carnis
1356 1283 1524 1338 mortificatio
1545 1285 1646 1336 fluxum
1668 1297 1767 1340 concu-
1803 1283 1846 1338 Vll
1866 1285 1917 1336 303
1939 1285 1971 1338 84
1990 1311 2025 1324 -
2043 1289 2083 1336 εει
2099 1297 2148 1336 vas
2164 1283 2256 1350 fragile
2273 1289 2301 1338 ει
2318 1285 2442 1352 designat

448 1407 485 1416 -—
502 1375 624 1430 Carnales
644 1375 712 1428 iusto
731 1375 778 1430 Dei
794 1375 894 1430 iudicio
909 1373 1019 1440 expositi
1031 1377 1092 1426 sunl
1128 1373 1273 1438 piscentiae
1293 1373 1427 1438 restringit
1454 1373 1484 1424 Vl
1510 1373 1560 1424 580
1585 1373 1601 1424 7
1624 1373 1767 1428 -Carnis
1804 1373 1967 1436 fragililatem
1986 1371 2093 1424 humani
2114 1373 2232 1436 corporis
2250 1371 2313 1426 ibid.

447 1463 622 1520 daemonibus
638 1463 743 1516 744865
758 1463 791 1516 55
804 1491 842 1502 -
852 1463 974 1516 Camales
990 1461 1092 1514 diluvio
1127 1463 1271 1514 maceratio
1287 1467 1328 1514 εει
1338 1461 1444 1528 corpori
1457 1461 1569 1526 alllictio,
1581 1463 1628 1514 sed
1643 1463 1728 1516 irretio
1739 1467 1767 1516 ει
1855 1461 1938 1514 Causa
1949 1489 1987 1502 ··-
1999 1461 2115 1514 Primum
2130 1461 2153 1512 in
2168 1475 2328 1528 unoquoque
2340 1475 2440 1528 genere

449 1555 616 1608 involventur
636 1551 681 1604 441
708 1551 739 1604 47
759 1581 795 1592 -
815 1553 901 1616 Super
912 1549 1029 1604 camales
1046 1563 1091 1602 ve·
1127 1549 1282 1604 illuminatio
1295 1549 1399 1614 spiritui
1411 1547 1567 1604 itit-ost
1579 1551 1766 1616 crucifigenda,
1802 1563 1895 1602 eurum
1912 1561 1981 1616 quae
1997 1553 2054 1616 posi
2070 1547 2155 1614 ipsum
2168 1553 2241 1616 sunl,
2261 1563 2339 1604 causa
2353 1557 2393 1604 est
2404 1551 2440 1604 74

449 1631 579 1696 niet'dies
597 1641 685 1694 iudicii
706 1637 791 1694 subito
804 1645 832 1694 el
849 1641 884 1692 ad
903 1639 1021 1704 ipsorum
1033 1651 1091 1702 per·
1127 1643 1156 1690 ul
1172 1637 1281 1704 spiritus
1297 1643 1387 1690 noster
1405 1637 1430 1688 in
1451 1653 1529 1692 cruce
1545 1639 1658 1692 Domino
1676 1641 1767 1692 offera-
1805 1637 1854 1688 l08
1881 1653 1905 1690 v.
1925 1637 1997 1688 5-
2014 1637 2080 1688 Nihil
2104 1643 2156 1700 est,
2183 1637 2258 1694 cuius
2278 1645 2367 1694 ortum
2385 1653 2438 1690 non

449 1731 577 1784 ditionem
596 1727 822 1784 universalemih.
841 1727 872 1780 48
894 1755 927 1766 -
948 1727 997 1794 Qui
1017 1727 1091 1780 dimi·
1127 1729 1169 1778 tor
1190 1727 1230 1778 Vll
1256 1725 1306 1780 575
1334 1725 1421 1778 lt-
1440 1727 1616 1792 crucifigenda
1643 1731 1681 1778 est
1700 1727 1767 1780 sicul
1802 1727 1973 1790 praecesserit
2001 1725 2116 1790 legitima
2144 1739 2222 1778 causa
2252 1727 2303 1780 496
2322 1743 2348 1780 v.
2369 1727 2384 1778 3
2403 1755 2440 1766 -

368 1819 369 1824 ’
449 1821 513 1874 serit
531 1817 644 1872 carnalia
661 1833 711 1884 pro
734 1817 849 1870 Domino
866 1815 1010 1882 spiritualia
1028 1817 1091 1868 veci-
1127 1813 1216 1868 dexter
1233 1817 1299 1868 latro
1319 1813 1382 1870 ibid.
1397 1815 1512 1870 -Crux
1530 1815 1617 1870 carnis
1639 1821 1677 1868 est
1695 1817 1767 1880 rigor
1802 1813 1896 1868 Omnia
1914 1813 2013 1868 habent
2033 1813 2179 1880 legitimam
2202 1829 2324 1884 causam,
2339 1815 2440 1870 scilicet

450 1909 504 1976 piet
523 1907 573 1960 457
593 1907 624 1958 56
647 1937 680 1946 -
700 1907 744 1976 qui
758 1905 896 1958 carnaliter
913 1907 1020 1972 sapiunt
1037 1919 1091 1960 uon
1127 1905 1293 1970 disciplinae,
1324 1905 1398 1958 cuius
1424 1911 1539 1972 quatuor
1571 1911 1632 1958 sunt
1656 1903 1764 1958 brachia
1802 1909 1923 1958 naturam
1943 1907 1983 1958 vel
1998 1903 2154 1958 intellectum
2168 1903 2203 1956 77
2220 1919 2249 1970 q.
2268 1907 2277 1956 l
2298 1935 2330 1944 -
2344 1907 2439 1958 Omnia

450 1995 623 2062 possidebunt
642 1995 863 2060 incorruptionem
884 1993 935 2048 544
956 1995 987 2048 39
1126 1991 1189 2048 ibid.
1207 2021 1242 2032 -
1262 1997 1299 2048 lle
1319 1995 1517 2048 mortificatione
1534 1995 1622 2048 carnis
1641 2009 1694 2048 non
1712 1997 1766 2060 glo·
1803 2009 1819 2046 a
1841 2007 1922 2048 causa
1946 1991 2116 2048 determinata
2140 1991 2300 2056 proveniunt
2322 1991 2385 2048 ibid.
2402 2021 2440 2034 -

501 2111 538 2122 -
556 2081 671 2136 Carnalis
690 2083 842 2150 intelligitur
853 2095 903 2148 per
914 2097 1010 2136 vocem
1028 2097 1091 2150 cap·
1126 2083 1251 2138 riendum
1271 2083 1323 2136 445
1341 2083 1374 2136 40
1393 2111 1428 2124 -
1448 2085 1473 2136 lu
1490 2083 1690 2138 mortificatione
1706 2097 1766 2148 pro·
1803 2083 1870 2138 Nihil
1889 2087 1993 2150 praeter
2010 2081 2124 2148 primam
2143 2093 2251 2134 causam
2269 2087 2310 2134 cst
2331 2081 2388 2134 sine
2406 2083 2439 2134 le-

450 2171 524 2238 paris
541 2171 575 2224 Vl
595 2171 626 2222 95
641 2171 696 2224 ι.7
710 2199 744 2212 -
758 2171 880 2226 Gamales
893 2187 998 2240 semper
1010 2185 1092 2240 quae·
1127 2171 1201 2236 priae
1213 2171 1369 2226 carnalitatis
1383 2173 1485 2240 gladius
1502 2171 1767 2238 praecingitur‚eva·
1804 2173 1894 2240 gitima
1912 2187 1992 2228 causa
2010 2171 2071 2226 ibid.
2088 2171 2223 2250 -Unius¹
2240 2171 2277 2222 rei
2291 2171 2439 2224 secundum

450 2265 512 2314 runt
539 2259 702 2312 delectabilia
725 2261 761 2314 85
788 2277 815 2316 v.
847 2261 877 2314 45
905 2291 942 2300 -
968 2261 1092 2316 Gamales
1127 2261 1230 2326 ginatur
1250 2263 1283 2318 ad
1301 2263 1516 2328 redargutionem
1529 2261 1687 2316 carnalitatis
1704 2261 1767 2312 alie·
1803 2263 1923 2316 diversos
1947 2267 2082 2328 respectus
2106 2267 2218 2330 quatuor
2247 2273 2340 2314 causae
2366 2267 2439 2326 sunt,

451 2363 555 2414 semper
585 2355 647 2402 sunt
669 2351 822 2416 insipientes
840 2349 904 2406 ibid.
920 2381 957 2392 -
974 2351 1105 2406 Cernetis¹
1127 2365 1177 2404 nae
1198 2351 1250 2404 554
1270 2351 1301 2404 48
1580 2343 1584 2354 '
1802 2351 1847 2406 sed
1879 2351 1954 2406 unica
1982 2351 2009 2402 in
2026 2365 2079 2404 uno
2107 2363 2204 2416 genere
2229 2351 2278 2402 893
2300 2365 2325 2404 ι.
2351 2349 2385 2402 87
2402 2379 2439 2388 -

451 2443 489 2492 εει
508 2437 634 2504 indignus
661 2443 771 2504 propter
795 2441 996 2506 ineptitudinem
1021 2441 1092 2494 laeti·
1181 2441 1341 2506 -punitur
1362 2441 1424 2506 igne
1452 2443 1476 2492 et
1505 2441 1632 2506 sulphure
1657 2441 1766 2504 propter
1803 2439 2064 2506 producit'elfectum
2081 2437 2304 2504 proportionalem
2323 2439 2349 2492 in
2364 2451 2439 2504 gene·

451 2529 501 2580 tiae
519 2525 552 2582 tt.
572 2543 598 2580 v.
618 2527 627 2578 4
638 2529 653 2578 8
665 2555 702 2568 -
713 2527 829 2582 Carnalis
841 2543 947 2594 seniper
964 2531 1021 2582 vult
1033 2543 1091 2582 esse
1127 2529 1365 2582 inordinatissimae
1377 2527 1493 2582 libidinis
1505 2527 1655 2580 incendium
1674 2531 1701 2578 ει
1713 2529 1767 2578 ιεε-
1803 2527 1902 2580 ratione
1920 2529 2033 2580 univoca
2060 2527 2091 2578 34
2112 2541 2138 2594 q.
2157 2525 2187 2576 4*
2204 2555 2241 2564 -
2262 2531 2378 2582 Eventus
2400 2541 2440 2580 re·

451 2615 477 2668 in
488 2615 584 2668 laetitia
596 2613 706 2670 45474.-
718 2615 835 2672 Carnalis
846 2621 957 2682 propter
967 2617 1090 2670 laetitiam
1129 2625 1212 2672 torem
1230 2619 1275 2672 744
1300 2617 1350 2670 448
1371 2617 1404 2670 56
1802 2629 1861 2668 rum
1882 2619 1926 2666 aut
1942 2621 2127 2678 comparantur
2138 2613 2174 2666 ad
2186 2627 2293 2668 causam
2312 2615 2440 2682 primam,

450 2705 582 2756 carnalem
602 2705 662 2758 facit
679 2707 768 2770 omne,
785 2707 858 2774 quod
878 2705 940 2758 lacit
955 2705 1018 2758 ibid.
1181 2705 1246 2758 Casa
1265 2733 1300 2746 -
1319 2709 1357 2756 cst
1378 2717 1478 2768 pauper
1503 2703 1678 2764 domuncula,
1697 2715 1766 2766 quac
1802 2707 1847 2754 aut
1866 2701 1899 2754 ad
1918 2715 2012 2754 causas
2034 2707 2135 2752 creatas
2151 2699 2188 2752 77
2205 2717 2232 2768 q.
2253 2705 2262 2754 4
2285 2731 2321 2744 »-
2338 2701 2439 2756 Causae

504 2783 674 2846 -carnalis
693 2795 816 2858 voluptas
836 2799 874 2846 εει
892 2799 981 2858 ιεειιιε,
995 2793 1090 2858 inquo
1128 2793 1223 2846 dicitur
1247 2807 1263 2844 a
1287 2793 1419 2856 cadendo,
1445 2789 1506 2856 quia
1530 2789 1565 2840 de
1585 2789 1652 2840 facili
1670 2789 1766 2840 cadere
1803 2789 1938 2842 inferiores
1955 2787 2166 2840 suntmutabiles
2185 2787 2294 2840 thid-
2307 2793 2331 2844 ln
2352 2791 2439 2858 dispo-

452 2895 505 2934 ιιοιι
526 2881 656 2934 invenitur
677 2879 795 2935 Christus
820 2883 853 2934 74
872 2883 923 2934 578
944 2883 960 2932 3
977 2879 1092 2932 -Car-
1128 2885 1212 2946 potest
1229 2879 1266 2930 Vl
1280 2879 1332 2930 478
1346 2893 1376 2930 v.
1395 2881 1409 2930 8
1803 2877 1895 2930 sitione
1913 2889 2054 2930 causarum
2067 2873 2232 2928 mutabilium
2246 2879 2289 2930 rix
2308 2883 2360 2944 est,
2374 2879 2439 2944 quin

450 2969 517 3020 nelis
542 2971 666 3032 voluptas
691 2969 769 3020 trahit
794 2969 908 3020 lascivos
930 2969 982 3020 558
1011 2969 1027 3020 7
1054 2997 1090 3004 -
1180 2967 1328 3020 Casrnmuu
1346 2993 1381 3002 -
1400 2967 1448 3016 Ρει
1466 2963 1614 3026 castellum,
1637 2965 1708 3030 quod
1727 2969 1766 3016 εει
1803 2971 1943 3018 concurrat
1973 2965 2069 3032 aliquis
2099 2967 2206 3018 effectus
2240 2981 2293 3020 non
2324 2955 2439 3020 intentus

452 3057 574 3110 Gamales
592 3057 655 3108 nihil
671 3055 743 3108 aliud
763 3061 892 3122 quaeruut
905 3053 954 3106 nisi
966 3053 1090 3106 umbram
1127 3059 1217 3106 contra
1235 3053 1395 3118 discipulae,
1414 3053 1565 3116 intelligitur
1586 3053 1702 3104 mundus
1720 3053 1765 3104 Vll
1802 3051 1866 3110 laid.
2172 3117 2174 3122 ι

452 3149 477 3194 ει
494 3143 629 3194 lasciviam
648 3143 715 3194 sicut
731 3143 806 3206 porci
827 3143 868 3194 Vll
890 3143 942 3194 866
962 3143 1091 3194 57--ln-
1129 3141 1179 3194 488
1201 3141 1233 3194 45
1254 3169 1287 3180 -
1306 3143 1333 3194 ln
1352 3141 1486 3194 castellum
1512 3141 1585 3194 missi
1609 3145 1670 3194 sunt
1689 3141 1766 3194 disci·
1855 3169 1891 3182 -
1907 3141 2094 3210 sinequanon
2111 3147 2136 3194 et
2153 3155 2234 3194 causa
2252 3143 2384 3196 meritoria
2403 3145 2438 3196 74

348 3275 350 3280 .
452 3231 560 3282 firmitas
572 3229 851 3294 carnalitatisiusurgit
862 3243 894 3282 ex
907 3231 1092 3294 concupiscen·
1129 3229 1182 3296 puli
1202 3229 1236 3282 ad
1256 3229 1461 3296 praedicandum
1480 3213 1542 3284 itit.
1778 3229 1907 3284 37545
1985 3231 1990 3240 ’“

451 3319 485 3370 tia
506 3317 657 3372 deliciarum
676 3317 711 3370 Vl
728 3317 780 3370 588
800 3319 816 3368 8
1181 3317 1304 3372 Οιειιιιε
1319 3345 1350 3356 -
1363 3317 1480 3372 consistit
1494 3319 1520 3370 in
1535 3317 1684 3370 innocentia
1697 3331 1766 3372 men·
1855 3331 1971 3386 -quae
1984 3333 2034 3372 non
2049 3317 2195 3372 defenditur
2204 3323 2230 3370 et
2240 3321 2375 3386 probatur,
2387 3335 2439 3374 me·

504 3435 540 3444 -
557 3405 679 3460 Gamales
698 3419 750 3458 non
774 3407 917 3472 intelligunt
945 3407 1034 3462 divina
1056 3407 1091 3460 Vl
1130 3407 1159 3458 tis
1178 3407 1212 3460 Vl
1226 3407 1273 3458 tel
1297 3423 1325 3460 v.
1344 3407 1353 3458 4
1373 3407 1514 3460 *Castus
1524 3421 1637 3472 corpore
1654 3407 1713 3460 felin
1726 3413 1766 3462 εει
1803 3409 1851 3460 lior
1871 3411 1908 3460 εει
1928 3407 1970 3458 744
1991 3407 2041 3458 558
2064 3407 2089 3460 ll

453 3495 504 3548 468
526 3495 556 3547 48
578 3523 611 3532 -
630 3493 745 3548 Cernetis
759 3497 896 3548 carnaliter
908 3497 1027 3560 intelligit
1038 3497 1090 3548 879
1131 3497 1179 3548 489
1199 3509 1224 3548 v.
1246 3497 1278 3548 48
1290 3493 1447 3550 -ιιειιειιιι
1463 3501 1584 3548 aeternae
1595 3495 1765 3552 beatitudine
1856 3497 1970 3550 Caurut
1991 3525 2025 3536 -
2043 3497 2190 3552 necessaria
2213 3503 2255 3552 est
2270 3497 2299 3552 in
2317 3499 2440 3564 periculis

452 3585 518 3636 9-
530 3583 647 3636 Carnalis
663 3581 832 3650 intelligentia
850 3597 903 3636 non
915 3585 1026 3650 prodest
1037 3587 1090 3638 335
1130 3587 1243 3636 fructum
1263 3581 1326 3638 illd.
1802 3591 1892 3638 contra
1910 3585 2111 3638 fraudulentiam
2129 3587 2244 3640 744558
2263 3587 2293 3640 44

454 3673 485 3722 88
506 3701 540 3710 -
559 3671 681 3724 Carnales
694 3673 814 3728 nesciunt
827 3673 915 3726 cibum
928 3673 1090 3740 spiritualem
1180 3701 1216 3710 -
1234 3675 1263 3724 ln
1281 3673 1398 3738 castitate
1410 3673 1550 3738 praeterita
1564 3687 1618 3726 non
1631 3679 1668 3726 εει
1687 3671 1765 3726 llden·
1856 3675 1957 3728 Csnaor
1977 3701 2011 3712 -·
2028 3675 2126 3728 dicitur
2141 3689 2157 3726 a
2177 3675 2266 3742 cedris
2281 3677 2315 3730 74
2334 3677 2385 3728 478
2405 3679 2422 3728 8

454 3761 505 3812 897
525 3761 557 3812 58
971 3811 981 3822 ,
1129 3761 1194 3814 dum
1213 3761 1257 3812 Vll
1275 3761 1327 3814 548
1346 3761 1381 3814 55
1399 3789 1436 3802 -
1453 3761 1545 3814 Castus
1564 3777 1625 3814 non.
1641 3763 1713 3814 facile
1731 3763 1766 3816 de
1856 3763 2009 3818 Caunus-
2032 3761 2151 3816 sublimis
2178 3769 2216 3816 est
2242 3763 2373 3828 Christus,
2398 3779 2440 3818 cu·

506 3877 541 3890 ·-
569 3847 697 3902 Carnalia
715 3851 898 3916 postponenda
926 3855 987 3904 sunt
1019 3851 1092 3916 spiri·
1131 3849 1269 3902 fornicario
1292 3851 1442 3914 suspicetur
1467 3849 1519 3902 568
1544 3851 1560 3902 3
1584 3879 1620 3888 -
1642 3851 1765 3904 ιιιιιιιιιιιιι
1804 3851 1842 3904 ιεε
1862 3851 1974 3926 medulla
1994 3855 2033 3904 est
2057 3851 2137 3904 latens
2155 3851 2282 3908 Divinitas
2307 3851 2387 3906 Verbi
2407 3855 2440 3908 74

453 3937 567 3992 tualibus
586 3941 629 3992 llll
648 3939 680 3992 89
702 3937 733 3992 37
753 3967 788 3980 ·-
810 3939 927 3994 Carnalia
953 3945 1014 3992 sunt
1030 3953 1093 3992 con·
1129 3937 1254 3992 castitatis
1271 3939 1433 4004 significatur
1452 3939 1476 3990 ιιι
1496 3939 1575 3993 linteo
1593 3939 1628 3992 Vl
1647 3941 1699 3992 598
1718 3941 1734 3992 3
1805 3939 1849 3992 844
1875 3941 1890 3992 5

452 4027 592 4080 ιειιιιιειιιιε
611 4027 663 4080 444
683 4027 717 4080 54
733 4055 772 4068 -
788 4027 831 4082 ab
847 4027 984 4098 dilectibus
1002 4043 1092 4082 carna·
1182 4027 1263 4082 Casus
1280 4055 1316 4066 -
1337 4033 1364 4080 ει
1388 4031 1491 4082 fortuna
1514 4033 1575 4082 sunt
1597 4041 1695 4082 causae
1717 4043 1766 4094 per
1856 4027 1982 4082 Cruruaro
2006 4057 2040 4066 ψ
2066 4035 2105 4082 εει
2131 4031 2177 4096 qui
2203 4037 2309 4094 praeest
2333 4037 2440 4086 centum

452 4115 522 4170 libus
547 4115 625 4170 avelli
653 4115 731 4170 debet
760 4117 803 4184 qtd
828 4117 886 4170 rull
902 4117 999 4170 devote
1017 4131 1092 4170 orare
1128 4115 1251 4170 accidens
1268 4115 1301 4166 Vl
1320 4115 1354 4166 77
1373 4117 1429 4184 ιιι
1454 4143 1490 4154 --
1506 4115 1616 4182 Quando
1633 4123 1726 4168 natura
1741 4123 1765 4168 et
1803 4117 1929 4172 militibus
1946 4117 1991 4170 Vll
2010 4117 2061 4168 465
2077 4117 2103 4168 3.
2123 4117 2175 4172 583
2193 4119 2226 4170 59

453 4205 504 4258 556
525 4205 557 4256 53
1130 4205 1273 4258 intellectus
1290 4205 1390 4272 aliquid
1402 4205 1512 4272 faciunt,
1529 4205 1565 4258 ad
1577 4205 1650 4272 qvtod
1667 4205 1766 4258 directe
1855 4233 1891 4246 -
1908 4219 1939 4258 ex
1961 4205 2047 4272 signis
2070 4207 2205 4270 cognovit,
2230 4205 2362 4262 Christum
2383 4221 2441 4262 esse

404 4293 405 4296 ’
505 4323 541 4334 -··
558 4295 698 4348 infirmitas
715 4295 873 4356 carnalitatis
891 4295 1092 4350 sanaturconsi·
1130 4293 1296 4358 ordinantur,
1325 4307 1378 4346 non
1404 4301 1447 4346 est
1472 4293 1510 4346 ibi
1536 4307 1615 4346 casus
1641 4291 1703 4348 ibid.
1730 4321 1766 4334 -
1802 4309 1867 4350 vere
1883 4295 1975 4348 filium
2000 4295 2047 4346 Dei
2066 4295 2097 4348 74
2125 4295 2175 4348 483
2194 4309 2221 4348 v.
2241 4295 2273 4348 47
2294 4323 2327 4338 -··
2350 4311 2379 4350 ει
2404 4297 2440 4348 ιι-

453 4383 588 4438 ιιειιιιιοιιε
605 4383 748 4436 salvatoris
767 4385 852 4440 afflicti
871 4385 905 4438 74
925 4385 975 4438 689
997 4385 1012 4436 9
1130 4383 1241 4448 Quando
1254 4397 1284 4436 ex
1297 4383 1450 4448 operatione
1461 4387 1571 4436 naturae
1583 4387 1609 4436 et
1625 4383 1766 4436 intellectus
1804 4385 1878 4438 sione
1896 4383 2064 4448 mirabilium,
2081 4397 2151 4448 quae
2171 4385 2236 4436 facta
2254 4385 2354 4438 suntin
2372 4397 2441 4438 com·

506 4471 576 4528 Cano
590 4499 623 4512 -
637 4473 700 4526 dicit
716 4481 820 4538 partem
833 4473 948 4528 hominis
958 4473 1091 4526 visibilem
1129 4469 1228 4538 aliquid
1247 4471 1344 4538 creuit,
1365 4473 1399 4526 ad
1418 4471 1491 4538 quod
1509 4471 1608 4526 directe
1625 4485 1678 4524 non
1696 4471 1765 4526 ordi·
1803 4475 1918 4526 motione
1942 4473 2034 4526 mundi
2058 4477 2082 4526 ει
2105 4473 2216 4526 maxime
2239 4473 2265 4526 in
2285 4475 2366 4526 modo
2384 4487 2440 4526 mo·

401 4619 402 4622 ,
445 4567 478 4616 et
497 4561 609 4616 maxime
629 4561 781 4628 passibilem
800 4563 905 4618 74854
925 4563 1092 4616 ili—lacit
1129 4567 1235 4622 nautor,
1250 4565 1356 4626 propter
1369 4561 1764 4626 concursumaltoriuscausae,
1802 4561 1893 4626 ciendi,
1913 4563 2048 4614 confessus
2065 4565 2105 4614 est
2122 4559 2253 4614 Christum
2271 4561 2316 4614 vu
2334 4561 2385 4612 588
2405 4553 2438 4614 th

453 4651 574 4704 viliorem
592 4653 718 4718 quamsit
736 4657 830 4706 natura
842 4653 964 4718 brutalis,
983 4649 1091 4704 subvcr·
1130 4649 1164 4702 ibi
1184 4653 1221 4702 est
1238 4661 1315 4702 casus
1326 4645 1388 4702 ibid.
1400 4663 1502 4700 -·non
1514 4649 1611 4702 dicitur
1623 4649 1648 4700 in
1661 4661 1765 4712 compa·
1800 4677 1835 4690 -
1856 4653 1883 4702 ln
1901 4649 2052 4702 centurione
2072 4649 2195 4714 apparuit
2212 4649 2393 4714 promptitudo
2413 4649 2439 4700 in

391 4739 392 4742 ’
454 4741 533 4794 tendo
550 4739 636 4808 leges,
654 4755 721 4806 ques
744 4739 822 4794 bruta
840 4741 962 4796 animalia
986 4745 1092 4792 servant
1130 4739 1227 4790 ratione
1247 4739 1280 4790 ad
1300 4737 1416 4790 divinam
1430 4739 1628 4802 praescientiam
1646 4735 1709 4792 luta.
1730 4765 1765 4778 -
1804 4737 1927 4802 gentibus
1944 4739 1980 4790 ad
2003 4737 2082 4790 fldem
2103 4733 2166 4790 tlte.
2183 4765 2217 4776 „-
2236 4737 2344 4802 ιιιιειιε,
2367 4737 2439 4802 quod

454 4829 498 4880 Vll
520 4827 570 4880 448
589 4829 622 4880 56
641 4855 677 4868 -··
696 4831 829 4884 Excarne
851 4831 1001 4884 secuudum
1019 4827 1092 4896 quod
1130 4825 1197 4880 Nihil
1214 4831 1255 4880 est
1274 4827 1379 4880 casuale
1396 4827 1541 4880 secuudum
1565 4825 1669 4880 divinae
1691 4841 1765 4892 prae·
1803 4825 1920 4880 Christus
1939 4823 2048 4880 haberet
2064 4829 2217 4890 potestatem
2237 4825 2373 4878 emittendi
2390 4825 2440 4890 spl-
2489 4823 2490 4826 ’

455 4931 516 4970 caro
534 4923 674 4982 generatur
693 4921 795 4972 carnale
815 4919 848 4972 74
867 4919 913 4972 884
940 4919 972 4972 89
999 4947 1033 4958 -
1055 4931 1092 4970 se·
1130 4913 1253 4968 scientiae
1262 4913 1647 4968 ordinationemlbid.-Circa
1658 4927 1764 4966 omnem
1803 4915 1896 4976 ritum,
1917 4915 1941 4966 in
1953 4913 2011 4976 ipso
2023 4913 2153 4976 passionis
2167 4913 2289 4966 scandalo
2303 4913 2439 4966 cantitetur

455 5007 572 5060 ctrndum
590 5007 720 5060 carnalem
740 5007 938 5074 intelligentiam
950 5021 1003 5060 non
1016 5005 1092 5070 prod·
1130 5003 1281 5058 motabilem
1295 5011 1442 5056 creaturam
1454 5003 1554 5070 aliquid
1565 5003 1651 5054 evenit
1662 5003 1766 5054 casuale
1804 5003 1849 5054 Dei
1877 5001 1968 5054 Filium
1997 4997 2059 5054 ibici.
2080 5027 2119 5038 -
2139 5003 2246 5064 apertae
2268 4999 2439 5054 confessionis

455 5099 493 5148 est
512 5093 658 5162 qrvidquam
677 5095 726 5146 336
748 5097 781 5148 99
1130 5091 1192 5144 ibid.
1205 5117 1241 5130 -
1254 5091 1332 5156 Quasi
1342 5091 1432 5142 omnia
1445 5105 1458 5144 a
1472 5105 1534 5144 casu
1545 5089 1635 5142 venire
1643 5089 1766 5142 videntur
1804 5103 1871 5142 voce
1887 5089 1971 5140 Deum
1991 5087 2118 5152 glorificat
2133 5085 2195 5138 ibid.

508 5211 542 5224 -
562 5183 587 5234 in
604 5183 690 5236 Adam
715 5189 775 5236 ante
792 5191 932 5248 peccatum
956 5183 1005 5234 luit
1025 5195 1092 5246 pura
1130 5179 1163 5230 76
1184 5195 1209 5230 v.
1230 5179 1259 5230 ll
1285 5207 1322 5216 -
1340 5177 1473 5230 invenitur
1502 5177 1690 5240 in·omnibus,
1712 5189 1765 5228 non
1858 5203 1891 5214 -
1909 5173 2073 5228 Centurionis
2090 5175 2195 5228 devotio
2218 5175 2249 5226 74
2267 5175 2318 5228 393
2333 5177 2367 5228 86
2381 5173 2436 5244 (85)

455 5275 480 5324 ει
498 5273 555 5324 ειιιε
580 5273 682 5324 macula
705 5271 735 5322 74
758 5273 807 5324 888
829 5273 861 5324 68
887 5297 922 5312 -·
948 5273 987 5324 εει
1011 5283 1092 5320 nurus
1129 5265 1380 5330 qtiodomniacasu
1397 5265 1532 5328 eveniant,
1552 5263 1599 5318 sed
1618 5263 1680 5330 quia
1698 5261 1765 5316 circa
1805 5291 1838 5302 -
1858 5263 1958 5330 gentilis
1970 5263 2171 5318 commendatur
2183 5273 2291 5330 propter
2303 5265 2382 5318 hdem
2396 5267 2439 5318 Vll
2485 5277 2494 5290 s

452 5365 479 5412 et
498 5363 582 5412 mater
604 5357 706 5422 peccati
723 5357 769 5408 Vll
787 5357 839 5410 333
863 5357 898 5410 78
920 5385 957 5396 -
977 5361 1017 5408 est
1037 5369 1093 5408 me·
1130 5367 1236 5406 omnem
1247 5351 1399 5406 mutabilem
1412 5359 1560 5406 creaturam
1573 5351 1669 5418 aliquid
1682 5351 1767 5404 evenit
1804 5351 1836 5404 74
1860 5353 1890 5404 49
1909 5381 1945 5390 -
1963 5343 2113 5404 excellentia
2130 5351 2192 5404 fidei
2210 5359 2326 5408 meretur
2346 5357 2440 5408 accele-

454 5447 546 5512 retrix,
570 5445 616 5498 eui
638 5445 725 5498 unitur
749 5445 810 5510 quis
833 5445 860 5496 in
886 5443 1033 5498 carnalitate
1060 5443 1092 5494 74
1130 5441 1233 5492 casuale
1252 5439 1286 5492 77
1305 5441 1356 5508 ιιι
1374 5441 1488 5492 -Nihil
1502 5441 1528 5492 dt
1541 5453 1603 5494 casu
1618 5437 1766 5494 thid-ln
1804 5441 1932 5492 rationem
1949 5437 2070 5494 beneficii
2088 5439 2139 5492 467
2159 5441 2441 5496 9-4ιιιιιιιιιιειεοιι-

455 5535 542 5588 6098
672 5531 674 5536 ’
936 5593 939 5600 ¹
1131 5527 1470 5594 mundonihilagiturcasu
1490 5535 1515 5582 et
1532 5531 1765 5582 toreumatibus
1805 5531 1890 5582 litetur
1910 5529 2083 5582 excellentiam
2098 5529 2202 5582 divinae
2222 5531 2358 5596 potestatis
2370 5531 2441 5588 Chri·

508 5617 656 5672 -Carnis
686 5619 813 5682 fragilitas
840 5623 1012 5684 comparatur
1034 5619 1093 5672 flori
1179 5615 1305 5670 -Casus
1315 5617 1340 5668 in
1349 5617 1444 5670 taciem
1454 5617 1583 5684 significat
1592 5617 1765 5672 reverentiam
1805 5619 1851 5684 sti,
1871 5633 1931 5672 cum
1943 5633 1997 5672 non
2013 5621 2093 5672 audet
2106 5635 2167 5674 eum
2180 5621 2313 5688 suscipere
2329 5621 2393 5676 ibid.
2407 5651 2440 5664 -

455 5705 546 5762 cardui
559 5707 598 5776 74
620 5705 664 5758 tlt
690 5721 717 5758 v.
736 5707 770 5762 45
782 5735 819 5744 -
831 5707 921 5774 spinas
941 5713 964 5762 ει
983 5705 1093 5760 tribulos
1131 5705 1175 5758 744
1195 5705 1246 5758 436
1265 5705 1293 5758 34
1318 5733 1353 5746 -
1373 5713 1433 5774 post
1449 5713 1554 5774 tergum
1573 5707 1701 5774 significat
1713 5707 1767 5760 rui·
1804 5709 1880 5762 Fides
1892 5709 2052 5762 centurionis
2063 5709 2207 5762 ostenditur
2220 5723 2315 5776 magna
2335 5711 2385 5764 458
2409 5711 2440 5764 44

455 5795 629 5852 tentationum
647 5801 757 5860 generat
773 5793 835 5850 ibici.
1130 5807 1194 5846 nam
1211 5791 1274 5848 ibid.
1291 5795 1398 5870 -Qui
1419 5795 1445 5850 in
1469 5797 1562 5850 facicm
1586 5795 1656 5850 cadit
1682 5795 1766 5860 videt,
1804 5827 1838 5836 -ι
1857 5799 1934 5852 Fides
1951 5799 2112 5852 centurionis
2134 5813 2187 5852 non
2207 5799 2256 5852 fuit
2280 5801 2364 5854 maior
2381 5801 2441 5852 sim·

508 5881 694 5950 -subtracta
712 5885 810 5954 gratia,
828 5899 878 5952 per
900 5899 980 5952 qviam
1007 5885 1093 5940 anima
1127 5893 1185 5952 quo
1202 5885 1291 5948 cadam
1311 5885 1356 5952 qui
1374 5891 1445 5938 retro
1457 5899 1510 5938 non
1529 5885 1603 5940 videt
1619 5885 1680 5940 ibid.
1691 5915 1728 5924 -
1741 5887 1766 5936 ln
1805 5887 1919 5954 pliciter,
1937 5887 1985 5938 sed
2001 5893 2121 5954 respectu
2139 5885 2230 5942 habito
2247 5887 2283 5942 ad
2300 5901 2441 5954 personam

454 5977 560 6040 regeret
578 5985 699 6040 caruem,
716 5973 751 6028 ad
774 5975 883 6028 inferius
900 5975 1041 6030 declinavit
1061 5977 1092 6030 Vl
1133 5973 1224 6026 faciem
1244 5975 1341 6026 cadunt
1352 5973 1431 6038 boni,
1449 5975 1510 6028 mali
1528 5981 1598 6028 retro
1619 5973 1681 6028 illd.
1692 6005 1728 6014 -
1741 5975 1767 6026 ln
1808 5977 1857 6028 469
1877 5975 1909 6028 45

455 6065 508 6116 388
536 6061 572 6114 55
597 6089 633 6102 -
657 6063 777 6116 Tantalio
806 6065 892 6118 caruis
919 6071 964 6118 aut
988 6069 1026 6118 est
1054 6077 1095 6118 se·
1133 6063 1224 6116 faciem
1245 6063 1314 6116 cedit
1329 6065 1392 6128 quis
1410 6063 1544 6136 tripliciter
1562 6061 1624 6118 ibid.
1857 6079 2012 6118 -servum
2038 6065 2172 6118 infirmum
2192 6065 2318 6128 diligebat
2339 6081 2370 6118 ex
2388 6065 2440 6130 pie·

456 6151 582 6218 oriudum,
603 6157 649 6208 aut
673 6155 765 6206 contra
783 6159 905 6206 naturam
933 6153 984 6208 475
1009 6167 1035 6206 r.
1061 6153 1093 6206 44
1183 6153 1293 6206 -Non
1313 6151 1496 6216 diffidendum,
1513 6151 1536 6206 si
1556 6151 1648 6218 aliqui,
1668 6151 1713 6218 qui
1730 6151 1768 6204 vi·
1806 6157 1858 6206 tate
1875 6155 1919 6206 744
1943 6153 1993 6204 466
2011 6153 2026 6204 3
2046 6179 2081 6194 -
2100 6151 2208 6206 accessit
2233 6153 2266 6206 ad
2290 6155 2374 6208 lesum
2394 6167 2441 6220 per

456 6271 490 6282 -
518 6241 686 6296 immunditia
713 6243 800 6296 carnis
825 6247 864 6296 est
888 6241 1035 6298 abiicienda
1061 6243 1088 6296 94
1132 6241 1226 6296 ιιειιιιιι
1250 6245 1332 6304 ειειε,
1358 6241 1455 6296 cadunt
1481 6243 1524 6294 Vll
1551 6241 1600 6294 448
1626 6241 1659 6294 33
1679 6269 1713 6282 -
1732 6243 1769 6294 De
1806 6243 1899 6308 iidem,
1913 6229 1955 6296 vel
1968 6241 2046 6296 etiam
2059 6241 2242 6308 corporaliter,
2258 6245 2307 6296 sed
2319 6257 2372 6296 non
2384 6257 2441 6308 per·
2509 6229 2511 6234 ¹

456 6347 482 6386 r.
506 6331 537 6384 49
1132 6345 1195 6384 casu
1211 6335 1317 6384 nonest
1332 6329 1464 6382 incautius
1477 6329 1649 6382 diffidendum
1669 6329 1720 6382 653
1736 6329 1768 6382 45
1806 6333 1878 6386 venit
1895 6333 1929 6384 ad
1952 6343 2014 6384 eum
2041 6331 2066 6384 in
2090 6329 2197 6396 propria
2223 6343 2334 6394 persona
2356 6333 2406 6386 467
2426 6333 2441 6386 5

510 6447 544 6460 -·
563 6423 602 6476 est
620 6419 808 6476 vestimentum
829 6419 1050 6486 prosternendum
1068 6419 1095 6472 in
1186 6415 1364 6472 Cavaonuueut
1381 6445 1417 6456 -
1434 6417 1552 6472 nondum
1568 6419 1649 6470 fidem
1668 6417 1769 6482 explici·
1805 6449 1842 6460 —
1866 6419 1936 6472 misit
1961 6417 2089 6482 seniores,
2117 6417 2164 6482 qui
2189 6415 2384 6474 intercedebant
2412 6437 2442 6476 cx

455 6509 500 6564 via
527 6503 702 6578 poenitentiae
728 6523 776 6576 per
804 6509 1029 6562 mortificationem
1061 6509 1094 6560 74
1132 6513 1186 6560 tam
1202 6505 1302 6560 habeut
1320 6505 1352 6560 74
1371 6507 1423 6558 389
1443 6505 1477 6560 45
1806 6521 1895 6562 amore
1914 6513 1939 6560 et
1956 6505 2115 6560 confidentia
2132 6503 2169 6560 tl.
2189 6505 2206 6558 b

456 6599 510 6654 594
536 6599 552 6652 3
581 6625 617 6638 -
643 6597 733 6652 Carnis
762 6597 927 6652 mortificatio
952 6595 1095 6650 consulitur
1185 6593 1287 6648 ciram
1307 6621 1341 6634 -
1359 6593 1424 6658 ligat
1441 6595 1537 6660 pedes,
1556 6595 1651 6650 collum
1672 6599 1697 6648 et
1713 6607 1768 6646 ma·
1861 6623 1894 6634 -
1913 6593 2074 6650 centurionis
2099 6607 2205 6648 servum
2233 6601 2368 6662 aegrotum
2394 6599 2442 6650 tria
2491 6605 2495 6610 ’·

401 6743 403 6748 ,
457 6693 547 6742 contra
572 6689 813 6752 concupiscentiam
836 6671 922 6740 carnis
947 6685 1000 6740 584
1025 6687 1040 6738 3
1061 6711 1095 6724 -·
1132 6681 1416 6736 postliminii
1443 6683 1452 6734 ι
1477 6711 1511 6720 -
1529 6683 1609 6736 duae·
1624 6687 1684 6734 sunt
1710 6695 1769 6746 pro·
1807 6683 1918 6748 dignum
1931 6683 2027 6736 faciunt
2045 6682 2077 6735 ad
2090 6683 2280 6738 iuvenienduru
2295 6685 2442 6740 remedium

457 6775 547 6832 Carnis
572 6775 736 6830 mortificatio
762 6773 905 6830 consulitur
929 6773 964 6826 ad
986 6787 1095 6840 scuuen·
1129 6773 1199 6824 nitas
1215 6773 1253 6824 ad
1274 6771 1374 6824 malum
1399 6773 1428 6824 et
1445 6769 1582 6824 difficultas
1608 6769 1641 6824 ad
1669 6769 1767 6824 bonurn
1806 6769 1923 6824 sanitatis
1939 6771 1983 6824 Vll
2003 6771 2054 6822 456
2073 6769 2250 6824 4-ειιιιιιιι
2268 6773 2303 6826 de
2319 6773 2442 6824 lesunon
2546 6779 2549 6784 “

457 6863 521 6918 dum
539 6863 672 6920 Christum
692 6863 755 6920 iliu.
766 6893 801 6906 -
814 6863 906 6918 Malitia
926 6875 942 6914 a
959 6875 1039 6914 carne
1050 6875 1095 6914 au·
1132 6857 1184 6912 579
1202 6859 1217 6910 5
1807 6859 1890 6912 εοιιιιιι
1904 6873 1966 6912 aure
1981 6857 2112 6934 corporis,
2122 6859 2170 6914 sed
2182 6857 2259 6912 etiam
2274 6875 2338 6914 aure
2357 6861 2442 6912 εοιιιιε
