5908 8266
469 527 534 592 oto

559 705 611 768 oo.
634 701 736 788 (Vers.
762 689 1095 784 tat‘ttthttontnus,
1126 703 1200 788 quia
1232 721 1291 788 pro
1320 703 1428 770 alieno

304 809 611 892 caruerant-perditur
642 807 824 892 proprium;
863 809 931 876 ideo
965 809 1088 876 subdit:
1126 811 1168 874 Εῖ
1199 809 1233 874 si
1261 809 1299 874 in
1319 809 1427 876 alieno

302 893 353 926 ”⁰⁰²
368 883 574 1000 1’Μ’ωὼῖῖῖῖθῖθε
599 933 664 980 non
680 911 813 1000 laisla,
836 931 893 998 per
910 913 1047 980 debitam
1068 913 1140 980 honi
1161 913 1278 980 terreni
1302 913 1426 998 dispen-

466 1019 635 1100 sationem;
651 1019 737 1086 unde
756 1019 865 1086 Glossa
877 1021 903 1082 ¹:
927 1019 1101 1086 «Alienum
1117 1039 1134 1084 a
1150 1019 1241 1084 nohis
1255 1025 1318 1098 est,
1335 1019 1426 1104 quid-

467 1123 542 1208 quid
567 1123 683 1192 saeculi
704 1129 766 1202 θεῖ,
792 1123 867 1208 quia
884 1127 1009 1206 praeter
1034 1129 1179 1188 naturam
1197 1147 1229 1188 >›.
1253 1123 1332 1190 Haeo
1357 1123 1426 1207 qui-

368 1285 370 1292 .
406 1269 408 1276 ,
466 1231 537 1296 dem
561 1230 708 1298 dicuntur
736 1229 819 1296 bona
848 1227 977 1306 atiena,
1001 1229 1074 1312 quia
1107 1247 1142 1292 ea
1174 1226 1337 1294 nobiscum
1367 1247 1425 1294 nec

465 1337 579 1404 atlerre
604 1329 768 1422 possumus
794 1351 851 1400 nec
874 1335 1013 1412 auterre3
1035 1331 1155 1418 primae
1172 1331 1207 1400 ad
1226 1333 1425 1400 Timotheum

467 1443 623 1508 ultimo²z
650 1469 666 1500 «
684 1441 764 1508 Nihil
788 1441 953 1508 intulimus
978 1441 1008 1506 in
1032 1439 1119 1508 huuc
1142 1439 1315 1518 mundum,
1340 1439 1425 1506 haud

466 1547 620 1628 clabiam,
642 1547 725 1632 qnod
752 1563 809 1612 neo
830 1545 956 1610 aulerre
982 1543 1058 1630 quiid
1080 1561 1249 1628 possumus
1265 1571 1302 1622 »;
1325 1545 1425 1612 ottob

450 1653 455 1670 “
467 1653 585 1736 primo:
615 1653 755 1720 «Nudus
770 1667 918 1736 egressus
941 1667 1010 1718 sum
1036 1649 1072 1716 de
1090 1657 1182 1717 utero
1204 1651 1315 1716 matris
1337 1669 1425 1718 meae

465 1767 498 1826 ot
519 1757 627 1826 nudus
657 1763 801 1826 reuertar
822 1757 897 1824 illuc
920 1785 948 1820 r.
979 1793 1021 1802 -
1052 1755 1172 1838 Quod³
1201 1763 1350 1822 oestrum
1378 1763 1426 1822 est

450 1863 541 1950 ‚puio
566 1863 655 1930 dabit
687 1861 806 1928 uobis?
826 1879 883 1946 per
906 1861 1132 1928 assecutionem
1167 1859 1307 1928 caelestis
1334 1879 1425 1946 prae-

340 1993 397 2050 par
410 2007 448 2040 no·
464 1971 528 2036 mii.
548 1969 627 2038 lttud
641 1985 777 2054 namque
791 1977 941 2036 nostram
958 1975 1019 2048 est,
1041 1967 1077 2034 ad
1096 1969 1180 2054 quod
1199 1985 1311 2036 sumus
1327 1971 1424 2036 creati

353 2051 430 2092 ΨΜ·
464 2081 498 2144 θῖ
519 2075 745 2160 praeordinati,
768 2081 801 2142 et
823 2075 907 2158 quod
932 2069 1073 2142 habitum
1099 2093 1160 2142 non
1184 2083 1287 2162 potest
1317 2077 1423 2162 perdi;

464 2181 550 2248 unde
572 2183 716 2248 tltatthaei
743 2181 891 2266 vigesimo
911 2183 1020 2268 qtrinto
1034 2185 1062 2248 4:
1087 2209 1104 2240 ι(
1121 2183 1245 2264 lenite,
1268 2183 1424 2252 benedicti

466 2287 567 2354 Patris
590 2287 666 2366 mei,
692 2287 844 2374 possidete
869 2295 1012 2376 paratum
1038 2291 1127 2358 vohis
1149 2309 1315 2378 regnum»
1346 2299 1423 2372 eto.;

465 2401 498 2460 et
520 2411 618 2480 supra
640 2401 749 2462 sexto:
776 2419 792 2452 «
811 2395 890 2462 Beati
918 2413 1086 2480 pauperes,
1113 2397 1186 2482 quta
1209 2405 1351 2464 vestrum
1376 2405 1424 2464 est

466 2519 597 2586 regnum
621 2501 674 2568 Dei
691 2529 720 2566 n,
748 2501 809 2568 ttoo
827 2507 933 2568 arrtem
956 2519 1089 2588 regnum
1108 2521 1170 2570 non
1193 2509 1241 2570 est
1262 2503 1349 2570 atiud
1366 2503 1422 2570 nisi

466 2609 551 2674 Deus
584 2615 616 2674 θῖ
649 2609 802 2674 Dominus
834 2609 922 2674 lesus
954 2607 1118 2684 Christus;
1154 2609 1238 2674 unde
1271 2607 1422 2674 Clossa5:

470 2741 486 2772 «
506 2713 598 2794 Quod
622 2723 766 2780 oestrum
799 2723 863 2792 ert,
887 2713 919 2780 id
943 2719 1007 2790 est,
1040 2731 1122 2798 quae
1143 2713 1272 2798 proprie
1304 2711 1420 2778 homini

464 2819 614 2904 deputata
644 2825 736 2900 sunt,
767 2819 911 2886 Christos
942 2825 1050 2884 noster
1078 2825 1143 2894 θεῖ,
1177 2819 1251 2902 qnia
1278 2819 1423 2886 Christus

465 2925 528 2990 rita
553 2931 657 2990 nostra
683 2931 729 2992 θεῖ
747 2949 780 3002 »;
806 2923 843 2990 ad
869 2923 1064 2990 Colossenses
1087 2921 1197 2990 tertio:
1228 2949 1243 2978 o
1259 2921 1336 2988 Cum
1368 2941 1422 3006 ap-

466 3029 606 3114 paruerit
630 3029 787 3106 Christus
812 3029 876 3094 rita
902 3033 1024 3104 vestra,
1051 3033 1126 3092 tuno
1148 3035 1180 3092 θῖ
1210 3045 1266 3092 vos
1292 3045 1422 3110 appare-

464 3137 536 3202 hilis
554 3163 570 3194 ε)
595 3143 653 3202 eit.

554 3245 603 3308 hl.
631 3241 729 3320 (Vers.
758 3239 831 3320 t3.).
858 3239 984 3306 ltletao6
1004 3245 1111 3324 porea
1131 3239 1260 3304 dnobus
1276 3239 1422 3306 dominis

297 3367 445 3430 neareonpa-
461 3347 585 3412 seruire
617 3351 675 3412 eto.
700 3347 769 3412 Post
805 3343 1017 3410 invitationem
1042 3345 1080 3412 ad
1104 3345 1250 3430 pietatem
1282 3363 1323 3412 er
1348 3363 1421 3412 con-

304 3425 440 3536 didiie'-
461 3451 649 3518 sideratiooe
674 3449 827 3518 mercedis
858 3449 1018 3518 habendae
1050 3457 1079 3518 et
1104 3449 1260 3518 tidetitatis
1294 3467 1422 3518 servan-

312 3527 435 3636 tllllllll.
461 3557 519 3624 dae
552 3557 601 3622 hic
637 3557 729 3624 tertio
761 3557 873 3622 inuitat
899 3575 942 3622 ex
964 3557 1211 3622 consideratione
1244 3555 1420 3640 duplicita-

463 3663 506 3728 tio
530 3663 723 3740 eitanclael,
749 3661 909 3746 quianon
937 3667 1038 3746 potest
1063 3659 1155 3728 simut
1187 3661 1297 3728 haberi
1320 3661 1420 3744 pietas

461 3767 502 3834 ed
524 3767 624 3834 Deum
656 3775 689 3834 et
716 3767 873 3852 cupiditas
902 3767 942 3832 ad
972 3767 1145 3846 mundum;
1180 3765 1261 3852 quod
1293 3767 1419 3851 quidem

461 3875 532 3942 lacit
557 3875 618 3942 hoo
632 3875 759 3952 ordine,
782 3871 987 3956 praemittens
1004 3871 1122 3938 seilicet
1143 3871 1349 3958 duplicitatis
1370 3893 1419 3938 re-

461 3979 703 4064 probationem,
730 3979 902 4064 adiungens
928 3977 1171 4084 reprpbatioaio
1193 3979 1418 4046 assertionem.

550 4085 652 4154 Primo
677 4085 771 4172 igitur
805 4093 958 4172 quantum
991 4083 1027 4152 ad
1061 4085 1324 4170 reprobationem
1356 4087 1417 4152 dn-

320 4213 348 4256 uo
364 4211 442 4268 primo.
458 4191 620 4278 plicitatis
642 4191 737 4260 dicit:
770 4191 872 4258 Nemo
891 4199 996 4276 potest
1019 4189 1148 4256 dctobas
1184 4191 1327 4258 dorniaio
1350 4211 1420 4258 ser-

461 4301 540 4364 eire.
568 4301 645 4366 Haec
668 4297 839 4384 propositio
863 4317 919 4382 per
943 4317 975 4364 εθ
1001 4303 1072 4364 nota
1095 4305 1159 4376 est;
1186 4297 1419 4382 propterquod

461 4403 577 4472 dicitur
604 4405 809 4472 Ecclesiastiei
840 4391 1021 4472 secundo⁸:
1054 4431 1068 4462 o
1082 4403 1146 4470 Vae
1178 4403 1295 4490 duplici
1325 4403 1420 4470 corde

463 4517 495 4578 et
517 4511 606 4580 labiis
625 4511 762 4580 scelestis
784 4517 841 4578 eto.
869 4517 897 4578 el
918 4511 1073 4596 peccatori
1096 4509 1283 4594 ingredienti
1302 4517 1418 4576 terram

462 4617 586 4686 duabus
602 4617 659 4686 riis
675 4623 710 4684 »l
736 4625 767 4686 et
789 4617 890 4684 Iaoohi
907 4617 1022 4702 primo:
1054 4617 1140 4682 «Vir
1167 4617 1287 4702 duplex
1315 4615 1419 4684 animo

463 4723 642 4792 inconstans
662 4731 711 4790 est
735 4723 765 4790 in
797 4723 943 4790 omnihus
965 4721 1023 4790 viis
1047 4721 1114 4790 suis
1129 4747 1158 4786 r.
1187 4721 1220 4788 Et
1252 4721 1321 4788 ideo
1343 4719 1419 4788 diei-

464 4837 517 4896 tur
533 4829 735 4898 Ecolesiastici
761 4829 882 4914 primo:
910 4855 927 4886 ε(
943 4829 985 4894 Νθ
1002 4827 1170 4894 accesseris
1193 4827 1233 4892 ad
1255 4827 1344 4892 illum
1361 4827 1419 4892 du-

417 4973 420 4978 ·
464 4935 533 5018 plici
560 4937 652 5002 corde
667 4961 700 5016 >›,
723 4935 782 5000 hoo
804 4939 864 5012 est,
888 4953 950 5000 uon
973 4931 1053 5000 retis
1078 4931 1203 5000 duobus
1226 4931 1362 5000 dominis
1377 4931 1418 4998 εῖ-

1056 527 1248 596 couuruur.
1276 529 1312 594 ru
1335 527 1573 594 airrirouuuu
1599 527 1716 596 lucus
1739 531 1772 596 c.
1796 533 1871 596 ru.
1923 491 1925 496 ’

1491 703 1557 770 mm
1581 705 1716 786 servire,
1737 707 1809 792 auia
1834 707 1893 772 hoo
1913 721 1974 770 non
1997 707 2100 788 potest
2118 701 2186 770 lieri
2213 707 2305 768 recte.
2328 737 2365 748 -
2385 701 2446 766 Do·
2462 725 2598 820 guaitam

1491 807 1565 874 mini
1583 817 1686 876 autem
1714 809 1832 878 ducah
1848 811 1980 876 invicem
2002 807 2109 888 divisi,
2133 807 2249 898 quihus
2267 825 2329 872 non
2344 813 2447 892 potest
2468 789 2598 878 tlhllltil

1490 913 1586 980 simut
1616 915 1746 994 serviri,
1780 923 1853 982 sunt
1875 901 2102 980 indifferentia
2123 911 2333 998 quadruplici.
2366 913 2446 978 Sunt
2564 985 2566 990 ,

1490 1019 1570 1086 enim
1605 1019 1656 1086 isti
1685 1019 1801 1086 domini
1834 1019 1952 1088 vitiano
1982 1025 2013 1086 et
2040 1019 2169 1098 cirtam·
2201 1025 2331 1104 propter
2360 1017 2446 1102 quod
2465 1039 2543 1088 orrea.

1490 1123 1571 1190 tertii
1599 1127 1715 1210 Regum
1739 1123 1860 1192 decimo
1882 1125 2036 1192 octarolz
2063 1149 2080 1182 «
2097 1125 2267 1208 Usquequo
2290 1121 2445 1188 claudica-

1489 1227 1529 1296 tis
1552 1229 1583 1294 in
1607 1229 1685 1296 duas
1710 1235 1841 1314 partes?
1859 1231 1887 1296 Si
1913 1229 2064 1296 Dominus
2086 1235 2132 1298 est
2156 1229 2253 1306 Deus,
2279 1225 2443 1312 sequimini

1488 1353 1579 1414 eum;
1605 1335 1627 1402 si
1646 1341 1751 1402 autern
1769 1337 1841 1400 Baat
1857 1363 1872 1394 o
1893 1343 1968 1416 eto.;
1988 1343 2020 1402 θῖ
2043 1337 2137 1402 Isaiae
2154 1333 2303 1420 vigesimo
2319 1339 2444 1400 octauo:

1493 1467 1507 1500 r
1524 1441 1767 1526 Coangustatum
1793 1447 1840 1508 est
1858 1447 2006 1520 stratum,
2032 1443 2074 1510 ita
2099 1449 2133 1508 nt
2149 1443 2227 1508 atter
2249 1439 2390 1518 decidat,
2409 1445 2445 1506 et

1488 1547 1617 1632 pallium
1633 1547 1731 1614 hrere
1745 1551 1920 1632 utromque
1941 1547 2065 1632 operire
2084 1567 2145 1616 non
2162 1553 2263 1634 potest
2280 1573 2366 1610 „‚,„.
2384 1547 2444 1610 Do'-
2462 1567 2569 1616 secuta.

1488 1653 1562 1718 mini
1595 1653 1686 1720 etiam
1720 1651 1767 1720 isti
1794 1661 1868 1718 sunt
1900 1673 1980 1718 caro
2002 1661 2035 1720 et
2063 1655 2226 1742 spiritam
2255 1653 2295 1720 ad
2322 1653 2445 1720 Galatas

1488 1759 1599 1844 quinto
1612 1761 1656 1826 l⁰:
1684 1759 1796 1826 «Caro
1817 1759 2009 1844 concupiscit
2031 1761 2180 1828 adversus
2201 1761 2364 1846 spiritum,
2382 1761 2445 1844 spi-

1488 1865 1568 1932 ritns
1592 1871 1695 1934 autem
1729 1865 1878 1934 adversus
1904 1883 2040 1934 carnem.
2066 1867 2147 1934 Haeo
2170 1867 2250 1934 enim
2283 1865 2341 1932 sibi
2363 1867 2445 1932 inri-

1488 1991 1554 2040 cem
1586 1973 1808 2068 adversantur,
1833 1979 1869 2042 ut
1892 1991 1971 2054 non,
1994 1991 2216 2060 quaecumque
2245 1971 2359 2052 vultis,
2392 1971 2445 2040 illa

1488 2079 1606 2148 lactatis
1622 2107 1652 2146 a.
1678 2081 1746 2150 tdeo
1778 2081 1814 2150 ad
1841 2083 1993 2150 Romanos
2024 2087 2151 2150 octauo:
2180 2079 2241 2144 «Si
2268 2077 2442 2144 secundum

1487 2207 1614 2256 carnem
1637 2189 1797 2268 vixeritis,
1820 2189 2014 2268 moriemini3
2040 2189 2063 2256 si
2090 2193 2191 2254 autem
2226 2183 2340 2270 spiritu
2361 2183 2443 2252 lacta

1488 2295 1590 2362 carnis
1608 2297 1885 2374 mortificaveritis,
1913 2297 2022 2364 viretis
2038 2323 2067 2360 ».
2087 2331 2126 2346 -
2145 2297 2235 2372 ttem,
2258 2291 2376 2360 domini
2391 2291 2442 2360 isti
2460 2311 2538 2354 refut.

1487 2405 1561 2466 sunt
1586 2399 1739 2468 Cbrirtas
1760 2411 1793 2468 et
1814 2401 1987 2484 diabolum·
2010 2401 2166 2468 secundae
2195 2399 2234 2466 ad
2265 2399 2442 2466 Corinthios

1487 2513 1577 2572 sexto
1591 2509 1634 2572 ¹1:
1660 2535 1675 2566 »
1695 2509 1782 2592 Quae
1799 2507 1962 2574 conventio
1978 2507 2091 2574 Christi
2108 2507 2147 2574 od
2163 2505 2255 2574 Belial
2273 2513 2310 2572 »t
2333 2513 2361 2574 et
2377 2507 2442 2592 pri-

1487 2629 1555 2678 mae
1578 2613 1617 2678 ad
1649 2611 1824 2678 Corinthios
1856 2611 1993 2678 decimo:
2024 2639 2040 2670 <t
2059 2613 2124 2678 Non
2157 2609 2285 2696 potestis
2314 2611 2455 2678 calicem

1486 2715 1607 2780 Domini
1630 2717 1740 2780 hibere
1754 2721 1788 2780 θῖ
1808 2715 1933 2780 calicem
1950 2717 2204 2792 daemoniorum
2229 2733 2290 2780 uon
2312 2717 2442 2800 potestis
2474 2773 2475 2776 ,

1486 2837 1611 2884 mensae
1632 2817 1754 2884 Domini
1781 2819 1947 2904 participes
1972 2837 2040 2886 esse
2061 2825 2094 2884 et
2114 2837 2240 2886 mensae
2263 2821 2442 2904 daemonio-

1486 2941 1557 2988 rum
1571 2949 1588 2982 »
1619 2929 1677 2990 eto.
1694 2923 1845 3002 -Item,
1867 2923 1983 2990 domini
2007 2929 2082 2990 sunt
2107 2927 2193 2990 Dour
2217 2925 2320 2992 eliste
2345 2947 2442 2994 nean·
2460 2947 2547 3002 Quarta.

1486 3029 1569 3106 rtas;
1586 3027 1684 3094 tacobi
1702 3035 1816 3114 quarto
1830 3029 1874 3092 1²:
1906 3055 1921 3086 o
1935 3029 2094 3110 Adulteri‚
2110 3029 2250 3110 nescitis,
2270 3031 2344 3116 quia
2363 3035 2439 3118 arnt-

1485 3133 1557 3200 cilia
1578 3133 1677 3202 huius
1697 3135 1807 3200 mundi
1832 3133 1956 3200 inimica
1980 3141 2027 3202 est
2048 3137 2125 3202 Dei?
2151 3137 2178 3202 si
2204 3137 2277 3224 quis
2305 3141 2442 3209 voluerit

1485 3241 1606 3308 amicus
1637 3239 1735 3308 hirtus
1763 3241 1872 3308 mundi
1902 3241 1989 3322 lieri,
2012 3243 2160 3310 inimicus
2188 3241 2243 3308 Dei
2278 3247 2439 3314 constitui-

1485 3351 1537 3410 tur
1554 3369 1587 3422 »;
1613 3351 1642 3410 et
1668 3343 1736 3410 ideo
1757 3345 1878 3428 primae
1910 3345 2032 3412 loannis
2055 3347 2210 3412 secundo:
2240 3349 2370 3418 «Nolite
2394 3353 2440 3418 di-

1484 3451 1578 3536 tigere
1604 3449 1771 3530 mundum,
1797 3451 1884 3536 utria,
1910 3451 1933 3518 si
1958 3451 2153 3538 quisdiligit
2180 3455 2354 3536 mundam,
2377 3477 2440 3526 non

1484 3563 1530 3624 est
1553 3557 1668 3624 caritas
1689 3557 1790 3626 Patris
1813 3557 1845 3623 in
1868 3575 1906 3624 eo
1922 3585 1950 3622 ».
1979 3597 2022 3606 -
2046 3557 2082 3624 Εῖ
2105 3557 2142 3626 de
2168 3559 2217 3626 his
2238 3557 2363 3630 duobus
2386 3563 2441 3630 do·-

1484 3663 1575 3728 minis
1596 3661 1741 3746 intelligit
1758 3663 1968 3730 dissuadendo
1985 3663 2184 3748 cupiditatem
2203 3665 2392 3734 mundanam
2411 3677 2440 3736 et

1483 3769 1640 3836 invitando
1656 3767 1694 3836 ad
1709 3769 1857 3854 pietatem
1879 3767 2029 3836 diuinam.
2054 3769 2138 3836 Unde
2155 3769 2261 3836 Glossa
2276 3771 2314 3836 13:
2339 3773 2440 3842 «Cor-

1483 3875 1599 3960 ripiens
1635 3875 1800 3942 auaritiam
1835 3875 1931 3954 dicit,
1963 3881 2118 3942 amatores
2153 3875 2303 3960 pecuniae
2336 3881 2438 3948 Deum

1482 3997 1587 4046 amare
1611 3997 1674 4046 nou
1703 3997 1811 4064 posse;
1836 3981 1890 4064 qui
1924 3997 1998 4064 ergo
2030 3981 2127 4046 Deum
2160 3987 2244 4046 amat
2277 3983 2439 4066 pecuniam

1483 4091 1659 4154 contemnat
1676 4113 1704 4150 a.
1740 4085 1784 4152 Ex
1815 4103 1878 4172 qao
1911 4097 2057 4171 apparet,
2081 4085 2167 4172 quod
2193 4085 2247 4170 qui
2274 4087 2343 4154 vult
2372 4107 2439 4156 θεεθ

1483 4209 1593 4260 seruus
1616 4191 1733 4258 Christi
1754 4211 1816 4260 non
1842 4199 1942 4278 potest
1967 4209 2034 4260 esse
2057 4209 2170 4258 seruus
2192 4191 2284 4260 istius
2309 4189 2437 4274 rnundi3

1482 4295 1565 4364 uude
1588 4297 1727 4364 Beda14:
1754 4323 1770 4356 «
1788 4295 1914 4364 Debetis
1928 4297 2004 4364 haec
2021 4295 2203 4380 temporatia
2220 4295 2354 4364 fideliter
2375 4299 2439 4366 dis-

1484 4403 1624 4472 tribuere
1646 4409 1683 4472 nt
1704 4403 1822 4472 domini
1846 4403 2083 4490 temporalium,
2109 4421 2171 4470 non
2193 4409 2231 4468 ut
2252 4403 2334 4470 serri
2354 4433 2382 4470 o.

1571 4515 1625 4580 2⁰2.
1658 4511 1800 4580 Secundo
1829 4518 1986 4596 quantam
2015 4511 2055 4578 ad
2086 4509 2300 4576 assertionem
2326 4529 2439 4596 repro·
2458 4525 2604 4572 Doseennoo.

1484 4617 1626 4682 dationis
1648 4617 1827 4702 subiungit:
1863 4619 1932 4684 Aat
1960 4615 2047 4682 enirn
2078 4635 2185 4682 acinam
2218 4613 2303 4682 odiet
2332 4625 2361 4682 et
2391 4617 2439 4682 al-

1484 4731 1590 4790 teram
1615 4723 1744 4812 atttpen
1766 4723 1852 4810 quod
1874 4723 1991 4792 dicitur
2012 4731 2167 4808 quantum
2183 4721 2223 4788 ad
2246 4721 2437 4800 caritatem,

1484 4847 1563 4916 quae
1586 4827 1674 4898 odire
1690 4829 1761 4898 lacit
1777 4829 1893 4896 aratam
1913 4835 1942 4896 θῖ
1957 4829 2086 4912 diligere
2108 4829 2241 4906 honum,
2266 4827 2439 4894 secundum

1484 4933 1560 5000 illud
1583 4935 1621 5000 ad
1645 4935 1800 5002 Romanos
1824 4929 2009 5000 duodecimo
2024 4931 2067 4996 ¹⁵:
2098 4931 2275 4996 «Odientes
2306 4931 2439 5012 malurn,

534 5315 543 5344 ¹
566 5319 667 5370 Scilicet
686 5303 869 5370 interlinearis
890 5315 930 5376 lex
948 5315 1067 5378 Hieron,
1085 5315 1166 5378 Epist.
1193 5315 1253 5366 tet.
1275 5315 1338 5366 alios
1360 5315 1419 5368 tot.
1448 5315 1451 5372 l
1554 5311 1657 5368 9ῖῖθῖε.
1682 5317 1729 5382 et,
1751 5321 1908 5382 postquem
1930 5317 1986 5368 lsai.
2004 5315 2052 5378 28,
2071 5315 2115 5366 20.

464 5419 522 5472 cup.
534 5405 591 5456 sire
609 5413 710 5472 quaest.
730 5407 756 5468 6,
777 5409 804 5456 θῖ
823 5403 957 5468 Ambros,
979 5407 1029 5456 Vll.
1057 5405 1080 5456 iu
1098 5405 1162 5456 Luc.
1181 5417 1204 5456 o.
1226 5405 1267 5456 ts.
1285 5417 1314 5456 n.
1337 5403 1419 5470 Cib).

464 5519 498 5530 -
521 5493 646 5558 Superius
664 5507 712 5558 pro
731 5489 930 5556 Nihilominus,
950 5491 1014 5560 quia
1026 5505 1080 5558 pro
1098 5489 1187 5544 alieno
1210 5489 1335 5558 perditor
1361 5491 1420 5544 Vot.

464 5583 549 5636 trano
569 5587 600 5636 rt.
811 5573 813 5576 ’
1077 5625 1079 5630 ,

533 5669 543 5700 ²
565 5671 638 5724 Vera.
657 5669 691 5732 7,
714 5675 873 5736 postquem
893 5669 939 5722 tob
964 5669 992 5732 l,
1012 5671 1054 5720 et.
1074 5695 1110 5708 -
1129 5669 1264 5732 Ambros,
1284 5671 1335 5724 loc.
1364 5669 1420 5722 cit:

463 5759 552 5828 Neque
566 5759 705 5812 nobiscum
717 5765 861 5810 naseuntur
874 5773 962 5824 neque
976 5757 1113 5810 nobiseum
1129 5765 1261 5812 transeunt
1271 5756 1419 5828 [divitiae];

446 5847 581 5900 Christus
598 5855 687 5900 autem
706 5853 793 5900 noster
813 5853 864 5910 est,
884 5847 945 5914 quta
964 5847 1017 5900 site
1037 5855 1083 5900 est.

533 5933 544 5966 ³
565 5935 648 5990 Codd.
665 5935 748 5988 ACD
768 5933 801 5988 Et
820 5933 899 6002 qaod.

533 6023 545 6054 ⁴
567 6027 640 6076 Vers.
659 6025 703 6076 34.
721 6029 748 6076 θῖ
766 6023 860 6076 deinde
879 6025 942 6076 Luc.
960 6025 990 6086 6,
1011 6023 1053 6076 ab.

533 6109 544 6140 ⁵
566 6113 665 6166 Scilicet
678 6109 860 6166 interlinearis
879 6111 937 6180 (etr.
951 6125 1029 6176 supra
1044 6117 1101 6164 nota
1118 6115 1143 6164 2.
1162 6113 1245 6166 verba
1264 6113 1419 6182 Ambrosii),

465 6209 524 6266 post
541 6215 622 6270 qrram
642 6201 697 6254 Cot.
716 6203 745 6264 3,
767 6199 790 6252 t.

536 6287 546 6320 ⁰
567 6289 617 6344 Ctr.
638 6305 716 6354 supro
736 6301 798 6354 pag.
823 6287 886 6352 lbi,
904 6295 966 6342 notu
989 6291 1028 6340 lb.

534 6375 544 6408 ²
567 6377 634 6432 l'iclo
644 6391 722 6442 supra
731 6393 760 6428 n.
772 6377 813 6428 t3.
824 6403 858 6416 --
870 6377 976 6428 hiterius
991 6391 1038 6442 pro
1049 6375 1224 6446 praernitteno
1236 6379 1295 6432 Vol.
1308 6391 1421 6448 ponens·

534 6463 546 6496 ⁸
567 6469 641 6520 Vers.
661 6467 703 6518 lt.
722 6495 759 6506 -
776 6465 834 6518 Duo
851 6479 927 6532 seqq.
946 6467 995 6518 toci
1015 6471 1075 6518 sunt
1093 6467 1143 6518 tac.
1163 6467 1172 6516 t
1187 6505 1193 6528 ,
1211 6467 1236 6518 8.
1256 6473 1280 6518 et
1301 6467 1377 6518 Eccti.
1397 6469 1421 6532 t,

466 6557 509 6608 36.
527 6583 564 6596 -··
582 6557 670 6608 Glossa
692 6551 888 6608 interlinearis:
907 6553 991 6606 Nemo
1005 6567 1099 6608 aeroas
1116 6555 1203 6620 potest
1215 6551 1321 6608 duobus
1339 6553 1422 6608 domi·

466 6647 508 6698 nis
526 6645 643 6710 sarcire,
662 6645 727 6698 iuter
746 6657 775 6696 εθ
798 6643 996 6696 dissidentibus.
1020 6641 1073 6696 Ctr.
1091 6641 1239 6706 chrysost,
1265 6643 1358 6696 ltocrult.
1379 6647 1422 6698 dt.

465 6733 539 6800 (alias
559 6733 611 6800 Ξῖ.)
628 6735 651 6784 tn
665 6735 753 6786 blatth.
766 6745 790 6782 n.
813 6733 840 6782 t:
860 6731 971 6786 Nemo...
983 6731 1099 6794 seruire,
1121 6733 1189 6784 duos
1202 6731 1243 6784 hic
1259 6731 1363 6794 dicens,
1376 6733 1421 6800 quii

465 6821 593 6873 contrario
611 6821 785 6884 praecipicium
805 6833 866 6870 nam
886 6817 906 6870 st
926 6819 954 6872 id
970 6833 1026 6872 non
1044 6825 1127 6882 esset,
1145 6831 1199 6870 uon
1211 6819 1265 6872 duo
1285 6821 1378 6872 torem.

1556 5401 1576 5432 ¹⁰
1595 5407 1672 5458 Vera
1692 5405 1734 5458 tr.
1753 5403 1812 5470 (pro
1835 5403 1947 5474 spiritus
1973 5407 2064 5458 autera
2088 5403 2198 5458 CDFH
2219 5405 2242 5458 et
2259 5399 2385 5470 spriitar)
2417 5413 2440 5456 et

1484 5491 1578 5546 deinde
1597 5495 1676 5546 Doni.
1694 5495 1722 5558 8,
1747 5495 1785 5546 t3.
2307 5535 2309 5540 .

1556 5579 1575 5612 ¹¹
1595 5585 1671 5636 Vera.
1692 5585 1740 5648 te,
1758 5583 1800 5636 etti
1818 5581 1988 5648 subiungitur
2004 5585 2021 5636 l.
2042 5583 2102 5636 Cor.
2122 5585 2164 5646 lb,
2183 5583 2226 5636 ao.
2245 5593 2301 5648 seq.

1556 5667 1576 5698 ¹²
1597 5671 1672 5724 t'ers.
1692 5669 1721 5732 l,
1742 5687 1819 5738 qcrem
1839 5673 1957 5738 sequitur
1977 5675 1993 5724 l.
2012 5673 2080 5724 toan.
2101 5675 2128 5738 ε,
2150 5671 2191 5722 lh.

1556 5755 1577 5788 ¹³
1597 5761 1698 5814 Scilicet
1716 5759 1860 5812 ordinaria
1878 5759 1936 5828 (etr.
1954 5761 2041 5826 Dede,
2057 5759 2091 5810 u.
2112 5761 2135 5810 in
2156 5761 2218 5812 Luc.
2238 5757 2286 5822 lli,
2309 5757 2352 5810 lh.
2369 5771 2439 5824 secp,

1484 5847 1529 5916 qcri
1549 5849 1666 5914 soqcritnr
1685 5849 1804 5906 Hieron..
1822 5849 1837 5898 t.
1853 5849 1999 5902 Commeat.
2011 5849 2040 5900 in
2054 5849 2140 5900 ltutth.
2163 5849 2193 5912 o,
2207 5845 2248 5908 at,
2267 5849 2295 5896 et
2306 5843 2439 5910 Ambros,

1486 5939 1537 5990 Vll.
1557 5937 1581 5988 in
1602 5939 1663 5990 Luc.
1684 5951 1704 5990 o.
1727 5939 1767 5988 lb.
1787 5951 1814 5988 n.
1831 5937 1915 6004 hill.

1557 6023 1578 6054 ¹⁴
1595 6025 1666 6078 Libr.
1687 6026 1703 6077 t.
1722 6025 1749 6076 tn
1766 6027 1855 6078 htutth,
1873 6027 1902 6088 6,
1924 6027 1971 6090 er,
1989 6023 2033 6076 uhi
2048 6027 2165 6092 secpritur
2177 6025 2298 6086 Hieron,
2315 6025 2364 6076 too.
2382 6023 2452 6088 cit.;,

1484 6115 1608 6170 sententia
1628 6117 1713 6168 Bedoe
1733 6113 1869 6166 erhihetur
1882 6115 1971 6168 verbis
1985 6115 2090 6168 Glossae
2105 6113 2261 6170 ordinariae
2274 6113 2346 6176 apud
2365 6113 2441 6176 Lyra·

1484 6219 1553 6256 num¹
1567 6203 1591 6254 in
1612 6205 1675 6256 Luc.
1695 6203 1742 6264 ts,
1763 6203 1806 6254 t3.
1821 6229 1859 6242 -·
1877 6203 2003 6268 Superius
2024 6217 2073 6266 pro
2092 6203 2170 6258 istius
2183 6197 2281 6254 blandi
2297 6199 2344 6254 CF
2354 6201 2374 6252 u
2393 6197 2441 6254 btt-

1485 6291 1527 6344 ias
1546 6289 1650 6346 morncli.
2098 6295 2100 6298 ·

1556 6377 1578 6408 ¹⁵
1598 6381 1672 6442 Vers¹
1692 6379 1714 6432 ll.
1736 6393 1792 6444 seo.
1811 6379 1942 6432 etdeinde
1954 6381 1995 6432 Ρε.
2015 6379 2080 6442 lt8,
2096 6379 2154 6432 ll3.
2175 6407 2208 6420 —
2228 6381 2317 6432 Glossa
2337 6375 2440 6430 interli-

1484 6467 1590 6524 nearis:
1612 6465 1848 6530 recortanam
1869 6467 2118 6534 necromantem,
2149 6467 2298 6530 diabolum,
2322 6465 2391 6522 odiel
2417 6469 2440 6520 et

1484 6557 1618 6624 atterant,
1637 6557 1736 6618 Deum,
1755 6553 1862 6626 dilipel,
1879 6559 1931 6610 acret
1946 6557 2010 6624 tini,
2033 6555 2154 6620 diaholo,
2180 6555 2332 6612 oolbaerebit
2351 6557 2376 6610 et
2399 6555 2439 6610 at-

1485 6651 1574 6700 teram
1591 6647 1754 6704 contemnet,
1767 6645 1866 6708 Deum,
1884 6647 1958 6698 errius
1971 6647 2094 6698 mandata
2113 6647 2246 6712 postponit
2258 6653 2284 6698 θῖ
2303 6647 2385 6712 diligit
2398 6659 2441 6698 ua·

1486 6735 1610 6787 turatiter.
1628 6733 1681 6788 Ctr.
1698 6735 1823 6798 August,
1844 6737 1872 6786 lt.
1889 6735 1924 6786 de
1948 6737 2033 6786 Serm.
2052 6737 2155 6788 Domini
2175 6737 2199 6788 in
2225 6741 2328 6796 monte,
2355 6749 2377 6786 o.
2399 6735 2440 6786 lt.

1486 6837 1511 6876 n.
1530 6823 1572 6876 ii.
1590 6839 1645 6890 seq.
1666 6829 1693 6876 et
1710 6825 1739 6876 u.
1757 6823 1807 6890 Qq.
1822 6823 1986 6888 Euangeliou
1998 6839 2024 6890 q.
2045 6825 2084 6874 36.
