5900 8266
1311 589 1591 662 PROLEGOMENA
1613 591 1647 658 C.
1670 593 1706 658 ll.

589 773 660 826 Alter
673 787 728 840 quo
740 775 781 826 usi
795 787 886 826 stemus
900 773 958 826 cod.
972 773 993 826 h
1005 779 1045 826 est
1052 786 1163 838 prorsus
1172 785 1329 838 anonymus,
1342 785 1390 826 nec
1399 773 1426 824 P.
1437 771 1475 824 Fi·

518 879 584 934 detis
609 883 729 934 aFanna
755 893 873 946 uuquam
905 879 1024 934 invenire
1049 881 1136 946 potuit
1157 879 1366 946 manuscriptum
1398 878 1476 933 libelli

517 987 603 1052 aliud,
617 987 689 1054 quod
708 999 805 1040 nomen
817 985 1017 1040 Bonaventurae
1037 985 1143 1050 habeat,
1162 985 1222 1040 licet
1239 985 1317 1040 huius
1344 999 1476 1040 commen·

517 1093 576 1144 tarii
595 1093 747 1158 apographa
766 1093 795 1146 in
812 1097 852 1146 tot
869 1091 1036 1146 bibliothecis
1053 1097 1152 1146 attente
1169 1093 1320 1160 quaesierit.

588 1199 655 1252 Illuc
673 1203 755 1264 patet,
775 1211 824 1264 pro
844 1199 989 1252 Pecehamo
1004 1203 1113 1252 auctore
1130 1199 1197 1252 illius
1217 1201 1411 1264 commentarii,
1428 1201 1476 1266 qui

516 1303 621 1370 incipit:
641 1303 756 1372 Tempus
764 1303 924 1372 plunpcndi
941 1303 1039 1370 duplex
1056 1305 1180 1359 exsistere
1198 1305 1377 1360 testimonium
1396 1309 1476 1360 exter·

516 1423 582 1466 num
611 1415 636 1462 et
665 1409 816 1478 antiquum,
846 1423 894 1476 pro
922 1411 1105 1464 bonaventura
1133 1423 1197 1464 vero
1217 1411 1317 1464 nullum
1347 1411 1409 1464 satis
1435 1423 1476 1462 cx·

516 1531 646 1582 pressum.
694 1589 696 1594 Α

588 1623 605 1690 8
623 1623 648 1676 3.
668 1619 854 1676 Discutiuniur
870 1619 980 1678 44444444
996 1621 1111 1676 interna.

589 1729 616 1780 Si
633 1727 844 1794 praescindimus
863 1743 876 1782 a
896 1729 1060 1794 gravissimis
1088 1729 1173 1798 sitite,
1190 1741 1259 1796 quae
1278 1735 1376 1782 textum
1395 1725 1475 1794 libelli

516 1837 655 1904 bustisque
674 1835 769 1890 misere
789 1835 942 1900 foedabant,
962 1835 1068 1888 laudem
1095 1837 1178 1900 illam,
1196 1849 1292 1902 quam,
1310 1835 1476 1900 approbante

517 1943 545 1994 P.
564 1939 676 2008 Bonelli,
695 1941 809 2018 editores
827 1941 920 1996 Veneti
938 1941 1000 1994 huic
1018 1941 1147 2006 opusculo
1168 1939 1287 1994 tribuunt
1305 1941 1376 2008 (vide
1389 1939 1407 2006 4
1419 1939 1474 2008 2.),

516 2043 621 2114 penitus
638 2061 739 2114 negare
756 2049 889 2102 nolumus.
909 2049 1007 2100 Verum
1028 2051 1066 2100 est
1090 2047 1185 2110 etiam,
1202 2047 1277 2114 quod
1298 2047 1325 2098 in
1344 2047 1475 2100 nonnullis

516 2155 580 2206 locis
597 2155 765 2208 inveniuntur
785 2145 939 2220 sententiae,
958 2153 1104 2208 divisiones
1117 2159 1142 2208 44
1161 2153 1285 2220 loquendi
1304 2155 1376 2208 modi
1389 2155 1475 2206 Bona-

409 2311 413 2318 .
515 2263 643 2314 venturae
656 2261 804 2314 familiares
817 2261 870 2314 Sed
881 2263 933 2314 boe
949 2259 1072 2326 explicari
1085 2259 1161 2314 facile
1172 2259 1362 2332 potest,ctiam
1379 2259 1400 2312 si
1415 2273 1475 2326 sup·

515 2379 654 2432 portamur,
668 2367 841 2418 Pecchamum
851 2407 858 2434 ,
868 2371 957 2430 utpote
970 2365 1072 2418 lidelem
1086 2365 1245 2430 discipulum
1257 2365 1473 2434 bonaventurae,

516 2485 574 2524 esse
593 2477 728 2526 auctorem
746 2471 844 2536 operis.

586 2577 663 2632 hlirrd
683 2583 870 2644 argumentum
889 2579 1059 2632 intrinsecum
1077 2579 1106 2632 P.
1124 2579 1221 2632 Bonelli
1241 2579 1320 2632 sumit
1339 2593 1370 2632 ex
1382 2583 1474 2632 aucto-

515 2683 588 2738 ribus
609 2683 635 2736 in
652 2683 749 2736 eodem
765 2683 891 2748 allegatis.
920 2683 987 2734 Dicit
1009 2683 1094 2734 enim:
1117 2685 1248 2736 «Praeter
1265 2683 1473 2750 Hieronymum,

515 2791 692 2856 augustinum
710 2793 738 2842 44
755 2789 911 2854 Gregorium
932 2803 1010 2854 saepe
1029 2789 1056 2842 in
1073 2803 1104 2842 ea
1122 2790 1243 2843 laudatur
1266 2787 1406 2854 Rabauus,
1424 2803 1474 2842 uec

516 2899 757 2966 praetermittuntur
775 2899 925 2952 Bernartius
942 2903 967 2950 et
986 2899 1062 2964 Hugo
1080 2911 1096 2950 4
1116 2899 1140 2950 S.
1161 2899 1275 2952 Victore.
1288 2899 1356 2950 later
1374 2897 1473 2950 histori-

516 3019 562 3058 cos
587 3007 700 3058 citantur
726 3007 855 3070 losephus
881 3007 906 3058 et
933 3003 1120 3070 HegesippuS,
1148 3003 1215 3058 44444
1240 3007 1359 3058 rhetores
1384 3009 1473 3058 444444

517 3109 618 3164 Tullius
636 3121 667 3162 ac
685 3111 753 3162 inter
778 3109 964 3174 grammaticos
992 3109 1098 3176 Papias,
1123 3125 1191 3178 quae
1210 3109 1320 3178 quidem
1338 3109 1475 3164 citationes

515 3231 608 3268 omues
627 3217 786 3272 conveniunt
805 3217 868 3270 diuo
886 3217 1098 3280 bonaventurae,
1117 3217 1163 3284 qui
1182 3223 1307 3286 tanquam
1325 3217 1410 3270 scriba
1430 3217 1475 3270 do·

516 3329 573 3376 ctus
591 3323 728 3378 consueuit
747 3325 779 3376 de
799 3327 922 3378 thesauro
941 3339 990 3378 suo
1008 3337 1076 3376 nova
1095 3329 1122 3376 et
1137 3329 1228 3378 vetera
1247 3325 1366 3390 prolerre
1377 3343 1403 3376 n.

587 3427 638 3482 Sed
656 3443 688 3482 ex
705 3429 770 3482 44444
790 3429 909 3482 dicendis
928 3427 1040 3496 patebit,
1060 3429 1167 3482 easdem
1185 3427 1319 3484 citationes
1331 3429 1475 3496 qualicum-

515 3547 568 3602 que
579 3523 679 3600 aucturi
692 3535 787 3588 saeculi
802 3537 866 3590 lllll.
878 3551 933 3590 non
944 3537 1050 3590 indocto
1062 3549 1145 3604 aeque
1157 3535 1227 3588 bene
1240 3535 1380 3590 convenire
1391 3547 1473 3602 quam

516 3641 541 3694 S.
561 3643 765 3696 Bonaventurae.
785 3643 849 3696 Nam
869 3643 1058 3708 hieronymus,
1078 3643 1123 3696 vel
1140 3641 1418 3706 Pseudohieronymus
1437 3641 1473 3710 (in

515 3745 633 3812 quodam
650 3747 777 3812 opusculo
797 3747 838 3800 illa
857 3751 941 3802 aetate
957 3761 1098 3814 perperam
1118 3747 1151 3800 illi
1171 3747 1314 3816 attributo),
1333 3747 1474 3808 Rabanus,

515 3853 591 3918 Hugu
611 3865 627 3904 a
645 3855 672 3904 S.
692 3853 812 3920 ¹lictore,
830 3853 975 3918 Gilbartus,
1001 3853 1154 3906 Paschasius
1177 3853 1230 3906 iam
1253 3853 1415 3918 scripserunt
1433 3865 1473 3904 ex·

515 3957 657 4022 positiones
678 3959 843 4012 Threnorum
858 3959 921 4012 satis
933 3961 1020 4026 notas;
1033 3959 1104 4012 4444
1118 3959 1207 4012 talium
1220 3957 1389 4024 allegationes
1400 3971 1472 4012 novo

515 4063 713 4116 commentatori
731 4065 807 4120 lacile
824 4077 852 4118 se
871 4063 1046 4132 praestabant.
1066 4065 1141 4132 Qtrod
1167 4071 1255 4118 autem
1273 4079 1305 4120 ex
1327 4065 1471 4132 Hugonea

515 4171 540 4222 S.
560 4171 666 4226 Victore
685 4175 738 4224 tam
766 4173 845 4226 multa
875 4171 1073 4236 describuntur,
1097 4171 1159 4240 quin
1191 4175 1261 4238 lons,
1280 4171 1353 4226 unde
1380 4175 1471 4224 hausta

516 4283 591 4344 sunt,
610 4279 774 4346 nominetur,
794 4281 822 4332 S.
840 4275 1039 4332 Bonaventurae
1058 4279 1146 4330 minus
1164 4279 1306 4332 convenire
1325 4291 1473 4330 censemus.

586 4381 687 4436 Nullius
710 4381 788 4458 etiam
815 4383 940 4436 momenti
966 4387 1027 4436 sunt
1055 4381 1252 4438 observationes
1278 4397 1293 4436 a
1322 4383 1349 4436 P.
1375 4381 1472 4436 bonelli

516 4487 590 4556 (ibid.
608 4503 636 4542 n.
654 4489 692 4556 3.)
710 4489 816 4552 allatae,
834 4489 891 4542 scil.
909 4489 984 4556 quod
1003 4493 1093 4540 auctor
1112 4489 1231 4556 opusculi
1248 4489 1377 4554 «regulas
1394 4489 1471 4540 matri

514 4595 584 4648 bene
599 4597 705 4649 4444444
721 4603 749 4648 44
761 4597 837 4648 etiam
849 4595 995 4648 Hebraicae
1007 4597 1112 4660 linguae
1124 4609 1176 4648 non
1188 4609 1298 4660 prorsus
1311 4597 1388 4648 luerit
1399 4595 1471 4660 igna-

514 4715 559 4756 rus
572 4721 595 4754 n.
615 4703 681 4756 Nam
700 4701 759 4766 luci,
771 4701 805 4754 ad
825 4715 893 4768 quos
909 4699 1017 4768 respicit
1033 4699 1145 4764 Bonelli,
1164 4701 1289 4768 descripti
1307 4705 1368 4754 suut
1385 4715 1472 4756 exan-

513 4807 669 4878 tiquioribus
682 4807 889 4876 commentariis,
907 4823 1005 4876 nempe
1016 4821 1048 4860 ex
1061 4807 1185 4874 Gilhert0,
1196 4807 1320 4876 Rabano,
1332 4809 1471 4864 Paschasio

514 4921 538 4970 et
557 4919 667 4970 tortasse
686 4917 765 4970 etiam
782 4929 814 4970 ex
833 4915 876 4970 illo
893 4915 1165 4980 Pseudobierouymo;
1191 4917 1265 4984 quod
1289 4915 1317 4968 44
1335 4929 1392 4984 seq.
1410 4917 1428 4984 S
1446 4919 1471 4970 et

513 5023 538 5074 in
557 5023 626 5076 notis
644 5023 737 5078 nostris
757 5019 940 5090 prohabimus,
1169 5081 1171 5088 ,

584 5129 735 5182 Examinato
756 5131 806 5182 hoc
825 5127 927 5194 libello,
947 5127 1009 5182 nihil
1027 5129 1147 5182 invenire
1174 5129 1324 5194 potuimus,
1343 5129 1417 5196 quod
1436 5131 1471 5182 lu·

513 5233 614 5290 culenta
634 5235 729 5290 indicia
749 5235 842 5290 indolis
860 5239 888 5290 et
904 5233 955 5288 stili
973 5233 1193 5288 Bonaventurlani
1208 5233 1357 5300 praeberet
1376 5235 1470 5290 eudem

513 5343 606 5406 niodo,
619 5347 648 5396 ut
659 5345 817 5410 plerumque
829 5341 855 5392 iu
869 5341 924 5394 aliis
938 5341 1040 5408 scriptis
1052 5339 1131 5394 nobis
1146 5341 1248 5404 evenit;
1261 5341 1343 5394 lmmo
1357 5343 1432 5406 plura
1445 5347 1470 5394 ct

513 5449 603 5512 gravia
617 5449 643 5500 in
656 5449 816 5502 contrarium
830 5451 914 5500 tacere
923 5445 1032 5500 omnino
1044 5447 1176 5500 videntur.
1190 5445 1326 5500 liethodus
1339 5443 1469 5502 scribendi

512 5553 537 5606 in
550 5555 600 5606 hoc
622 5553 709 5606 libello
733 5551 884 5606 cummunis
904 5559 944 5606 est
962 5551 1224 5614 commentatorihus,
1238 5551 1283 5618 qui
1307 5551 1469 5618 Scripturam

512 5673 580 5716 saec.
599 5659 661 5714 Xlll.
685 5659 932 5726 interpretabantur.
951 5659 1048 5712 Eadem
1067 5659 1176 5726 quidem
1205 5663 1244 5710 est
1262 5657 1388 5712 omnibus
1411 5671 1470 5710 con·

512 5767 623 5820 suetudo
643 5773 739 5820 textum
761 5773 785 5818 et
807 5765 1006 5830 explicationem
1025 5765 1148 5818 coninua
1167 5763 1305 5818 dividendi
1329 5769 1354 5816 ct
1383 5763 1470 5818 subdi·

511 5869 633 5936 videndi;
658 5871 751 5924 sedin
772 5875 820 5924 hac
844 5871 948 5936 postilla
969 5875 1062 5924 auctor
1082 5873 1151 5924 hunc
1169 5883 1250 5922 usum
1273 5875 1384 5934 usurpat
1407 5883 1468 5922 cum

511 5951 628 6040 quodam
650 5985 702 6024 uon
719 5975 853 6028 communi
876 5989 993 6028 excessu.
1019 5951 1020 5954 Ἴ

583 6073 684 6138 Singuli
702 6079 756 6128 tere
773 6079 896 6130 versiculi
912 6079 1010 6132 iterum
1028 6079 1185 6134 dividuntur
1202 6085 1227 6132 et
1238 6079 1337 6144 passim
1356 6079 1469 6144 pieriae,

513 6185 564 6234 tere
583 6193 669 6246 usque
687 6181 722 6232 ad
740 6181 844 6244 singula
861 6181 959 6248 verba,
977 6185 1050 6250 quod
1068 6199 1121 6238 non
1140 6187 1174 6238 ita
1193 6187 1221 6238 fit
1240 6183 1269 6238 in
1286 6183 1410 6250 legitimis
1421 6185 1468 6236 Bo·

509 6289 669 6340 narenturae
697 6283 904 6340 Commentariis.
922 6289 991 6342 Dum
1011 6289 1037 6340 in
1055 6291 1239 6344 bonaventura
1259 6289 1357 6358 ubique
1376 6289 1470 6354 depre-

511 6395 633 6448 henditur
652 6387 778 6444 mirabilis
795 6391 925 6456 synthesis
947 6407 1000 6460 qua
1028 6401 1116 6460 partes
1144 6397 1245 6448 diuisae
1272 6397 1308 6448 ad
1335 6395 1468 6462 quandam

510 6499 639 6554 unitatem
665 6499 837 6566 rediguntur,
854 6499 883 6550 in
902 6499 1038 6564 proposito
1056 6511 1139 6564 opere
1156 6507 1245 6566 partes
1263 6501 1350 6568 potius
1369 6501 1470 6556 coordi-

510 6611 613 6662 nantur.
632 6609 690 6674 lpsa
710 6605 846 6674 explicatio
863 6607 987 6672 litteralis,
1007 6619 1077 6672 quae
1094 6613 1154 6670 post
1171 6607 1318 6662 divisiones
1335 6607 1470 6676 sequitur,

511 6715 597 6778 magis
614 6715 687 6768 nuda
706 6719 744 6768 est
763 6721 789 6766 et
806 6713 1025 6778 grammaticalis,
1042 6711 1079 6764 ita
1097 6717 1127 6766 ut
1144 6713 1309 6766 desideretur
1332 6713 1469 6780 seraphina

510 6815 552 6870 illa
572 6819 708 6874 doctrinae
725 6817 885 6886 amplitudo,
899 6817 1005 6874 devotio
1024 6797 1049 6870 et
1067 6831 1159 6870 sensus
1177 6817 1292 6870 litteralis
1311 6817 1346 6872 ad
1363 6831 1469 6870 murum

2435 591 2499 660 illll

1539 771 1706 838 disciplinam
1724 769 1875 838 applicatio,
1896 781 1948 838 qua
1967 769 2076 834 legitimi
2094 769 2293 824 Bonaventurae
2312 769 2499 826 commentarii

1539 877 1671 930 excellent.
1689 877 1737 930 Hic
1750 887 1815 930 vero
1828 883 1919 930 auctor
1937 877 2045 928 moralia
2064 877 2129 930 solet
2141 889 2279 928 reservare
2289 877 2409 944 sequenti
2421 889 2499 942 expo·

1539 985 1624 1040 sitioui
1638 985 1779 1054 mysticae,
1796 997 1878 1054 quam
1898 985 1995 1052 passim
2016 981 2177 1048 transcripsit
2196 997 2226 1036 ex
2244 981 2300 1036 aliis
2319 981 2478 1036 auctoribus

1610 1087 1677 1144 Cum
1696 1091 1778 1156 igitur
1795 1091 1899 1144 44444444
1917 1091 2061 1144 extrinseca
2075 1089 2152 1142 valde
2163 1091 2269 1142 faveant
2285 1087 2375 1142 loanni
2389 1089 2497 1142 Psecha-

1539 1209 1598 1264 mo,
1615 1211 1665 1250 nec
1682 1197 1824 1250 intrinseca
1851 1195 1965 1250 dubium
1988 1199 2093 1260 tollant,
2110 1195 2158 1248 sed
2176 1195 2265 1260 potius
2282 1199 2409 1260 augeant,
2427 1193 2498 1248 libel·

1538 1301 1594 1352 lum
1611 1301 1683 1354 illum
1703 1303 1793 1356 saltem
1811 1303 1848 1354 ad
1864 1303 1965 1354 incerta
1988 1301 2161 1356 reiiciendum
2180 1315 2238 1354 esse
2258 1307 2283 1354 et
2305 1303 2332 1354 44
2349 1301 2497 1366 appendice

1539 1399 1690 1470 ponendum
1712 1407 1869 1472 putavimus.
1883 1407 1953 1460 Sane
1965 1409 2071 1474 quando
2085 1413 2163 1462 testes
2174 1407 2264 1462 idonei
2276 1409 2310 1462 de
2323 1407 2410 1474 aliquo
2429 1405 2496 1458 illius

1539 1509 1629 1564 aetatis
1649 1511 1839 1566 commentario
1852 1511 1961 1580 desunt,
1979 1513 2138 1582 plerumque
2150 1513 2227 1566 valde
2245 1511 2350 1566 difficile
2361 1513 2424 1576 erit,
2444 1525 2496 1564 cer·

1538 1621 1595 1668 tum
1607 1617 1641 1670 de
1655 1620 1761 1671 4444444
1775 1617 1902 1670 iudicium
1920 1621 2001 1684 terre,
2021 1617 2084 1684 quia
2102 1633 2195 1672 omues
2213 1619 2238 1672 in
2259 1617 2384 1672 methodo
2396 1617 2496 1672 multis-

1538 1737 1592 1790 que
1608 1723 1665 1776 aliis
1682 1721 1763 1774 rebus
1781 1723 1955 1788 conueniunt,
1974 1729 1999 1776 44
2011 1723 2074 1790 quia
2094 1725 2176 1792 (quod
2195 1725 2273 1792 peius
2285 1731 2325 1778 est
2342 1729 2367 1778 el
2387 1739 2403 1778 a
2418 1723 2496 1780 nobis

1538 1831 1563 1882 iu
1576 1827 1775 1894 prolegomenis
1793 1827 1827 1882 ad
1846 1833 1911 1882 tom.
1927 1829 1971 1882 Vl.
1988 1843 2013 1882 c.
2033 1831 2056 1882 4.
2077 1831 2220 1896 praecipue
2238 1845 2301 1896 pag.
2321 1831 2381 1882 XlV
2400 1831 2448 1884 col.
2469 1831 2493 1882 4.

1538 1931 1732 2004 monstratum),
1750 1935 1822 1988 idern
1843 1947 1922 2000 saepe
1940 1937 2145 1988 commentarius
2160 1947 2254 2000 parum
2274 1941 2403 2004 mutatus,
2420 1935 2496 1990 inter·

1538 2043 1629 2108 positis
1649 2015 1769 2108 partibus
1787 2041 1914 2096 adauctus
1926 2043 1970 2092 vel
1982 2039 2092 2094 breuius
2110 2047 2274 2106 contractus,
2286 2041 2398 2096 diversis
2410 2047 2496 2098 44444-

1537 2149 1611 2204 ribus
1628 2147 1789 2204 inscribitur.

1608 2257 1623 2322 4
1643 2255 1668 2308 4.
1686 2253 1863 2308 Recansaniur
1880 2265 1973 2324 opero,
1991 2251 2087 2322 quibus
2104 2251 2196 2306 auctu
2210 2249 2289 2307 huius
2300 2251 2421 2322 postillae
2432 2269 2496 2322 pas-

1538 2359 1587 2414 sim
1605 2359 1703 2416 444444.

1610 2467 1632 2520 t.
1655 2467 1727 2522 Sicut
1743 2479 1836 2520 omnes
1863 2467 1943 2522 medii
1973 2467 2034 2518 aevi
2051 2471 2185 2528 auctores,
2207 2467 2239 2518 ita
2258 2467 2338 2518 etiam
2356 2467 2400 2520 hic
2417 2467 2495 2532 pluri·

1538 2587 1613 2626 mum
1629 2587 1694 2628 usus
1712 2579 1752 2628 est
1770 2579 1881 2640 utraque
1901 2573 2006 2636 illoesa,
2027 2577 2080 2626 tam
2101 2569 2273 2626 inleriineuri
2288 2585 2368 2640 quam
2388 2569 2494 2626 ordinu-

1536 2677 1590 2734 riu.
1610 2681 1663 2734 Sed
1679 2679 1876 2734 observandum
1896 2683 1947 2746 est,
1976 2679 2151 2734 Walalridum
2170 2677 2343 2742 Strabonem,
2360 2683 2494 2732 auctorem

1537 2785 1642 2838 Glossae
1655 2785 1812 2842 ordinariae
1823 2787 1852 2840 in
1863 2783 1983 2854 Bibliam,
1995 2799 2049 2840 non
2061 2785 2199 2852 scripsisse
2213 2785 2331 2838 Glossam
2344 2785 2370 2836 in
2382 2785 2496 2838 Lumen

1538 2891 1661 2948 tationes.
1679 2892 1767 2946 Glossa
1782 2893 1807 2944 in
1820 2893 1940 2946 Γ44444444
1959 2893 2032 2960 apud
2049 2893 2181 2956 lyranum
2201 2895 2255 2946 sere
2275 2897 2327 2944 tota
2351 2897 2436 2944 sumta
2457 2897 2495 2944 est

1537 3013 1567 3052 ex
1586 2999 1727 3052 Paschasio
1744 2999 1892 3062 liudberto,
1913 2997 1957 3064 qui
1977 2997 2081 3064 scripsit
2096 2995 2298 3066 dispositionem
2315 2997 2344 3050 in
2361 2999 2494 3050 Lamenta·

1538 3107 1621 3160 tiones
1634 3107 1758 3160 ieremias
1772 3105 1882 3172 (iligna,
1895 3105 1989 3158 Patrol.
2011 3105 2066 3158 Lat.
2089 3109 2152 3158 tom.
2174 3103 2235 3158 420.
2252 3105 2302 3158 col.
2326 3103 2390 3156 4064
2409 3103 2493 3172 seqq.)

1537 3215 1563 3262 et
1581 3211 1635 3262 4444
1654 3216 1725 3264 totus
1742 3211 1810 3262 circa
1828 3223 1936 3264 sensum
1954 3211 2097 3274 mysticum
2114 3215 2268 3274 occupatur.
2288 3210 2394 3262 Glossae
2413 3207 2494 3262 inter-

1538 3315 1654 3370 lineares
1673 3319 1753 3382 vulgo
1772 3315 1924 3370 tribuuntur
1941 3317 2064 3370 Anselmo
2084 3317 2258 3370 Laudanensi.

1608 3425 1635 3476 ln
1655 3425 1703 3476 hac
1724 3427 1809 3476 nostra
1827 3423 1930 3488 postilla
1948 3425 2055 3478 Glossae
2073 3423 2244 3488 transcriptae
2265 3425 2424 3490 plerumque
2440 3437 2493 3476 non

1538 3541 1660 3594 expresse
1688 3529 1813 3598 citantur,
1841 3529 1915 3596 quod
1941 3543 2037 3596 parum
2065 3529 2187 3584 convenit
2210 3529 2395 3584 consuetudini
2414 3529 2494 3580 Bona·

1536 3639 1672 3689 venturae.
2014 3633 2015 3638 ’

1610 3745 1632 3796 2.
1653 3741 1752 3796 Pluries
1769 3743 1895 3808 allegatur
1915 3743 2071 3808 opusculum
2085 3745 2111 3796 S.
2123 3743 2286 3808 Hieronymo
2304 3757 2443 3808 perperam
2456 3745 2494 3796 at·

1535 3847 1679 3914 tributum,
1691 3849 1764 3916 quod
1777 3847 1887 3902 habetur
1901 3849 1928 3902 44
1940 3851 1985 3904 cd.
1997 3849 2130 3918 Vallarsii,
2143 3851 2265 3904 Veronae
2279 3847 2358 3904 4742.
2372 3853 2435 3902 tom.
2449 3851 2494 3904 Xl.

1536 3955 1584 4008 eol.
1604 3955 1734 4020 727-732,
1752 3949 1778 4008 44
1798 3967 1852 4024 quo
1878 3959 1981 4008 tantum
2007 3957 2125 4022 primum
2150 3933 2299 4022 capitulum
2327 3955 2493 4008 Threnorum

1535 4063 1650 4116 breviter
1670 4063 1816 4126 exponitur.
1833 4063 1934 4116 Eodem
1952 4069 2077 4130 tanquam
2097 4063 2214 4128 legitimo
2233 4063 2385 4128 hieronymi
2405 4061 2494 4128 labore

1535 4167 1587 4220 iam
1607 4165 1647 4220 usi
1666 4171 1727 4220 sunt
1753 4167 1908 4220 Paschasius
1927 4171 1951 4218 ct
1969 4165 2109 4232 habmus,
2126 4167 2173 4234 qui
2190 4167 2258 4220 inter
2277 4167 2325 4220 alia
2345 4167 2494 4234 interpreta-

1534 4273 1632 4326 tionem
1650 4273 1791 4336 mysticam
1809 4271 1941 4338 alphabeti
1958 4269 2080 4324 Hebraici
2101 4271 2163 4324 iude
2180 4273 2307 4326 sumsisse
2324 4273 2458 4326 videntur.

1603 4381 1631 4432 ·3.
1649 4381 1809 4446 Frequenter
1835 4381 1931 4432 citatur
1946 4379 2049 4432 Rabani
2066 4381 2148 4432 llauri
2168 4377 2308 4450 Expositis
2326 4393 2409 4450 super
2428 4381 2494 4434 4444·

1534 4483 1633 4552 rniunt,
1652 4485 1680 4538 in
1697 4499 1752 4552 qua
1769 4485 1835 4538 libro
1850 4487 1914 4540 Xlll.
1928 4487 2017 4552 incipit
2030 4485 2157 4552 expositio
2173 4487 2352 4550 Threnorum,
2366 4487 2408 4538 cui
2421 4501 2494 4554 prae

1534 4591 1626 4656 ligitur
1643 4591 1774 4656 quaedam
1795 4591 1966 4654 introductio,
1987 4605 2055 4658 quae
2072 4593 2166 4644 4444444
2184 4591 2217 4642 de
2236 4591 2445 4656 interpretatione
2457 4591 2494 4646 lit·

1533 4695 1608 4750 terali
1627 4701 1652 4750 44
1671 4697 1781 4762 mystica
1802 4695 1932 4762 alphabeti
1946 4695 2081 4762 Hebraici,
2095 4711 2178 4764 quam
2189 4703 2279 4750 noster
2293 4703 2382 4750 auctor
2394 4697 2493 4762 passim

1533 4801 1691 4858 transcribit.
1709 4801 1826 4856 Habetur
1844 4803 1918 4870 apud
1937 4803 2022 4868 iligna
2042 4803 2068 4856 in
2087 4803 2181 4858 Patrol.
2198 4805 2255 4856 Lat.
2273 4809 2338 4858 tom.
2360 4803 2419 4858 444.
2455 4795 2456 4798 ’

1608 4911 1633 4964 4.
1650 4915 1731 4974 item,
1750 4913 1830 4964 multa
1850 4911 1980 4978 descripta
1995 4915 2055 4964 sunt
2067 4921 2099 4962 ex
2112 4911 2241 4976 opusculo
2252 4911 2399 4978 Hugoulsa
2413 4913 2438 4964 S.
2450 4911 2495 4964 Vi·

1534 5021 1607 5068 44444
1620 5015 1867 5072 inconcinnaque
1878 5015 2070 5072 elucidatoriuc
2081 5013 2112 5070 in
2127 5015 2247 5070 44444444
2266 5015 2376 5084 (iligna,
2395 5017 2491 5070 Patrol.

1533 5125 1590 5176 Lat.
1611 5127 1675 5176 mm.
1695 5123 1757 5176 475.
1775 5123 1826 5176 444.
1854 5121 1905 5176 246
1926 5121 2018 5192 seqq).
2038 5121 2123 5176 Etiam
2147 5123 2190 5174 hic
2217 5119 2319 5176 libellus
2337 5125 2377 5176 est
2394 5121 2493 5176 incom-

1533 5231 1634 5296 pletus,
1646 5227 1708 5296 quia
1727 5243 1779 5282 non
1798 5227 1902 5294 exponit
1914 5227 1965 5282 nisi
1977 5227 2079 5282 initium
2099 5241 2157 5294 cap.
2179 5229 2202 5280 l.
2222 5233 2248 5282 et
2264 5233 2349 5282 totum
2367 5241 2389 5280 4.
2403 5231 2428 5282 2.
2446 5229 2495 5282 Ha·

1532 5351 1593 5392 rum
1613 5337 1729 5404 partium
1748 5335 1888 5390 sententias
1900 5335 2070 5404 principales,
2082 5335 2238 5400 pracsertim
2251 5335 2429 5402 expositiones
2440 5349 2496 5404 my·

1533 5445 1626 5508 sticas,
1644 5447 1737 5498 auctor
1755 5443 1832 5494 etiam
1852 5443 1878 5494 in
1895 5443 1959 5496 locis
1979 5457 1995 5494 a
2012 5443 2089 5496 nohis
2108 5455 2162 5496 nou
2186 5443 2305 5496 indicatis
2322 5443 2450 5508 excerpsit
2469 5447 2495 5496 et

1532 5549 1632 5614 passim
1651 5549 1827 5616 transmipsit,
1849 5547 1947 5602 additis
1970 5561 2052 5612 saepe
2074 5547 2131 5602 aliis
2155 5547 2424 5614 interpretationibus.
2447 5549 2495 5600 Ta·

1532 5671 1595 5710 men
1614 5659 1664 5710 hoc
1683 5656 1839 5722 opusculum
1859 5669 1911 5708 nou
1931 5655 1992 5710 citat
2009 5667 2133 5720 expresso
2151 5653 2258 5708 nomine
2275 5655 2325 5708 nisi
2344 5659 2438 5722 quater
2449 5659 2496 5706 aut

1532 5761 1683 5830 quinquies.
2472 5797 2478 5842 y

1604 5867 1630 5918 5.
1658 5865 1790 5920 Gilbertus
1817 5869 1989 5934 Porrctanns,
2015 5869 2098 5932 episc.
2126 5863 2311 5928 Pictariensis,
2337 5869 2416 5916 notus
2441 5877 2494 5916 sae·

1532 5973 1584 6026 culi
1601 5973 1656 6028 Xll.
1674 5975 1827 6040 theologus,
1845 5979 1950 6040 praeter
1967 5975 2017 6026 alia
2037 5973 2120 6026 444444
2138 5973 2244 6038 scripsit
2260 5977 2316 6024 tum
2329 5971 2455 6036 prologos
2466 5971 2494 6024 in

1532 6079 1651 6144 singulos
1671 6079 1823 6144 Scripturas
1839 6079 1922 6134 libros
1942 6077 2000 6146 (cir.
2018 6079 2105 6132 Sixtus
2126 6079 2248 6142 senens,
2266 6077 2427 6131 Bibliotheca
2439 6091 2495 6130 san·

1532 6187 1587 6248 cta,
1604 6181 1650 6236 lib.
1669 6185 1709 6237 lll.
1725 6197 1788 6250 pag.
1809 6183 1869 6238 474.
1886 6183 1929 6236 ed.
1949 6183 2056 6250 Neapul.
2078 6181 2156 6250 4742)
2177 6187 2233 6236 tum
2253 6181 2363 6236 ineditas
2382 6179 2494 6238 Glossae

1532 6301 1614 6356 snper
1632 6291 1788 6354 Prophetam
1809 6289 1959 6356 ieremiam‚
1979 6295 2009 6342 ut
2025 6287 2122 6342 dicitur
2139 6289 2166 6340 iu
2185 6285 2301 6342 Histoire
2320 6285 2450 6346 4444444444
2461 6287 2494 6342 de

1533 6397 1562 6450 ln
1580 6395 1687 6450 Frnrtoc
1705 6409 1755 6460 par
1772 6393 1821 6448 des
1837 6393 1973 6460 Religieux
1993 6391 2157 6448 benedictina
2186 6397 2250 6448 tom.
2276 6395 2331 6448 Xll.
2349 6409 2413 6460 pag.
2433 6391 2493 6462 474,

1532 6505 1559 6554 44
1577 6499 1650 6564 apud
1667 6499 1770 6564 hligne,
1788 6499 1883 6552 Patrol.
1900 6499 2036 6574 Lat-tom.
2059 6499 2120 6550 t88.
2138 6499 2187 6552 ool.
2207 6499 2285 6552 4254.
2310 6498 2412 6552 illorum
2432 6511 2496 6562 pro-

1532 6608 1655 6672 logorum
1675 6619 1760 6670 uuus,
1777 6605 1832 6658 scil.
1850 6607 1877 6658 in
1894 6605 2090 6674 Apocalypsim
2109 6607 2205 6672 legitur
2222 6605 2250 6658 in
2267 6607 2295 6658 P.
2314 6603 2409 6660 bonelli
2429 6607 2494 6670 Sup-

1532 6715 1666 6778 plementu
1680 6717 1743 6766 tom.
1757 6713 1784 6766 ll.
1796 6715 1845 6766 col.
1865 6715 1920 6766 2-6.
1940 6703 1974 6766 lin
1988 6715 2037 6766 hac
2050 6715 2141 6768 Glossa
2153 6715 2181 6768 in
2195 6715 2316 6768 Thronos
2331 6719 2418 6768 sumta
2434 6717 2494 6766 sunt

1533 6829 1565 6868 ea
1592 6829 1662 6882 quae
1691 6819 1716 6872 in
1745 6819 1796 6870 tine
1824 6819 1928 6886 Prologi
1955 6823 2126 6886 proteruntur
2151 6823 2187 6876 de
2210 6817 2440 6892 indignationibus
2466 6825 2493 6874 et

2312 6971 2332 7012 44
