5908 8266
1020 541 1212 608 ceolmaer.
1238 545 1273 608 lN
1301 545 1536 614 attraherem
1560 545 1677 612 bocar]
1700 545 1733 612 C.
1757 545 1777 610 l.
1903 573 1905 576 ·
2340 549 2377 614 ltl

415 729 539 790 eetaro:
570 719 808 788 «sanctificabis
830 721 931 784 Aaron
954 725 986 784 et
1009 719 1088 782 filios
1104 719 1189 796 3333,
1204 725 1242 782 333
1264 737 1368 784 sacor-

416 829 501 896 dotio
521 827 691 914 iungantur
707 823 782 890 mihi
797 851 828 902 »,
844 829 876 890 37
896 849 911 880 «
930 823 1107 890 ministrent
1123 823 1153 888 in
1171 821 1368 902 sanctuario,

417 951 458 1000 ne
478 931 648 1018 iniqnitatis
671 929 716 998 rei
739 929 915 992 moriantur
932 953 971 1006 a;,
989 927 1107 1012 primae
1142 927 1223 994 Petri
1249 929 1368 1010 primo:

423 1037 630 1106 «Secundum
662 1051 735 1100 eum
767 1033 821 1114 qui
856 1031 978 1098 vocarit
1009 1049 1065 1096 ros
1093 1037 1256 1110 sanctum,
1277 1037 1316 1096 ut
1337 1037 1371 1096 33

419 1143 476 1226 ipsi
500 1143 531 1208 in
554 1139 636 1206 omni
658 1137 893 1204 conrersationa
915 1137 1014 1202 sancti
1029 1135 1111 1214 sitis,
1129 1137 1274 1220 quoniam
1292 1137 1371 1202 scri-

419 1255 509 1332 pturn
531 1251 593 1310 est:
617 1243 717 1310 Sancti
743 1241 846 1318 eritis,
872 1241 1020 1324 qnoniam
1037 1259 1094 1324 ego
1111 1247 1239 1306 sanctus
1255 1257 1324 1306 sum
1337 1267 1368 1304 3.

512 1349 582 1416 333.
607 1349 735 1432 Propter
759 1343 921 1412 7337777333
946 1345 1048 1430 quoad
1073 1345 1256 1428 proximum
1276 1345 1369 1412 dicit:

340 1475 403 1516 usa
422 1453 624 1528 detruditis:
647 1451 686 1516 ad
708 1453 860 1524 3333333333
884 1455 973 1514 sexto
988 1451 1017 1512 1:
1039 1475 1056 1504 «
1072 1447 1157 1514 Sicut
1181 1449 1372 1514 exhibuistis

420 1557 561 1622 33333333
584 1563 687 1622 restra
709 1553 828 1622 sarrire
850 1553 1008 1638 iniquitati
1031 1553 1071 1620 ad
1093 1553 1306 1638 iniquitatem,
1328 1553 1373 1618 ita

421 1679 505 1726 nunc
524 1661 684 1728 exbibete
718 1661 859 1728 membra
891 1667 996 1724 restra
1029 1659 1149 1724 serrire
1180 1659 1317 1724 iustitiae
1337 1659 1373 1722 in

421 1765 695 1832 sanctificationem
705 1791 735 1844 ”3
754 1769 789 1828 ui
806 1763 849 1830 sic
872 1763 998 1846 possitis
1020 1763 1125 1826 dicere
1147 1761 1224 1828 illud
1241 1763 1371 1826 Psalmi:

427 1897 443 1928 «
461 1869 520 1952 Ego
540 1875 645 1934 autem
667 1867 840 1954 iniustitia
863 1865 1020 1950 apparebo
1043 1865 1221 1950 conspectui
1248 1873 1302 1932 tuo
1318 1891 1347 1928 3.

514 1973 584 2038 333.
608 1973 736 2056 Propter
760 1967 1005 2054 simplicitatem
1026 1967 1117 2034 dicit:
1144 1967 1266 2034 Corum
1288 1969 1372 2054 ipae,

272 2099 405 2158 3333333.
422 2075 537 2144 scilicet
568 2077 647 2154 Deo;
678 2075 763 2160 quod
797 2075 833 2138 tit
863 2089 918 2156 per
951 2071 1124 2156 simplicem
1151 2071 1374 2148 intentionem,

423 2181 504 2246 sicut
526 2179 684 2258 Ezechias,
709 2177 813 2264 quarti
838 2177 954 2260 Regum
977 2177 1170 2258 vigesim02:
1194 2201 1209 2234 «
1224 2175 1374 2252 ebsecro,

422 2283 562 2360 Domine,
586 2291 756 2360 memento,
780 2279 936 2364 quomodo
963 2279 1191 2346 ambulaverim
1213 2299 1320 2346 coram
1343 2289 1374 2348 33

423 2387 455 2450 33
479 2387 606 2450 ueritate
632 2393 660 2450 et
684 2385 777 2452 corde
800 2385 955 2468 perfecie,
978 2391 1011 2450 et
1044 2385 1130 2468 qued
1151 2385 1304 2468 placitum
1328 2391 1376 2450 est

423 2507 527 2554 coram
551 2497 582 2554 tc
602 2489 728 2554 fecerim
744 2515 776 2552 a.
793 2487 842 2552 Sic
863 2507 970 2570 «puer
989 2489 1113 2552 Samuel
1129 2489 1326 2552 ministrabat
1342 2489 1376 2552 in

423 2601 591 2678 conspectu
617 2595 746 2662 ,Domini
770 2599 841 2658 ante
864 2593 974 2660 taciem
1004 2593 1068 2656 Heli
1084 2619 1114 2672 a,
1140 2591 1232 2676 primi
1257 2595 1376 2678 Regum

424 2699 517 2768 tertio
545 2705 578 2762 et
606 2699 700 2782 primi
722 2699 976 2780 Paralipomenon
1010 2699 1138 2762 ultimo:
1163 2723 1180 2756 «
1198 2699 1282 2776 Scio,
1316 2699 1376 2762 Do-

426 2805 522 2882 mine,
544 2803 628 2888 quod
651 2805 765 2886 prebes
788 2801 882 2868 corda
904 2809 936 2868 et
966 2803 1196 2888 simplicitatem
1218 2803 1329 2886 diligas
1343 2831 1375 2868 a.

518 2909 587 2972 reb.
611 2909 740 3024 Propter
761 2927 823 2990 prr
824 2915 973 2972 scoerua
974 2927 1043 2972 toro
1068 2907 1191 2972 subdit:
1217 2907 1314 2972 03333
1311 2909 1378 2972 3333

277 3035 437 3084 perseverant
425 3011 537 3080 ridebam
560 3021 651 3078 33373·
653 3011 697 3090 73,
721 3013 802 3078 sicut
825 3013 916 3094 ipost
877 3011 1006 3092 3333333
1030 3013 1161 3078 ictuum
1187 3011 1378 3096 vigesimo³z

324 3095 361 3132 ²⁹⁸·
431 3117 643 3196 «3733333333,
665 3117 800 3200 qualiter
826 3135 882 3200 per
915 3135 1008 3182 omne
1039 3125 1164 3200 tempus
1187 3117 1300 3182 luerim
1325 3137 1379 3184 ro

426 3225 562 3302 hiscum,
587 3221 725 3288 sarriens
760 3221 891 3288 Domino
920 3223 1105 3288 cumomni
1142 3221 1319 3288 humilitate
1347 3229 1380 3290 et

426 3329 570 3412 lacrymis
583 3335 612 3394 et
629 3327 850 3398 tentationibus
862 3351 894 3404 »3
911 3333 942 3392 et
959 3327 1046 3394 losue
1062 3327 1211 3410 vigesimo
1226 3329 1379 3394 secundo:

432 3431 660 3498 «adhaereatis
683 3431 746 3498 Deo
778 3435 809 3494 et
843 3431 986 3496 serviatis
1010 3431 1037 3496 ei
1070 3431 1099 3506 in
1124 3431 1207 3496 omni
1231 3431 1326 3510 corde
1349 3437 1382 3496 33

427 3537 460 3602 33
481 3535 566 3600 33333
590 3535 692 3600 aniate
673 3541 866 3602 33333333.

519 3641 588 3706 336.
613 3641 714 3724 (Vere.
739 3641 883 3722 7.6).7
845 3641 915 3704 Ε77
905 3647 954 3716 tu,
975 3659 1131 3722 poema
1093 3639 1230 3724 prophet
1232 3659 1256 3704 3
1220 3641 1381 3706 7773-737

290 3769 311 3812 u
329 3769 402 3820 quara
425 3745 505 3812 3737
526 3743 693 3810 3333333373
716 3751 774 3810 etc.
798 3745 948 3808 Haect
901 3749 948 3808 est
970 3751 1064 3826 quart
1067 3763 1084 3808 a
1104 3761 1179 3826 pars
1202 3743 1325 3824 cantici,
1348 3743 1381 3808 in

280 3821 413 3926 iiiiii
426 3869 489 3936 qua
513 3839 619 3914 recolit
643 3849 829 3916 beneficium
852 3855 977 3914 nostrae
1001 3849 1241 3932 redemptionis,
1271 3865 1383 3914 secun-

426 3957 501 4022 dum
526 3953 855 4040 33373333337333
879 3973 938 4018 c
941 3965 1003 4020 33
1012 3971 1254 4040 proscribere:
1274 3955 1383 4020 etthoc

424 4061 562 4148 propiet
550 4061 610 4128 7737
598 4081 673 4146 pr
675 4079 807 4126 cereta
818 4061 937 4144 ,qnod
971 4061 1166 4126 commendat
1154 4059 1383 4144 ttripllciter,

428 4167 543 4234 scilicet
567 4167 605 4232 ab
630 4161 829 4232 auctoritate
857 4163 1070 4250 prophetice,
1094 4163 1135 4230 ab
1157 4163 1297 4230 3377777373
1326 4165 1383 4230 do-

428 4271 555 4336 3737333
578 4277 607 4336 33
631 4289 649 4336 a
668 4271 887 4354 proximitate
909 4269 1041 4334 3773733333
1063 4267 1279 4354 praesentior.

518 4375 717 4442 Commendta
705 4373 843 4460 tigitnr
875 4373 996 4440 loannis
1024 4373 1226 4458 praeconium
1258 4379 1384 4440 nostrae

284 4497 417 4542 333333
431 4481 636 4566 reparationis
658 4479 870 4548 3333333333
896 4477 934 4544 333
957 4485 1087 4544 auctora
1083 4477 1153 4544 'tute
1138 4475 1384 4562 erpopltetiue,

282 4555 418 4646 iiiiii
431 4591 615 4652 convertens
639 4601 815 4652 sermonem
832 4583 870 4648 ad
886 4589 1098 4668 pueromt
1057 4585 1131 4646 Ε33
1120 4589 1167 4658 33
1188 4601 1290 4666 puer,
1305 4601 1386 4696 pro-

274 4655 901 4774 610333ῗι’3’37ἶ”’3733777733333377373333;73333333·
923 4691 1122 4754 3333333333
1147 4685 1251 4768 purita
1254 4691 1300 4764 t;e
1320 4685 1385 4770 pri

432 4811 501 4858 mae
525 4793 562 4860 ad
587 4793 762 4860 Corinthios
784 4793 906 4860 decimo
920 4799 1016 4878 quart
1005 4793 1078 4858 tot·
1099 4817 1115 4850 3
1132 4791 1245 4856 llalitia
1262 4791 1386 4876 paruuli

432 4901 546 4976 estote,
571 4899 714 4964 sensibus
735 4901 843 4964 autem
873 4897 1003 4982 perlecti
1033 4903 1131 4964 estote
1147 4923 1176 4960 >›.
1215 4896 1388 4964 7333733373

428 5003 607 5090 propbeta:
631 5003 775 5070 blattbaei
809 5003 991 5068 undecimo:
1022 5003 1152 5068 «Etiam
1174 5003 1244 5068 dico
1278 5003 1386 5082 33333,

432 5115 465 5174 33
486 5111 557 5192 plus
593 5127 687 5192 quam
710 5109 894 5193 prophetam
911 5133 942 5186 »;
967 5113 998 5174 33
1018 5105 1179 5192 propicio
1204 5107 1461 5186 3777337337(

433 5213 466 5276 id
480 5221 528 5278 333
542 5213 672 5292 Christi,
697 5213 817 5278 ratione
843 5213 1054 5288 Dioinitctia·
1081 5211 1236 5280 Psalmus:
1259 5239 1275 5270 3
1290 5213 1389 5280 Homo

433 5325 528 5384 natus
548 5327 596 5384 est
610 5319 643 5384 in
659 5337 713 5398 ea,
735 5327 768 5384 et
783 5317 849 5402 ipse
864 5317 1006 5384 fundarit
1022 5337 1090 5384 eam
1106 5317 1280 5384 ditissimus
1295 5345 1328 5384 3,
1343 5357 1389 5366 -

437 5423 589 5490 7333377373
611 5425 796 5492 enim-mate
818 5423 940 5510 faciam
967 5423 1116 5500 Domini,
1134 5423 1254 5490 ratione
1271 5423 1389 5490 33333-

435 5525 568 5606 attacta,-
592 5527 774 5594 Psalmns⁵:
803 5553 819 5586 «
836 5527 970 5594 Ostende
993 5527 1101 5594 taciem
1127 5533 1231 5606 tuam,
1256 5531 1287 5594 et
1310 5527 1389 5594 33333

435 5629 553 5696 erimus
570 5657 600 5712 »3
636 5641 666 5700 et
700 5633 866 5698 blalachiae
902 5633 1013 5698 tertio:
1049 5633 1172 5708 «Ecce,
1205 5649 1263 5714 ege
1296 5633 1389 5698 mitto

506 6005 516 6036 ¹
536 6011 610 6062 Vers.
630 6011 671 6062 to.
689 6037 725 6048 -
743 6007 862 6060 Subinde
881 6011 1007 6072 allegatur
1026 6011 1067 6060 Pe.
1091 6009 1137 6074 36,
1157 6009 1200 6060 ta.

506 6089 518 6122 3
538 6097 610 6148 Vers
630 6097 657 6146 3.
673 6125 708 6134 -—
727 6097 785 6146 Dno
803 6095 852 6146 leci
872 6109 945 6160 seqq.
965 6101 1026 6146 33333
1043 6095 1061 6146 Ι.
1079 6099 1146 6158 hag.
1164 6095 1194 6160 3,
1216 6097 1237 6146 l.
1257 6101 1283 6146 et
1301 6097 1318 6146 l.
1344 6097 1388 6146 Pa·

436 6179 481 6232 rai.
501 6183 548 6246 23,
569 6185 609 6236 37.
630 6185 688 6236 Vat.
707 6197 768 6236 com
787 6197 840 6232 uno
866 6183 1000 6248 alteroque
1019 6183 1078 6234 cod.
1105 6183 1193 6234 addit:
1218 6181 1252 6234 Et
1280 6179 1344 6248 Sap.
1368 6185 1392 6248 1,

442 6270 463 6320 t.
482 6279 551 6336 seq:
570 6273 606 6326 Et
623 6269 653 6324 73
669 6269 840 6338 sirapticitote
857 6267 947 6322 cordis
966 6269 1086 6336 quaerite
1104 6267 1182 6320 777333
1203 6275 1252 6320 etc.

511 6353 612 6410 ³Vers.
632 6359 642 6408 i
651 6359 675 6408 8.
693 6371 750 6422 seq.
772 6383 805 6394 -
824 6357 947 6422 Sequitur
966 6359 1039 6408 lesue
1058 6359 1107 6420 22,
1127 6355 1152 6406 5.

508 6439 520 6470 ⁴
539 6447 612 6500 Pers.
630 6445 674 6494 20.
691 6469 726 6482 -·
744 6443 801 6494 Due
821 6455 894 6506 seqq.
913 6443 963 6494 leci
990 6447 1050 6494 suut
1079 6443 1164 6494 blatth.
1191 6443 1240 6502 33,
1256 6443 1281 6492 9.
1299 6449 1326 6494 et
1350 6445 1392 6496 Ps.

438 6527 486 6586 86,
506 6527 531 6580 5.
548 6557 585 6572 -
603 6531 730 6594 Superius
747 6543 797 6592 pro
815 6527 996 6596 reparationis
1018 6529 1075 6578 vat.
1093 6527 1290 6594 redemptionis.

508 6611 630 6670 ⁵Psalm.
650 6617 699 6680 79,
719 6617 761 6666 ao.
781 6641 814 6652 -
834 6613 951 6666 Subinde
969 6615 1095 6678 allegatur
1112 6615 1219 6668 llalaeh.
1238 6617 1275 6674 3,
1292 6615 1316 6666 7.

508 6695 612 6758 eVers.
631 6703 709 6754 a-
728 6703 878 6766 Sequuntur
902 6703 980 6752 Rem.
1012 6701 1040 6764 3,
1060 6701 1107 6764 -37;
1133 6701 1150 6752 l.
1176 6699 1236 6752 Cor.
1267 6701 1314 6764 32,
1341 6703 1392 6768 33;

437 6791 501 6840 Luc.
521 6789 549 6850 3,
569 6793 594 6844 7.
612 6795 638 6840 33
656 6791 725 6840 loon.
743 6787 775 6848 5,
794 6785 837 6836 35.

545 6893 574 6946 S.
593 6893 696 6948 boma.
708 6917 741 6930 —
756 6891 834 6942 Το3.
852 6889 905 6942 Vll.

1432 721 1581 806 angelum
1618 737 1739 800 3333,
1766 727 1798 786 33
1827 719 2027 804 praeparabit
2058 719 2139 786 riam
2173 727 2244 786 ante
2275 721 2382 786 taciem

1433 841 1533 890 meam
1551 851 1579 888 a.
1605 859 1648 872 --
1676 825 1809 890 Parare
1829 825 1904 890 vius
1928 823 2014 902 37333,
2030 823 2194 908 pluraliter
2209 821 2285 890 dicit
2300 825 2384 898 3733,

1433 929 1462 994 id
1487 935 1533 996 est
1558 929 1637 996 3333
1670 929 1854 1016 cognitionis
1884 929 1917 996 in
1939 929 2002 1014 7373
2029 935 2061 998 33
2082 929 2253 996 allectionis
2276 929 2308 992 in
2330 947 2385 992 cc-

1433 1033 1541 1100 ritote.
1570 1037 1616 1100 De
1645 1035 1762 1118 primo
1785 1037 1837 1100 lob
1872 1035 1993 1100 decimo
2022 1035 2196 1118 septimoi:
2227 1061 2242 1094 3
2258 1033 2387 1100 Tenebit

1434 1139 1537 1204 iustos
1560 1139 1641 1204 3333
1666 1157 1755 1206 3333
1777 1145 1810 1206 33
1831 1139 1957 1206 mendis
1982 1139 2126 1208 manibus
2147 1139 2241 1206 addet
2261 1139 2386 1204 33333333-

1433 1243 1536 1310 dinem
1554 1267 1584 1322 »3
1610 1243 1647 1308 ad
1671 1247 1822 1310 Romanos
1847 1247 1964 1328 primo:
1995 1245 2127 1310 ilustus
2141 1251 2248 1310 autem
2262 1261 2305 1308 33
2326 1243 2387 1310 fide

1433 1347 1510 1412 33333
1521 1375 1553 1412 a.
1569 1349 1614 1412 De
1630 1347 1680 1412 333
1695 1349 1849 1414 ueritatis
1857 1373 1869 1424 ;
1885 1349 2004 1432 primae
2018 1349 2059 1412 ad
2074 1349 2251 1414 Corinthios
2270 1349 2388 1412 duede-

1435 1451 1539 1516 cimo:
1574 1475 1589 1508 «
1608 1451 1714 1516 adhuc
1746 1451 1999 1518 excellentiorem
2035 1453 2118 1518 33333
2151 1451 2241 1518 vobis
2261 1451 2388 1516 demon·

1436 1561 1503 1622 stro
1518 1581 1548 1618 3.
1574 1553 1660 1618 tiam
1693 1553 1770 1638 73737
1806 1557 2002 1640 praepararit
2037 1557 2182 1634 loannes,
2216 1553 2388 1622 secundum

1436 1661 1519 1742 qued
1542 1679 1625 1736 coac:
1646 1659 1724 1724 inira
1749 1667 1811 1724 tert
1799 1661 1856 1724 tio:
1885 1661 1988 1726 «Vox
2009 1661 2201 1726 3333333333
2195 1679 2227 1724 33
2249 1661 2388 1726 deserto:

1437 1765 1545 1828 Parate
1526 1763 1661 1828 eriam
1696 1763 1819 1828 Domini
1835 1787 1868 1842 »;
1899 1765 1982 1826 viam
2015 1763 2127 1828 3337733
2129 1765 2186 1840 3
2216 1763 2389 1830 seeundum

1437 1867 1521 1952 qued
1547 1869 1703 1946 7333333·
1734 1869 1856 1934 3333333
1889 1867 2016 1952 quint:o
2048 1869 2132 1934 «lile
2165 1877 2232 1934 erat
2220 1869 2390 1934 tinterna

1437 1973 1605 2038 ardonset
1629 1973 1777 2040 lucens»

1529 2079 1601 2144 337.
1628 2079 1777 2156 (Persi
1775 2081 1829 2156 7..)
1856 2079 1929 2142 Pon
1918 2095 2003 2144 3333
1993 2077 2059 2142 da
2047 2079 2174 2144 tetiam
2199 2095 2272 2144 3333
2261 2077 2336 2144 nde
2353 2081 2390 2144 ab
2409 2093 2467 2144 333,
2480 2093 2557 2136 abuti·

2333 2183 2338 2194 ,
2402 2125 2467 2190 litate
2479 2147 2556 2192 doctri·

1438 2183 1549 2248 33777773
1551 2183 1707 2248 33333733
1663 2183 1789 2258 737333,
1815 2201 1886 2248 333
1910 2183 2002 2246 dicit:
2027 2183 2081 2246 Ad
2113 2183 2260 2246 73337333
2251 2201 2391 2246 3-33333
2405 2207 2452 2240 nai.

1439 2287 1520 2354 37333
1551 2289 1641 2354 337337
1631 2287 1790 2372 77333737
1822 2287 1912 2364 aius:
1948 2287 2114 2366 73337733
2137 2286 2254 2352 scilicet
2277 2289 2391 2370 gratis;

1438 2393 1582 2458 llatthaei
1606 2393 1726 2458 decimo
1740 2393 1768 2456 ⁷:
1798 2391 1932 2456 «Gratis
1953 2391 2133 2474 accepistis,
2158 2391 2255 2474 gratis
2278 2389 2391 2470 date»;

1439 2501 1468 2560 et
1495 2495 1734 2560 Proverbiornm
1758 2495 1908 2560 secondo:
1939 2495 2118 2560 «Dominus
2132 2495 2184 2558 dat
2200 2491 2391 2578 sapientiam,

1439 2605 1469 2666 et
1493 2617 1534 2664 ex
1559 2617 1613 2664 ere
1635 2597 1704 2664 eius
1724 2597 1891 2682 prudentia
1906 2607 1938 2664 33
1953 2597 2080 2664 scientia
2096 2627 2127 2664 a.
2147 2599 2321 2674 Dandum,
2346 2597 2393 2662 in-

1440 2715 1553 2788 quam,
1576 2705 1766 2780 scientium,
1795 2723 1857 2768 non
1891 2721 2137 2788 quamcumque,
2171 2703 2224 2768 sed
2254 2701 2392 2780 amititia:

1440 2807 1515 2892 quia
1536 2807 1602 2874 sine
1637 2807 1765 2874 scientia
1796 2827 1859 2874 non
1889 2815 1938 2874 est
1970 2807 2077 2888 salns;
2114 2807 2205 2874 Isaiae
2241 2807 2392 2890 quinto⁸z

1447 2913 1644 2996 «Propterea
1676 2913 1817 2996 captiuus
1850 2913 1964 2978 ductus
1988 2921 2034 2978 est
2069 2913 2205 2996 populus
2228 2929 2333 2990 3333333,
2360 2931 2394 2978 eo

1430 3013 1524 3098 'quod
1560 3033 1623 3082 non
1656 3015 1768 3080 habuit
1804 3015 2010 3082 scientiam».
2034 3017 2118 3082 lianc
2151 3015 2246 3080 debet
2278 3015 2394 3084 habere

1442 3119 1543 3186 omnis
1569 3107 1671 3186 rector
1696 3121 1821 3204 populi;
1844 3119 1923 3188 Osee
1947 3119 2076 3204 quarto:
2107 3121 2217 3204 «Quia
2242 3127 2277 3188 tu
2298 3119 2395 3186 scien-

1443 3223 1516 3290 tiam
1541 3225 1699 3308 repulisti,
1723 3227 1872 3308 repellam
1906 3245 1963 3310 eqo
1988 3235 2034 3302 te,
2061 3245 2098 3292 ne
2129 3225 2303 3292 sacerdotio
2324 3223 2395 3290 iue-

1443 3329 1525 3414 garis
1548 3329 1626 3394 3333
1642 3355 1672 3410 »;
1696 3329 1791 3396 isaiae
1815 3329 1974 3416 trigesimo
1999 3333 2109 3398 tertie:
2132 3331 2294 3398 «Divitiae
2314 3331 2397 3396 salu-

1445 3433 1501 3512 333,
1531 3433 1683 3518 sapientia
1712 3443 1745 3500 et
1774 3435 1949 3514 scientia»,
1986 3435 2124 3516 33733773,
2161 3437 2304 3520 inquam,
2335 3453 2397 3502 non

1426 3557 1693 3624 sermonisque,
1716 3539 1770 3606 sed
1793 3539 2004 3624 spirituaii-s:
2028 3551 2156 3626 propter
2174 3541 2257 3626 quod
2273 3539 2395 3608 subdit:

1445 3643 1484 3706 7333
1497 3643 1722 3708 retuissioocm
1738 3653 1947 3728 peccaterum
1964 3663 2088 3712 33333333.
2103 3647 2217 3714 berlai:
2237 3673 2252 3704 3
2264 3647 2309 3710 Ne
2321 3649 2398 3710 tem-

1445 3746 1584 3830 poralem
1614 3749 1746 3814 salutem
1777 3749 1917 3832 promitti
1943 3759 2088 3834 putares,
2114 3753 2197 3818 addit
2229 3753 2261 3818 in
2290 3749 2398 3816 33333-

1446 3851 1564 3918 333333
1587 3859 1786 3936 peccatorum
1811 3871 1920 3920 eorum
1939 3883 1967 3920 a.
1992 3857 2067 3920 liam
2093 3857 2133 3924 de
2164 3857 2322 3922 8333333333
2354 3855 2399 3920 di-

1446 3955 1527 4022 citur
1551 3959 1696 4024 blatthaei
1724 3959 1842 4042 primo:
1875 3961 1972 4046 «lpse
1997 3963 2118 4028 salsum
2142 3963 2232 4028 iaciet
2249 3961 2399 4046 populum

1446 4079 1538 4128 snum
1572 4079 1590 4124 a
1622 4063 1756 4146 peccatis
1785 4081 1941 4142 eorum»;
1971 4073 2004 4130 et
2033 4067 2126 4134 blarei
2150 4067 2269 4150 primo:
2301 4091 2316 4122 3
2332 4065 2400 4132 Fuit

1447 4167 1575 4232 loannes
1601 4165 1783 4250 praedicans
1819 4167 2010 4252 baptismum
2046 4171 2251 4252 poenitentiae
2286 4169 2318 4232 in
2352 4187 2400 4234 re·
2460 4159 2462 4164 ’

1446 4269 1626 4336 missionem
1649 4277 1758 4354 peccat
1758 4287 1849 4334 orum
1865 4297 1895 4336 a

1538 4375 1611 4442 3.38
1637 4375 1737 4492 (Vers.
1757 4377 1833 4454 78.)
1850 4361 2096 4444 Commendatt
2067 4385 2096 4444 et
2099 4379 2158 4444 iam
2178 4377 2331 4442 loannis]
2313 4397 2402 4460 prae
2416 4391 2567 4490 hemeras

1449 4481 1846 4564 coninmaprouimtmitctc
1871 4483 2005 4550 77373333
2023 4487 2252 4566 praesertim,
2268 4501 2340 4550 3333
2357 4485 2433 4550 dr
2425 4497 2567 4596 siiiiaeprii'

1450 4585 1509 4650 cit:
1533 4587 1600 4652 Per
1624 4585 1811 4650 hierarcha
1776 4585 1987 4652 misericordi
1951 4607 2025 4652 troc
2053 4589 2166 4758 7737ῑί
2131 4597 2236 4654 rtraoat
2234 4589 2454 4658 ’.6333333Ι
2423 4601 2517 4662 pliciter

1449 4687 1596 4754 describit
1623 4689 1803 4772 tripliciter:
1828 4691 1947 4772 prim‚o
1910 4697 2008 4756 not
2029 4691 2142 4758 37337733
2168 4691 2403 4758 3333333333-

1451 4793 1577 4860 landum
1601 4793 1692 4860 333333
1680 4801 1765 4872 33;3
1789 4795 1944 4876 secundo,
1967 4805 2004 4862 ut
2027 4797 2134 4862 7333773
2087 4799 2202 4862 337333
2207 4805 2307 4862 tenta
2289 4797 2405 4862 a-ddo

1451 4901 1584 4966 cendum
1597 4899 1805 4978 intellectum
1823 4899 1863 4964 333
1880 4899 2283 4978 13ε77733733333733333
2302 4901 2403 4982 terro

1451 5011 1486 5072 ut
1511 5005 1704 5090 diripeatcm
1733 5003 1772 5070 ad
1805 5007 2039 5072 rectificandum
2072 5007 2234 5084 effectum,
2258 5003 2319 5070 ibi:
2353 5009 2406 5074 Ad

1452 5111 1643 5198 7737933733
1661 5111 1831 5194 pcdeac
1782 5117 1840 5176 etc.

1539 5215 1696 5282 Describit
1717 5215 1814 5300 igitur
1835 5217 1939 5300 primo
1953 5217 2089 5284 divinam
2105 5225 2252 5302 praesent
2254 5215 2313 5280 3333
2333 5231 2406 5282 cen
2425 5223 2560 5322 iiiiii?

1451 5321 1590 5388 iunctam
1613 5323 1734 5406 proph
1704 5321 1796 5386 33333
1820 5323 2053 5438 praecursoris,
2071 5341 2142 5390 cunr
2132 5321 2251 5388 rdicit:
2276 5321 2391 5388 Parra

1451 5441 1615 5492 acerrima
1604 5425 1683 5492 isera
1672 5423 1819 5492 cordae
1841 5425 1901 5492 De
1889 5435 2028 5492 timeare
2037 5423 2336 5512 ,7333333333
2338 5435 2406 5490 333

1452 5549 1512 5594 aec
1535 5531 1645 5596 orions
1667 5549 1707 5594 coc
1730 5529 1817 5606 337,·ο
1839 5537 1871 5596 33
1893 5531 1985 5598 333333
2016 5531 2192 5598 contionari
2220 5531 2259 5596 ad
2283 5545 2406 5612 praece-

1453 5633 1529 5702 dens
1553 5635 1613 5702 sic:
1639 5635 1775 5702 Praeibis
1797 5635 1836 5702 ad
1859 5637 1991 5702 dandam
2015 5639 2175 5702 scientiam
2199 5633 2309 5702 salutis
2324 5633 2405 5718 plebi

1523 6011 1533 6040 ⁷
1554 6015 1629 6064 Vers.
1649 6015 1677 6074 8,
1697 6019 1851 6078 postquem
1873 6017 1950 6066 Prev.
1969 6017 2001 6076 2,
2020 6013 2045 6062 o.

1524 6097 1629 6152 8Vers.
1649 6101 1745 6152 ta-
1764 6097 1821 6152 D'uo
1847 6113 1923 6166 seqq.
1953 6101 2002 6152 loci
2026 6103 2086 6150 sunt
2114 6101 2180 6152 Osee
2200 6099 2227 6162 t,
2249 6099 2272 6146 6.
2300 6103 2325 6146 33
2352 6097 2406 6150 lsai.

1454 6185 1501 6248 33,
1521 6185 1545 6236 6.
1565 6211 1599 6224 —
1623 6185 1750 6248 Superius
1774 6197 1823 6248 pro
1850 6197 1905 6238 troo
1933 6197 2130 6252 quamcumque
2156 6185 2178 6232 G
2206 6197 2262 6236 3333
2288 6181 2408 6248 qualem-

1455 6287 1578 6340 ciciraque.

1525 6357 1539 6402 3
1555 6361 1581 6410 33
1599 6363 1660 6412 Luc.
1682 6361 1710 6422 3,
1727 6359 1775 6424 77,
1794 6359 1839 6410 ubi
1858 6359 1938 6410 etiam
1963 6359 2052 6410 Glossa
2080 6357 2223 6410 ordinario
2243 6359 2315 6422 apud
2333 6359 2409 6422 Lyra-

1455 6461 1533 6512 3333,
1551 6447 1627 6498 errius
1645 6445 1782 6496 lectionem
1808 6449 1953 6510 sequenter
1974 6443 2067 6512 cedd.¹
2085 6443 2166 6496 rerba
2188 6445 2273 6498 Bedae
2291 6443 2408 6506 exhibet,

1456 6533 1500 6598 qui
1520 6539 1581 6598 post¹
1603 6533 1644 6588 Ne
1671 6533 1846 6600 temporalem
1874 6531 1947 6584 addit
1974 6531 2174 6602 coartatamque.
2200 6561 2234 6572 -
2261 6533 2409 6598 Sequuntur

1456 6619 1541 6670 333333.
1563 6621 1587 6680 7,
1607 6621 1650 6686 27.
1668 6627 1696 6672 33
1712 6621 1788 6672 blare
1814 6621 1835 6682 t,
1855 6619 1881 6672 t.

1527 6701 1549 6734 ¹⁰
1569 6707 1645 6760 Vere.
1661 6707 1712 6772 ts;
1730 6707 1835 6760 tertium
1853 6707 1965 6760 habetur
1983 6707 2078 6760 eedem
2096 6723 2186 6763 versu.
