5908 8266
431 555 495 622 468

431 733 537 796 mente
567 727 681 794 habeto
706 727 804 794 Deum
824 755 852 792 t.
879 729 914 794 ra
938 727 981 794 sic
1006 733 1110 812 patet,
1136 727 1218 812 quod
1242 729 1336 794 tertia
1356 735 1389 794 et

431 837 545 918 quarta
574 831 708 900 conditio
730 837 804 898 suut
829 833 917 898 ualde
941 831 1155 916 propinquae,
1179 837 1211 898 et
1233 831 1303 900 ideo
1327 849 1390 897 una

432 935 591 1004 clauditur
613 935 781 1022 aliquando
803 935 837 1004 in
859 935 928 1004 alia.

521 1043 551 1108 ln
578 1043 723 1108 omnibus
738 1045 844 1106 autem
860 1039 1028 1124 praedictis
1043 1037 1275 1106 conditionibus
1297 1039 1389 1106 intel-

305 1167 416 1226 aprngus.
431 1149 609 1234 figendum,
635 1148 720 1234 quod
742 1145 915 1214 secuudum
941 1145 1025 1232 quod
1055 1145 1164 1214 dicunt
1197 1141 1389 1212 totalitatem

429 1253 665 1340 sufficientiae,
689 1253 732 1322 sic
757 1251 874 1318 cadunt
896 1253 957 1318 sub
987 1259 1155 1336 praecepto
1187 1259 1217 1318 et
1248 1259 1389 1336 spectant

430 1359 471 1424 ad
492 1365 609 1426 statum
634 1359 720 1438 riae;
744 1357 918 1424 secundum
951 1355 1035 1442 quod
1063 1355 1173 1422 dicunt
1197 1355 1389 1422 totalitatem

345 1469 352 1482 “
432 1463 747 1542 cousummationis,
773 1461 816 1528 sic
839 1467 981 1546 spectant
1005 1461 1042 1528 ad
1067 1467 1185 1528 statum
1214 1461 1335 1546 patriae
1357 1467 1390 1528 et

431 1569 531 1654 magis
554 1569 786 1646 demonstrant,
810 1585 875 1654 quo
899 1567 1107 1646 tendendum,
1133 1585 1226 1652 quam
1251 1567 1389 1652 obligent

431 1675 471 1742 ad
505 1673 771 1742 observandum1.
802 1674 860 1740 Per
886 1673 953 1756 ,hoc
982 1691 1058 1758 ergo
1089 1673 1272 1740 mandatum
1304 1679 1390 1740 totns

431 1781 528 1846 homo
550 1779 722 1848 secundum
747 1797 780 1846 se
803 1785 906 1844 totum
922 1779 1088 1846 ordinatur
1104 1779 1136 1844 in
1153 1781 1269 1860 Deum,
1285 1785 1317 1844 θῖ
1333 1797 1390 1864 per

431 1903 626 1970 consequeus
649 1887 688 1952 ad
711 1905 744 1954 se
768 1885 882 1970 ipsum.

520 1993 573 2058 49.
598 1993 636 2059 Et
657 1993 731 2078 quia
755 1991 894 2058 ordinari
917 1991 1014 2058 babet
1029 1991 1121 2058 etiam
1139 1991 1177 2058 ad
1194 1991 1388 2076 proximum,

268 2097 500 2180 naamatites
524 2095 650 2163 subdit:
681 2099 722 2162 Et
750 2095 948 2180 proni-raam
971 2105 1086 2174 taum,
1111 2097 1244 2182 supple:
1276 2095 1389 2180 dilige,

311 2181 370 2212 ‘¹¹⁰¹'
429 2203 569 2270 sicutte
592 2201 713 2288 ipsam.
736 2201 798 2266 Hoc
824 2201 996 2268 secundum
1025 2207 1227 2288 praeceptum
1253 2201 1390 2268 babetur

429 2327 472 2378 ex
502 2309 628 2376 levitici
659 2309 780 2376 decimo
810 2309 936 2388 nonai,
971 2309 1028 2376 ubi
1058 2309 1197 2376 dicitur:
1233 2333 1250 2366 «
1274 2307 1389 2394 diliges

429 2417 566 2484 amicum
598 2422 691 2483 tuum
718 2417 799 2484 sicut
825 2423 853 2482 ῖθ
877 2417 1030 2502 ipsum»,
1054 2415 1229 2484 secundum
1256 2417 1389 2482 transla-

430 2525 546 2590 tionem
575 2525 777 2610 Septuaginta
802 2521 937 2590 dicitnr:
961 2523 1078 2608 Diliges
1100 2523 1283 2606 proximum
1308 2523 1390 2588 sicut

431 2635 463 2696 te
484 2629 607 2714 ipsum,
632 2629 733 2698 idest
757 2649 795 2696 cn
819 2649 884 2718 qao
914 2635 945 2696 te
975 2627 1098 2714 ipsum,
1133 2629 1249 2696 scilicet
1272 2647 1315 2696 en
1338 2645 1389 2696 ca-

430 2737 533 2804 ritatis
555 2737 724 2822 attenuat
747 2735 859 2804 ellectu
875 2735 892 2812 ;’
913 2737 964 2804 rel
994 2735 1031 2802 in
1062 2755 1126 2822 qno
1150 2741 1180 2802 te
1204 2735 1327 2820 ipsum,
1357 2735 1389 2800 id

431 2848 478 2910 est
509 2843 541 2908 in
578 2843 660 2922 Deo;
697 2843 746 2910 rel
778 2849 915 2926 propter
947 2841 1035 2930 qaod
1065 2849 1095 2906 te
1127 2843 1248 2926 ipsum,
1280 2841 1312 2906 id
1342 2847 1390 2906 est

430 2955 561 3034 propter
585 2951 703 3030 Deum;
726 2949 777 3016 uel
798 2947 846 3014 od
876 2949 964 3036 qaod
994 2953 1025 3014 ῖθ
1055 2947 1178 3032 ipsum,
1210 2947 1241 3014 id
1272 2953 1320 3014 θεῖ
1349 2947 1389 3014 ad

430 3057 562 3142 gratiam
587 3055 617 3122 in
643 3053 795 3140 praesenti
822 3059 852 3120 θῖ
876 3053 1008 3138 gloriam
1031 3053 1063 3118 in
1086 3053 1216 3132 luturo;
1237 3053 1286 3120 rel
1310 3071 1389 3140 qao-

429 3161 527 3228 modo
542 3165 574 3228 te
590 3161 712 3246 ipsura,
738 3157 770 3224 id
785 3165 835 3224 est
848 3175 947 3242 supra
963 3175 1016 3224 res
1037 3165 1069 3224 et
1092 3175 1209 3242 corpus
1223 3159 1389 3242 proprium

430 3273 462 3334 et
484 3267 567 3332 inira
590 3269 700 3334 Deum.
723 3267 800 3332 Nam
826 3263 880 3350 qui
905 3263 950 3330 sic
971 3263 1073 3350 diligit
1102 3263 1305 3348 proximum,
1337 3263 1390 3332 ille

356 3457 358 3464 Ι
432 3381 479 3440 θεῖ
503 3389 599 3440 uerus
621 3371 805 3438 observator
822 3369 927 3454 Legis;
946 3369 1029 3436 unde
1044 3369 1084 3436 ad
1100 3371 1254 3436 Romanos
1269 3369 1389 3438 decimo

431 3477 572 3546 terrim:
600 3477 694 3562 «Qui
716 3475 817 3560 diligit
848 3475 1032 3560 proximum
1065 3477 1176 3560 Legem
1201 3475 1341 3560 implerit
1356 3503 1389 3542 s.

279 3597 412 3662 accusaue-
431 3621 473 3648 .-
497 3585 535 3650 m
558 3601 633 3650 rere
656 3585 747 3658 debet
771 3580 900 3668 diligere
923 3581 1107 3666 proximum
1130 3581 1218 3668 quasi
1235 3599 1269 3648 se
1284 3581 1390 3666 ipsum

286 3657 415 3752 llllltll'.
430 3695 561 3776 propter
585 3687 848 3776 conformitatem
872 3695 1038 3764 naturae:
1060 3687 1153 3754 'unde
1184 3687 1390 3754 Ecclesiastlci

429 3797 549 3864 decimo
575 3795 714 3862 lertio4:
742 3819 759 3854 (ι
776 3791 875 3860 Omne
890 3791 1005 3858 animal
1021 3791 1120 3878 diligit
1136 3791 1235 3860 simile
1252 3791 1329 3872 sibi,
1345 3791 1390 3860 sic

430 3909 462 3970 et
484 3901 587 3968 omnis
608 3901 704 3968 bomo
725 3899 910 3986 proximum
934 3899 991 3966 sibi
1009 3923 1039 3980 »3
1057 3905 1188 3984 propter
1204 3899 1296 3966 etiarn
1313 3899 1390 3966 nni-

431 4015 530 4076 tatem
550 4007 703 4092 gratiae,
726 4005 901 4074 secundum
924 4005 1003 4072 illud
1026 4005 1065 4072 ad
1090 4005 1237 4090 Ephesios
1254 4009 1389 4090 quarto:

435 4141 453 4174 a
475 4115 651 4200 loquimini
681 4115 863 4190 ueritatem,
895 4111 1116 4198 unusquisque
1147 4129 1220 4178 cnm
1243 4113 1391 4198 proximo

431 4241 508 4300 suo,
539 4221 687 4306 quoniam
719 4237 831 4288 sumus
860 4217 995 4288 inuicem
1011 4211 1173 4286 ”membra
1193 4243 1224 4298 ε,
1261 4227 1391 4306 propter

431 4329 593 4396 unitatem
624 4327 783 4396 nrcrcetiis
811 4333 985 4406 aeternae;
1010 4327 1048 4394 ad
1072 4327 1221 4412 Ephesios
1253 4333 1390 4412 quarto:

435 4463 453 4496 t
468 4435 572 4502 Unum
595 4453 711 4520 corpus
732 4440 765 4502 et
787 4451 872 4502 unus
889 4435 1036 4520 spiritus,
1053 4435 1136 4502 sicut
1151 4433 1253 4504 uocati
1268 4435 1343 4502 estis
1357 4433 1392 4502 in

431 4559 495 4610 una
520 4559 574 4628 spe
596 4541 767 4610 rotationis
782 4547 906 4610 restrae
922 4567 953 4608 s.
971 4577 1014 4588 -
1030 4541 1100 4608 ldeo
1115 4541 1154 4608 ad
1175 4541 1392 4608 commendan-

431 4647 504 4714 dam
527 4647 607 4714 hanc
631 4647 829 4714 dilectionem
851 4645 1070 4726 relambens,
1087 4643 1171 4732 quod
1187 4663 1392 4714 nasceremur

431 4769 474 4820 ex
496 4769 561 4818 uno
585 4759 674 4838 patre
698 4751 813 4830 Adam;
839 4751 923 4836 quod
947 4739 1178 4820 redimeremur
1196 4751 1303 4820 eodem
1321 4769 1391 4820 san-

431 4857 542 4946 guine,
575 4859 691 4928 scilicet
715 4859 866 4944 sanguine
890 4859 1014 4926 Domini
1036 4859 1137 4928 nostri
1160 4859 1229 4928 lesu
1254 4859 1390 4940 Christi;

426 4959 517 5050 ¹quod
548 4981 829 5032 remuneraremur
858 4965 967 5032 eadem
998 4965 1163 5046 mercede;
1200 4965 1389 5030 Psalmus⁵:

437 5069 657 5150 «Ierusalem,
680 5087 763 5156 quae
785 5069 969 5138 aedificator
992 5075 1029 5136 ut
1052 5069 1179 5148 ciuitas,
1205 5069 1296 5136 cuius
1320 5087 1392 5154 par-

431 5173 570 5260 ticipatio
593 5175 661 5242 eius
683 5177 717 5240 in
740 5173 876 5258 idipsum
894 5199 924 5240 s.

521 5281 572 5346 66.
597 5281 699 5366 (Vers.
724 5279 801 5364 43).
828 5279 932 5346 Tertio
950 5297 1025 5348 reru
1040 5284 1196 5366 quantum
1212 5279 1251 5346 ad
1269 5299 1392 5366 oppro-

431 5385 594 5454 batt'onem
616 5387 768 5454 caritatis
790 5385 942 5452 inuentae
957 5385 1122 5454 subditur:
1148 5387 1302 5474 Dicitque
1326 5387 1391 5454 illi:

503 5687 513 5720 ²
532 5689 570 5744 De
589 5693 639 5746 lroc
657 5691 740 5744 insius
759 5691 796 5742 lll.
817 5693 887 5744 Sent.
906 5689 932 5744 d.
953 5691 994 5744 47.
1016 5705 1038 5744 a.
1059 5693 1085 5744 4.
1103 5707 1130 5760 q.
1150 5695 1173 5746 6.

503 5777 514 5810 ²
536 5781 609 5834 l'ers.
630 5783 670 5834 46.
689 5809 725 5820 -
743 5777 795 5834 Ctr.
815 5781 852 5834 lll.
872 5781 943 5834 Seut.
963 5779 988 5834 d.
1009 5783 1050 5834 44.
1070 5797 1095 5848 q.
1116 5783 1142 5834 3.
1160 5783 1196 5834 ad
1215 5785 1240 5834 4.

452 5867 454 5874 “
503 5867 516 5904 ³
533 5869 654 5936 erinque
665 5869 811 5936 praedictas
822 5869 998 5936 expositiones
1011 5871 1121 5936 praebet
1136 5873 1215 5926 etiarn
1229 5871 1305 5926 Card.
1317 5875 1394 5938 Hugo

431 5951 459 6014 i⁰n
476 5959 539 6012 Luc.
560 5961 606 6026 40,
626 5959 670 6012 47.
689 5959 741 6014 cn.
761 5961 901 6024 bernard,
919 5961 1004 6014 Serm.
1023 5963 1067 6014 96.
1086 5961 1121 6014 de
1133 5963 1249 6014 Diversis
1264 5963 1337 6032 (alias
1350 5963 1393 6014 67.

431 6061 464 6104 en
481 6047 584 6116 Parcis)
602 6063 627 6102 n.
649 6051 664 6104 6
675 6069 683 6114 5
712 6053 795 6104 Serra.
817 6049 858 6104 66.
881 6049 906 6100 ln
925 6047 998 6104 Cant.
1017 6065 1042 6102 n.
1062 6049 1088 6104 7.
1106 6057 1134 6104 et
1152 6053 1239 6104 Tract.
1267 6053 1300 6104 de
1322 6055 1394 6104 stata

432 6139 560 6192 virtutum
582 6139 658 6206 (inter
675 6153 757 6206 opera
776 6137 912 6208 bernardi)
941 6155 968 6206 p.
997 6139 1035 6194 lll.
1062 6155 1089 6192 n.
1117 6139 1160 6194 34.
1178 6155 1254 6208 seq:
1273 6141 1342 6206 ung.
1359 6141 1394 6194 de

434 6229 462 6280 S.
481 6227 564 6290 Vict,
584 6227 656 6282 Sum.
675 6229 789 6282 Sentent.
809 6233 840 6280 tr.
860 6227 885 6280 4.
904 6241 926 6280 θ.
947 6227 981 6290 t;
1001 6229 1027 6280 ll.
1046 6227 1081 6280 de
1100 6229 1263 6282 Sacrament.
1280 6243 1308 6294 p.
1328 6229 1392 6282 lllll.

432 6329 457 6368 c.
477 6315 528 6380 4ος
546 6315 596 6382 Qq.
615 6317 644 6368 in
661 6317 741 6382 Epist.
761 6317 793 6368 ad
815 6317 890 6368 Rom.
908 6331 936 6384 q.
956 6317 1017 6370 363.
1035 6323 1061 6368 et
1080 6317 1123 6368 Vl.
1141 6317 1255 6382 Allegor.
1273 6317 1299 6368 in
1314 6317 1394 6382 Epist.

432 6405 467 6458 ad
484 6403 562 6456 Rom.
583 6405 629 6470 43,
649 6407 672 6458 4.

503 6489 609 6548 *Vera
631 6497 671 6548 44.
690 6523 726 6536 -
744 6495 802 6548 Duo
822 6507 897 6560 seqq.
917 6493 968 6548 loci
992 6499 1053 6548 suut
1072 6495 1137 6560 Epir.
1157 6493 1188 6558 4,
1208 6493 1251 6548 43.
1271 6499 1296 6546 et
1317 6493 1347 6556 4,
1367 6491 1393 6546 4.

432 6581 483 6638 Clr.
503 6585 540 6638 lll.
560 6585 631 6638 Sant.
651 6585 677 6638 d.
698 6587 739 6638 46.
759 6597 807 6650 per
827 6589 916 6638 totam.

504 6671 629 6728 ‘Psalm
649 6675 709 6738 444,
736 6675 763 6728 3.
789 6671 842 6728 Cir.
869 6675 898 6726 ll.
924 6675 996 6724 Sem.
1021 6673 1047 6726 d.
1069 6675 1110 6724 ts.
1130 6671 1196 6726 dub.
1217 6671 1240 6724 4.
1259 6677 1284 6726 et
1302 6673 1331 6726 cl.
1349 6671 1394 6724 46.

433 6773 461 6828 q.
481 6761 504 6812 4.
524 6761 557 6814 ad
577 6763 601 6814 3.
620 6793 656 6806 -
670 6755 801 6830 'superius
821 6761 933 6816 uocibus
951 6761 987 6816 acl
1006 6761 1248 6818 commendandam
1268 6761 1321 6814 tide
1343 6761 1395 6816 AC

433 6849 486 6902 Dll
506 6851 677 6916 praellglrnns
696 6851 767 6906 ldeo.

1025 553 1220 620 COMMENT.
1244 555 1281 620 ΙΝ
1304 551 1544 622 alluentium
1570 553 1688 620 tuctu
1711 553 1744 620 C.
1769 551 1805 616 X.
1841 587 1844 602 ι

1454 729 1545 794 llcctc
1571 725 1788 812 respondisti:
1814 725 1887 810 quia
1917 723 2050 792 uerbum
2078 723 2275 792 rectitudinis
2300 727 2410 808 protu-

1454 833 1533 910 listi,
1559 833 1643 918 qnod
1665 839 1713 898 est
1748 829 1939 910 dilectioniS,
1961 829 2136 930 secuudum
2168 829 2246 896 illud
2267 827 2409 914 Cantico-

1453 955 1527 1004 rum
1551 935 1652 1022 primo
1664 937 1698 1004 6:
1717 961 1734 996 α
1751 935 1834 1004 Recti
1858 935 1993 1022 diligunt
2008 941 2037 1002 te
2052 959 2081 1016 »;
2103 937 2152 1004 uel
2169 933 2342 1004 secundum
2360 953 2410 1002 re-

1452 1043 1558 1128 gulam
1583 1043 1753 1128 sapientiae
1767 1043 1891 1122 dixisti,
1919 1041 2091 1110 secundum
2120 1043 2197 1110 illud
2224 1041 2410 1108 Proverbia-

1452 1165 1525 1214 rum
1550 1151 1677 1214 octavo:
1707 1147 1815 1214 «lusti
1837 1153 1911 1214 sunt
1935 1165 2043 1216 omnes
2066 1143 2227 1214 sermones
2258 1147 2321 1226 tui,
2345 1165 2409 1214 non

1452 1259 1501 1320 θεῖ
1522 1253 1554 1320 in
1578 1253 1624 1322 eis
1647 1271 1780 1340 pravum
1798 1253 1875 1340 quid
1890 1273 1993 1342 neque
2015 1271 2215 1340 perversum,
2241 1253 2318 1322 recti
2333 1259 2409 1320 sunt

1451 1359 1698 1446 intelligentibus
1730 1367 1763 1426 θῖ
1798 1361 1900 1446 aequi
1931 1361 2160 1430 invenientibus
2199 1361 2361 1428 scientiam
2377 1385 2407 1426 u.

1452 1463 1850 1550 *sanatusconsultum
1882 1469 2022 1554 regulam
2055 1467 2253 1536 rectitudinis
2286 1471 2334 1532 est
2364 1465 2410 1532 ri·
2430 1481 2560 1530 roratum.

1453 1573 1604 1652 rendum,
1631 1571 1699 1658 ideo
1721 1571 1844 1640 subdit:
1870 1573 1940 1642 Hoc
1960 1573 2037 1660 fac,
2063 1583 2089 1642 et
2118 1577 2222 1656 ciues,
2247 1575 2337 1660 quia,
2363 1591 2410 1640 se-

1453 1679 1592 1746 cundnm
1621 1679 1699 1744 illud
1729 1677 1992 1762 lacobiprimol,
2019 1679 2174 1766 «siquis
2203 1689 2252 1748 est
2285 1679 2409 1746 auditor

1453 1783 1542 1851 uerbi
1568 1787 1596 1850 et
1613 1801 1676 1850 non
1700 1781 1830 1850 lactor»
1859 1787 1916 1850 etc.
1929 1809 1937 1864 ;
1960 1785 2054 1850 etad
2077 1785 2229 1854 Romanos
2253 1785 2408 1852 secundo:

1459 1891 1557 1958 «Nou
1580 1889 1740 1956 auditores
1774 1887 1850 1976 legis
1882 1889 1955 1956 iusti
1988 1895 2062 1958 sunt
2090 1891 2176 1976 apud
2204 1891 2324 1970 Deum,
2357 1891 2409 1958 sed

1452 1997 1586 2064 lectores
1608 1997 1687 2082 legis
1709 1995 1965 2064 iustificabuntur
1981 2023 2013 2062 ».
2036 1997 2074 2062 Et
2096 2015 2171 2064 vere
2198 1997 2304 2076 uices,
2335 1997 2411 2080 quia

1453 2101 1490 2168 ad
1515 2107 1674 2168 aeternam
1698 2101 1792 2168 uitam
1818 2105 1999 2188 perrenies3
2021 2103 2097 2188 quia
2120 2101 2266 2170 llatthaei
2289 2101 2410 2168 decimo

1453 2207 1578 2276 nono³:
1606 2235 1623 2268 (ι
1637 2209 1668 2274 Si
1695 2207 1742 2276 ris
1764 2209 1803 2276 ad
1827 2209 1921 2278 uitam
1946 2209 2081 2296 ingredi,
2105 2227 2197 2278 serua
2218 2207 2408 2288 mandatam

1453 2317 1536 2384 unde
1561 2317 1683 2384 loannis
1712 2315 1833 2384 decimo
1865 2319 1973 2386 tertio:
2005 2317 2067 2384 tSi
2090 2317 2169 2384 baec
2195 2315 2299 2394 scitis,
2327 2313 2410 2382 beati

1454 2423 1556 2504 eritis
1580 2423 1605 2492 si
1631 2423 1766 2492 feceritis
1788 2443 1868 2492 ea».

1542 2531 1593 2596 al.
1621 2531 1721 2612 (Vers.
1748 2531 1824 2612 43).
1849 2531 1967 2616 Quarto
1992 2533 2144 2614 quantum
2168 2529 2207 2594 ad
2232 2525 2409 2612 inoestipa-
2424 2543 2535 2600 Quartum.

1454 2635 1574 2702 tionent
1606 2637 1758 2728 ueritatis
1779 2637 1983 2722 approbatae
2018 2633 2181 2702 subditur:
2205 2635 2262 2700 tlte
2285 2639 2409 2712 anteat,

1452 2741 1563 2808 nolens
1584 2741 1818 2824 iustificatam
1832 2741 1959 2826 ipstnn,
1975 2741 2008 2806 id
2022 2747 2070 2808 est
2092 2741 2211 2806 iustum
2236 2737 2410 2816 ostendere,

1458 2873 1473 2904 ιι
1486 2847 1573 2932 quia,
1583 2853 1621 2912 ut
1633 2847 1707 2912 dicit
1719 2845 1948 2912 Interiinenris
1959 2845 1984 2924 ⁹,
1998 2845 2130 2930 putabat
2140 2863 2202 2910 non
2213 2849 2286 2908 ante
2299 2843 2411 2924 Deum,

1454 2953 1508 3018 sed
1530 2959 1602 3018 ante
1626 2951 1783 3020 honrinem
1814 2969 1846 3020 se
1872 2957 1954 3020 stare
1970 2977 2003 3030 s,
2026 2951 2200 3018 secundum
2222 2949 2303 3016 illud
2329 2947 2411 3016 intra
2497 2957 2499 2966 ⁴

1453 3055 1574 3122 decimo
1596 3061 1706 3124 sexto:
1727 3083 1752 3114 ¹<t
1767 3055 1829 3122 Vos
1851 3057 1945 3136 estis,
1960 3057 2016 3140 qui
2030 3055 2207 3122 instituatis
2231 3073 2286 3122 vos
2304 3073 2409 3122 coram

1454 3161 1651 3242 bominibus,
1676 3161 1760 3230 Deus
1781 3167 1889 3228 autem
1912 3161 2001 3228 norit
2021 3161 2268 3230 cordavestra»
2290 3167 2348 3226 etc.
2367 3197 2409 3210 --

1453 3265 1526 3344 Vel,
1550 3265 1659 3332 cobus
1694 3287 1726 3332 εθ
1757 3269 1869 3352 ipsam
1900 3267 2103 3354 iustificare,
2128 3269 2158 3334 id
2190 3267 2298 3334 estad
2321 3265 2411 3334 iusti·
2430 3283 2507 3330 nitar.

1453 3371 1527 3438 tiam
1550 3391 1758 3458 praeparare;
1774 3373 1860 3458 quod
1883 3375 1917 3440 lit
1934 3391 1990 3460 per
2012 3375 2105 3442 iidem
2123 3377 2152 3440 et
2177 3373 2411 3458 intelligentiam

1453 3477 1607 3556 ueritatis
1634 3479 1805 3544 secundum
1830 3479 1907 3545 illud
1924 3479 1961 3546 ad
1978 3479 2296 3548 Romanosterti010:
2326 3503 2342 3536 a
2356 3479 2412 3572 dr7

1453 3581 1609 3650 bitramur
1634 3591 1755 3664 autem,
1778 3585 1938 3652 bominem
1961 3587 2124 3654 iustificari
2147 3605 2204 3670 per
2228 3585 2322 3652 fidem
2345 3585 2412 3650 sine

1454 3689 1602 3774 operibns
1627 3689 1714 3776 Legis
1730 3715 1762 3770 ε,
1785 3689 1873 3770 ideo,
1897 3697 1935 3758 ut
1960 3693 2127 3760 ueritatem
2150 3693 2298 3758 traditam
2321 3691 2412 3758 intel-

1454 3795 1540 3880 ligat,
1567 3797 1710 3882 requirit.
1734 3833 1777 3844 -·-
1802 3797 2040 3884 propterquod
2064 3797 2224 3866 subditur:
2250 3797 2343 3864 btatr
2367 3797 2413 3864 ad

1454 3903 1583 3968 lesam:
1608 3905 1650 3968 Et
1671 3903 1749 3990 qais
1770 3911 1819 3970 est
1840 3923 1934 3970 inens
1953 3905 2156 3990 promimus?
2181 3911 2216 3972 ut
2240 3903 2409 3988 intelligam

1454 4007 1654 4088 plaudatum,
1679 4007 1853 4076 secundum
1877 4009 1955 4076 illud
1977 4011 2259 4078 csoedectmo11:
2289 4037 2306 4070 «
2321 4011 2412 4076 Tem-

1454 4133 1515 4200 pus
1537 4115 1718 4202 requirendi
1744 4115 1930 4196 Dominum,
1954 4133 2025 4184 cum
2050 4117 2172 4184 venerit
2202 4115 2258 4204 qui
2288 4115 2411 4184 docebit

1454 4241 1511 4288 vos
1532 4221 1686 4290 iustitiam
1703 4249 1732 4288 s.
1759 4223 1828 4290 ldeo
1844 4223 1967 4308 quaerit
1997 4226 2033 4292 de
2054 4225 2209 4312 prosimu
2234 4223 2410 4310 diligenter,
2431 4239 2511 4282 sensns
2525 4251 2577 4296 qa·

2432 4293 2520 4348 druplex
2542 4305 2578 4336 ro·

1455 4329 1529 4414 quia
1552 4331 1584 4394 in
1620 4331 1782 4414 Scriptura
1818 4331 1934 4396 dicitur
1957 4331 2191 4420 multipliciter,
2219 4331 2337 4400 scilicet
2361 4349 2412 4396 ro-
2447 4345 2564 4442 affigat·

1453 4437 1629 4524 pactione,
1652 4437 1827 4504 secuudum
1842 4437 1921 4502 illud
1945 4439 2056 4508 Psalmi
2071 4439 2115 4506 1²:
2143 4439 2270 4506 «amici
2297 4437 2358 4504 mei
2381 4445 2412 4506 θῖ

1455 4541 1593 4628 proximi
1617 4543 1678 4610 mei
1712 4543 1881 4612 aduersum
1904 4541 1963 4612 me'
1977 4547 2274 4634 appropinquarunt
2297 4551 2328 4612 et
2350 4553 2413 4612 ste·
2472 4601 2473 4604 ,

1455 4655 1565 4716 terunt
1580 4673 1610 4730 »;
1636 4655 1665 4718 θῖ
1691 4667 1822 4718 rursus:
1851 4675 1868 4710 c<
1885 4651 1978 4734 Quasi
1997 4655 2179 4738 proximum
2196 4659 2227 4720 et
2245 4651 2333 4736 quasi
2349 4651 2414 4718 fra-

1456 4761 1536 4822 trem
1570 4763 1731 4836 nostrum,
1764 4757 1809 4824 sic
1840 4759 2070 4840 complacebam
2085 4785 2102 4818 »
2136 4765 2195 4826 etc.
2228 4757 2414 4844 deligant:

1457 4861 1660 4928 Ecclesiastici
1677 4861 1797 4928 decimo
1814 4863 1924 4948 quinto
1939 4865 1982 4928 1³:
2012 4889 2027 4922 «
2045 4863 2201 4930 Eualtabit
2222 4865 2314 4930 illum
2328 4863 2412 4948 apud

1456 4967 1619 5052 proximos
1643 4985 1760 5034 suos».
1786 4967 2019 5052 Compussione
2042 4969 2107 5036 sire
2131 4967 2273 5036 beneficii
2290 4965 2415 5034 exhibi-

1456 5075 1554 5150 tione,
1578 5071 1752 5139 secuudnm
1775 5071 1860 5156 quod
1884 5071 1965 5138 intra
1997 5075 2123 5140 eodem:
2152 5075 2261 5156 «Quis
2284 5073 2339 5140 tibi
2369 5075 2415 5142 ri·
2493 5161 2495 5164 Ι

1455 5177 1548 5242 detur
1573 5175 1739 5260 proximus
1762 5175 1857 5242 luisse
1882 5175 1908 5242 ei
1934 5175 1987 5264 qui
2012 5177 2121 5246 incidit
2141 5177 2174 5244 in
2197 5179 2355 5244 latrones?
2378 5179 2415 5246 At

1456 5281 1629 5348 illedixit:
1653 5281 1713 5366 Qui
1749 5281 1822 5348 lecit
1855 5281 2102 5352 misericordiam
2126 5303 2198 5352 curn
2220 5285 2274 5356 illo
2289 5309 2321 5348 s.
2345 5283 2416 5352 Na-

1457 5387 1564 5454 tnrali
1596 5385 1855 5466 assimilatione,
1892 5389 2067 5456 secundum
2098 5389 2178 5482 illud
2210 5389 2416 5468 tactastasmn

1527 5691 1539 5724 ⁵
1561 5697 1635 5750 Vers.
1653 5695 1679 5748 3.
1697 5723 1732 5734 —
1752 5693 1869 5748 Subinde
1893 5697 2019 5762 allegatur
2036 5699 2113 5750 Pror.
2134 5699 2160 5762 8,
2183 5699 2205 5748 8.
2225 5711 2290 5762 seq,
2309 5693 2353 5746 nbi
2367 5711 2417 5762 pro

1457 5797 1593 5840 sermones
1612 5783 1654 5838 tui
1672 5785 1782 5852 Vulgata
1801 5791 1827 5838 et
1844 5787 1902 5840 Vat.
1921 5801 2060 5842 sermones
2072 5785 2131 5840 mei.
2144 5813 2180 5824 -
2194 5785 2320 5852 Superius
2332 5783 2351 5838 C
2364 5787 2416 5838 llll

1457 5871 1581 5924 omittunt
1598 5867 1775 5924 rectitudinis.

1528 5955 1537 5986 ²
1560 5959 1636 6012 Vers.
1653 5961 1703 6024 43,
1721 5965 1780 6024 post
1799 5973 1881 6026 quem
1899 5961 1974 6014 Rorn.
1995 5963 2025 6026 4,
2045 5963 2087 6014 43.

1528 6041 1539 6074 ⁸
1558 6047 1633 6100 Vers.
1655 6047 1704 6112 47,
1722 6047 1767 6100 cui
1784 6047 1953 6112 subiungitur
1971 6051 2040 6102 loen.
2062 6049 2108 6116 43,
2129 6049 2170 6102 47.

1527 6131 1539 6162 ⁹
1559 6137 1587 6188 ln
1604 6135 1666 6188 Luc.
1689 6135 1735 6202 46,
1757 6137 1788 6188 43
1798 6157 1806 6200 ;
1825 6143 1924 6202 postsa
1937 6139 2011 6194 stara
2027 6137 2115 6192 addit:
2136 6151 2211 6190 «nee
2225 6137 2322 6204 ipsum,
2334 6149 2417 6200 quern

1457 6225 1608 6290 lllagistrum
1619 6233 1705 6290 uocat,
1717 6227 1868 6290 proximum
1881 6227 2006 6290 cognovit
2018 6247 2043 6278 t.
2056 6255 2091 6266 -
2105 6227 2227 6294 Sequitur
2240 6227 2304 6278 Luc.
2318 6221 2359 6288 46,
2375 6223 2417 6276 46.

1529 6311 1551 6344 ²⁰
1572 6317 1646 6368 vers.
1658 6317 1703 6368 48.
1720 6345 1756 6356 -
1774 6317 1883 6370 lotarius
1900 6329 1950 6380 pro
1968 6315 2100 6372 lucidam
2121 6317 2180 6370 vat.
2198 6311 2337 6368 creditam.

1529 6401 1551 6432 ²1
1572 6405 1654 6458 vers.
1666 6407 1676 6454 4
1685 6407 1710 6456 4.
1721 6431 1757 6442 -
1769 6405 1860 6456 Glossa
1874 6403 2055 6458 ordinariam
2068 6407 2131 6458 Luc.
2144 6404 2191 6468 46,
2204 6403 2252 6452 49ι
2264 6399 2346 6452 Nemo
2359 6413 2418 6464 pro·

1457 6491 1551 6546 simler
1571 6493 1668 6546 bomini
1689 6505 1768 6560 quarn
1788 6495 1884 6552 Deus..
1902 6495 1950 6548 sed
1968 6493 2056 6548 curnis
2075 6491 2223 6546 incredulus
2244 6487 2284 6542 vel
2306 6493 2418 6542 tentator

1458 6595 1509 6636 nec
1526 6583 1609 6636 Deum
1630 6595 1679 6636 nec
1698 6581 1832 6636 bominem
1850 6585 2001 6648 proximum
2020 6581 2108 6636 babet.

1530 6669 1552 6700 1²
1572 6675 1665 6726 Psalm.
1685 6671 1732 6738 37,
1755 6673 1800 6740 44,
1820 6679 1975 6740 postquem
1997 6675 2035 6726 Ρε.
2057 6671 2105 6734 34,
2126 6669 2167 6722 44.

1487 6771 1488 6776 ’
1529 6755 1553 6788 ²³
1573 6761 1647 6814 Vers.
1666 6761 1739 6814 4.-
1753 6755 1810 6812 Duo
1828 6773 1901 6828 seqq.
1921 6759 1970 6812 loci
1984 6765 2044 6812 sunt
2064 6761 2125 6812 Luc.
2140 6757 2187 6822 46,
2201 6757 2244 6810 36.
2256 6771 2314 6824 seq.
2327 6755 2418 6824 (codd.

1458 6851 1583 6904 omittunt
1600 6851 1637 6902 At
1653 6847 1700 6902 itte
1717 6847 1800 6912 amu)
1820 6857 1843 6900 et
1863 6849 1939 6900 Eccll.
1960 6847 2009 6912 l3,
2028 6847 2072 6898 49.
