5900 8266
1082 475 1275 544 compium.
1298 475 1338 544 ΙΝ
1358 469 1599 544 diluentium
1621 469 1738 538 cbctb
1764 471 1793 538 C.
1820 473 1918 544 xxul

509 655 669 736 quaerunt
702 667 848 732 causam,
883 657 936 732 nt,
974 653 998 718 si
1033 653 1093 718 boo
1126 657 1265 732 asserat,
1296 653 1468 738 reprobent

509 771 583 820 eum
613 761 763 840 tanquam
794 757 1032 842 blasphemum,
1062 751 1236 822 secundum
1268 757 1346 824 illud
1380 759 1467 824 loan-

508 861 557 928 nis
581 859 729 946 quinto1:
753 861 1027 948 persequebantur
1041 859 1147 928 ludaei
1164 861 1276 940 lesum,
1298 887 1314 920 <t
1331 881 1394 928 non
1416 879 1467 928 so·

509 967 596 1048 lum,
626 967 702 1054 quia
733 967 871 1036 solvebat
908 965 1077 1036 Sabbatum
1100 993 1133 1048 s,
1163 967 1219 1034 sed
1245 967 1356 1048 etiam,
1394 967 1467 1052 quia

515 1075 674 1144 «Patrem
692 1093 786 1142 suum
809 1075 932 1142 dicebat
956 1075 1074 1154 Deum,
1097 1075 1261 1160 aequalem
1286 1091 1320 1140 se
1348 1075 1467 1140 iaciens

315 1219 318 1226 ι
410 1249 414 1258 ,
508 1183 573 1248 Deo
591 1207 618 1246 s.
646 1181 797 1264 Quoniam
821 1177 918 1264 igitur
943 1179 993 1246 bie
1010 1203 1011 1206 ¹
1029 1197 1142 1246 verum
1164 1177 1410 1258 concludebant,
1435 1185 1466 1246 θῖ

358 1299 488 1354 Notandum·
509 1293 613 1354 tamen
637 1285 750 1352 falsum
775 1283 902 1352 evidens
924 1285 1131 1370 reputabant;
1155 1285 1224 1352 ideo
1248 1285 1393 1352 Christus
1407 1303 1466 1352 nec

509 1393 636 1462 omnino
668 1391 830 1458 asserebat
857 1409 916 1460 nec
948 1391 1075 1458 omnino
1104 1391 1254 1478 negabat,
1277 1393 1332 1458 sed
1362 1391 1465 1458 medic

509 1499 601 1566 modo
624 1495 842 1582 respondebat.
860 1533 903 1546 —
926 1499 1057 1582 Propter
1082 1499 1165 1584 quod
1187 1497 1291 1566 addit:
1320 1499 1387 1582 Qui
1400 1497 1464 1564 uit:

516 1605 577 1670 Vos
599 1603 726 1682 dicitis,
750 1603 833 1690 quin
854 1621 911 1690 ego
933 1621 1020 1670 sum.
1043 1603 1132 1670 Unde
1146 1603 1294 1672 Glossal:
1326 1605 1400 1670 «lte
1415 1621 1465 1670 re-

509 1709 707 1796 sponsionem
722 1727 813 1792 suam
830 1715 1002 1796 temperat,
1019 1715 1053 1776 nt
1071 1711 1152 1778 dicat
1166 1729 1297 1788 rernm,
1315 1717 1344 1778 θῖ
1361 1727 1465 1778 sermo

510 1815 579 1884 eius
601 1813 777 1884 calumniae
800 1835 861 1882 non
886 1823 990 1904 pateat
1006 1845 1035 1882 s.
1067 1817 1152 1884 llnde
1171 1817 1293 1882 loannis
1322 1815 1464 1884 decimo3

509 1921 630 1990 ludaeis
652 1921 844 1992 dicentibus:
875 1951 891 1984 «
905 1925 951 1990 De
973 1923 1056 1990 bono
1079 1939 1173 2008 opere
1198 1941 1260 1990 non
1290 1921 1465 2008 lapidamus

510 2035 554 2108 te,
581 2029 634 2096 sed
656 2027 696 2096 de
718 2028 930 2112 blasphemia,
955 2031 985 2094 et
1007 2027 1082 2112 quia
1103 2033 1158 2106 lu,
1190 2029 1284 2094 bomo
1308 2047 1381 2096 enm
1404 2027 1464 2108 sis,

509 2135 584 2200 lacis
607 2133 764 2218 teipsum
787 2133 888 2200 Deum
904 2159 936 2212 a,
959 2133 1103 2200 Christus
1129 2133 1287 2218 respondit
1304 2151 1361 2218 per
1384 2133 1466 2200 Scri-

510 2245 656 2326 pturam:
686 2239 825 2306 «Nonne
847 2239 881 2304 in
902 2239 982 2326 Lege
1010 2239 1291 2324 restrascriptum
1318 2245 1380 2306 est:
1402 2239 1465 2326 Ego

509 2345 593 2412 dixi:
618 2343 666 2410 Dii
690 2345 788 2414 estis?
813 2343 843 2412 Si
871 2347 942 2412 illos
970 2345 1053 2411 dixit
1076 2345 1165 2424 deos,
1192 2343 1229 2410 ad
1255 2363 1334 2430 quos
1362 2363 1465 2414 sermo

510 2451 566 2520 Dei
587 2449 690 2518 iactus
723 2461 787 2532 est;
813 2471 869 2520 vos
902 2451 1019 2530 dicitis,
1052 2451 1128 2536 quia
1156 2451 1360 2536 blasphemo,
1391 2453 1466 2536 quia

509 2557 593 2626 dixi:
618 2557 713 2626 Filius
735 2557 791 2626 Dei
815 2545 886 2626 dum
902 2565 942 2624 »ῖ
963 2557 1050 2624 Unde
1081 2557 1162 2624 sicut
1197 2557 1240 2624 ibi
1274 2575 1386 2624 eorum
1416 2575 1466 2626 re-

409 2691 493 2776 igel-
510 2665 626 2754 pressit
647 2665 801 2734 insaniam
824 2665 1025 2752 responsione
1049 2665 1211 2750 prudenti,
1237 2665 1278 2732 ita
1295 2671 1326 2732 et
1347 2665 1416 2746 hic;
1435 2665 1466 2730 in

436 2749 456 2782 ⁰'
511 2791 575 2860 quo
596 2773 703 2840 erudit
736 2791 792 2842 nos
827 2773 991 2852 Christus,
1013 2773 1106 2838 iuxta
1140 2771 1218 2838 illud
1249 2773 1393 2840 llattbaei
1419 2791 1466 2842 εθ-

494 2879 606 2964 ptimo
619 2883 649 2944 4:
680 2881 811 2948 «Nolite
833 2885 976 2946 sanctum
1000 2879 1075 2944 dare
1097 2879 1244 2958 canibus,
1266 2897 1371 2964 neque
1393 2889 1467 2962 prb-

508 2983 602 3050 iicere
626 2985 812 3070 margaritas
833 2992 904 3052 ante
929 3001 1041 3070 porcos
1058 3011 1086 3050 s.
1112 2983 1205 3064 Nam,
1223 2985 1465 3054 Proverbiornm

346 2653 405 2722 Md

395 2733 408 2776 d

509 3107 609 3168 nono,
638 3113 653 3146 α
668 3089 724 3174 qui
750 3089 854 3158 erudit
877 3091 1065 3172 derisorem,
1082 3091 1149 3184 ipse
1163 3091 1224 3178 sibi
1249 3091 1397 3158 iniuriam
1422 3091 1480 3158 fa·

510 3193 594 3274 cit»;
612 3199 747 3278 etpost:
768 3221 784 3254 c<
801 3197 883 3262 Doce
905 3195 1040 3274 iustum,
1058 3203 1086 3262 θῖ
1103 3195 1262 3264 festinabit
1277 3197 1421 3282 accipere
1435 3223 1464 3262 ».

508 3299 594 3366 Unde
618 3315 708 3386 caeco
737 3299 912 3366 illuminato
935 3299 1142 3392 quaerendi:
1173 3301 1276 3384 «Quis
1302 3307 1348 3368 est
1371 3301 1466 3366 Filius

509 3405 579 3484 bei,
616 3409 651 3470 ut
680 3403 806 3472 credam
839 3403 873 3470 in
902 3421 977 3470 eum
992 3409 1029 3468 »t
1058 3403 1233 3488 respondit:
1262 3405 1331 3470 «Et
1362 3403 1464 3472 vidisti

509 3527 597 3588 eum,
623 3511 730 3594 etqui
762 3509 903 3594 loquitur
937 3513 1059 3590 tecum,
1082 3509 1149 3594 ipse
1174 3495 1221 3576 est
1237 3535 1266 3590 »3
1292 3515 1322 3576 θῖ
1345 3509 1467 3576 ioannis

510 3621 626 3700 quarto
648 3613 862 3682 Samaritanae
894 3613 1026 3694 dicenti,
1044 3659 1045 3662 ,
1061 3615 1143 3700 quod
1178 3615 1304 3682 blessias
1325 3615 1465 3696 reniret,

406 3721 410 3730 '
464 3803 465 3808 Ἰ
510 3719 689 3804 respondit:
719 3747 736 3780 «
752 3721 813 3806 Ego
836 3739 927 3802 sum,
950 3721 1005 3806 qui
1029 3721 1142 3806 loquor
1167 3727 1272 3790 lecum
1290 3749 1319 3788 u.

553 3823 554 3826 ’
599 3827 651 3892 84.
678 3827 777 3906 (Vers.
805 3827 880 3910 74).
905 3829 1024 3912 Quarto
1056 3833 1209 3912 quantum
1241 3827 1280 3896 ad
1310 3827 1467 3916 maligni-

343 3949 496 4048 tqeeqfiqqggn·
510 3937 609 4000 tutent
632 3931 669 4000 tic
691 3931 917 4000 sententiando
940 3933 1121 4018 subiungit:
1145 3937 1189 4000 At
1218 3935 1268 4002 illi
1290 3935 1466 4000 dicerunt:

471 4033 477 4044 '
512 4039 600 4120 Quid
617 4037 728 4106 adbuc
744 4039 973 4106 desideremus·
995 4039 1242 4109 testimoninm?
1258 4041 1330 4126 Ipsi
1354 4039 1466 4108 endo6

490 4145 704 4210 exaudivimus
727 4147 764 4212 de
788 4165 844 4212 ore
866 4147 946 4234 eins.
973 4147 1018 4210 Ex
1042 4157 1107 4230 'quo
1123 4153 1253 4232 apparet
1268 4165 1378 4214 eorum
1395 4165 1468 4232 per-

509 4251 660 4332 versitaS,
683 4251 757 4338 quia
782 4251 864 4318 mala
893 4251 1065 4320 intentione
1089 4253 1297 4338 quaerebant,
1324 4251 1470 4320 videlicet

2422 483 2484 550 565

1535 675 1551 708 (ι
1565 655 1599 718 nl
1631 655 1779 734 caperent
1812 667 1887 716 eum
1919 649 1953 718 in
1982 671 2128 722 sermone
2143 681 2172 720 l.
2205 647 2340 742 Apparet
2373 659 2484 738 etiam,

1532 757 1616 842 quod
1651 755 1842 842 perversitas
1877 757 2046 824 voluntatis
2081 761 2281 844 pervertebat
2317 763 2484 842 iudicium,

1530 865 1605 946 quia
1629 863 1713 948 quod
1735 861 1882 928 Christus
1904 863 2037 930 dicmur
2061 863 2157 930 dublo
2181 865 2356 950 arguebant
2380 867 2484 952 ipsum

1530 969 1722 1036 asseruisse.
1748 971 1783 1038 Et
1808 967 1851 1038 sic
1876 969 2058 1036 verificatur
2091 969 2170 1036 illud
2194 969 2396 1038 Ecclesiastici
2427 991 2486 1038 un-

1530 1075 1650 1144 decimo
1662 1077 1694 1144 ⁷:
1722 1103 1738 1136 o
1755 1077 1869 1144 Multae
1892 1081 1966 1144 sunt
1988 1075 2118 1142 insidiae
2134 1073 2241 1142 dolosi.
2259 1075 2340 1142 Bona
2356 1075 2388 1142 in
2403 1077 2486 1142 nrala

1529 1169 1731 1262 convertens
1757 1183 1922 1250 insidiatur
1946 1185 1976 1250 et
2000 1181 2030 1246 in
2057 1179 2160 1258 electis
2176 1185 2270 1264 ponet
2286 1181 2484 1250 maculam».

1529 1285 1591 1354 lloc
1613 1293 1718 1354 autem
1744 1289 1829 1374 quod
1862 1287 2023 1366 innuerat,
2048 1303 2082 1354 εθ
2112 1285 2223 1354 Filium
2248 1285 2303 1352 Dei
2326 1303 2410 1364 esse,
2437 1303 2487 1354 re-

1529 1393 1684 1476 putabant
1705 1393 1946 1480 blasphemiam,
1969 1399 2003 1462 θῖ
2015 1393 2085 1460 ideo
2100 1397 2250 1476 tanquam
2266 1391 2486 1474 blasphemum

1529 1498 1717 1582 reputabant
1741 1499 1833 1566 etiam
1857 1505 1958 1566 morte
1982 1499 2131 1584 diguum;
2147 1497 2231 1564 unde
2255 1495 2348 1564 Marci
2364 1495 2485 1564 decimo

1528 1603 1686 1688 quartoss:
1715 1629 1731 1662 t<
1748 1607 1896 1672 Summus
1919 1609 2025 1670 autem
2048 1603 2207 1684 sacerdos,
2224 1603 2369 1672 scindens
2391 1603 2487 1670 vesti-

1527 1715 1635 1776 menta
1649 1729 1721 1788 sua,
1738 1711 1798 1776 ait:
1817 1711 1896 1794 Quid
1910 1711 2015 1776 adhoc
2029 1711 2245 1778 desideramus
2261 1715 2378 1778 testes?
2393 1707 2487 1776 dudi-

1529 1813 1585 1880 stis
1609 1813 1853 1900 blasphemiam,
1879 1813 1955 1898 qnid
1977 1813 2067 1882 vobis
2089 1815 2214 1882 videtur
2230 1821 2266 1882 »t
2291 1815 2326 1882 El
2350 1821 2427 1882 tune
2441 1813 2486 1880 ibi

1529 1919 1695 2000 subditur,
1718 1919 1805 2004 quod
1832 1925 2035 2002 «coeperunt
2060 1921 2187 2002 quidam
2209 1939 2385 2008 conspuere
2413 1939 2487 1990 eum

1529 2031 1563 2092 θῖ
1583 2027 1691 2092 velare
1722 2021 1833 2090 faciem
1870 2023 1938 2092 eins
1966 2029 1999 2090 θῖ
2020 2023 2160 2106 colaphis
2195 2043 2267 2094 eum
2308 2027 2484 2094 caedere».

1530 2167 1573 2180 -
1585 2131 1634 2196 Ex
1648 2147 1712 2214 qno
1729 2135 1830 2214 potest
1847 2127 1966 2212 colligi,
1985 2127 2070 2212 quod
2084 2127 2133 2194 bis
2147 2127 2253 2196 illusio
2268 2131 2328 2198 isla
2342 2129 2425 2198 facta
2439 2137 2488 2200 θεῖ
2503 2147 2541 2194 ms
2555 2149 2651 2214 sperno

1529 2237 1574 2314 ei,
1597 2235 1714 2302 scilicet
1739 2239 1768 2302 θῖ
1792 2235 1829 2302 6θ
1853 2239 1944 2300 nocte
1966 2237 1999 2300 θῖ
2019 2233 2061 2300 6θ
2081 2233 2140 2300 die.
2173 2235 2256 2302 Unde
2288 2235 2409 2304 loannis
2432 2237 2487 2304 de·
2519 2203 2622 2248 cm

1530 2339 2039 2424 elementorumque
2069 2339 2211 2406 minister
2242 2341 2325 2407 dedit
2360 2341 2388 2408 ei
2423 2341 2487 2410 ala-

1529 2467 1602 2534 pam
1626 2449 1657 2514 in
1682 2447 1773 2514 domo
1789 2449 1911 2526 Annae3·
1925 2453 1955 2516 θῖ
1970 2447 2022 2514 alii
2039 2447 2251 2530 Evangelistae
2266 2447 2385 2526 dicunt,
2402 2447 2486 2534 quod
2555 2537 2556 2540 Ἴ

1529 2557 1642 2622 illusus
1666 2553 1725 2620 luit
1748 2555 1778 2620 in
1805 2555 1894 2622 domo
1919 2553 2070 2642 Caiphae,
2094 2555 2137 2622 ila
2161 2561 2196 2620 ut
2212 2553 2392 2622 verificetur
2408 2553 2487 2620 illud

1529 2649 1679 2728 Ieremiae
1712 2659 1863 2746 vigesimo
1874 2659 1920 2726 1⁰:
1947 2661 2087 2728 «raetos
2111 2677 2181 2728 sum
2202 2661 2237 2728 in
2258 2659 2399 2732 derisum
2424 2667 2487 2728 tota

1529 2769 1598 2848 die,
1622 2785 1732 2836 omnes
1754 2767 1948 2836 subsannant
1972 2785 2039 2850 me3
2063 2767 2137 2854 quia
2163 2767 2224 2836 iam
2248 2767 2321 2836 olim
2357 2769 2485 2854 loquor,

1530 2875 1704 2944 vociferans
1736 2875 1949 2962 iniquitatem,
1983 2879 2013 2942 θῖ
2045 2875 2222 2944 uastitatem
2252 2875 2424 2942 clamito».
2449 2875 2487 2942 Et

1531 2983 1602 3048 idco
1625 2999 1710 3048 nunc
1736 2981 1898 3066 impletum
1922 2987 1968 3048 est
1991 2981 2068 3048 illud
2093 2981 2177 3066 quod
2207 2981 2366 3066 praedixit
2389 2997 2485 3066 supra
2556 2979 2559 2984 '

1530 3109 1626 3156 nono:
1656 3115 1673 3148 <c
1689 3087 1838 3174 Oportet,
1859 3087 1969 3156 Filium
1986 3087 2121 3160 bominis
2135 3090 2236 3155 multa
2250 3087 2314 3172 pati
2330 3093 2362 3156 θῖ
2377 3105 2487 3174 repro-

1529 3195 1599 3262 bari
1622 3213 1640 3262 a
1665 3195 1840 3262 senioribus
1863 3199 1893 3262 et
1918 3193 2112 3280 principibus
2133 3195 2333 3264 sacerdotnm
2355 3199 2385 3262 et
2410 3193 2486 3262 scri-

1529 3301 1578 3370 bis
1595 3327 1625 3366 ».
1649 3301 1737 3366 Unde
1758 3305 1792 3366 θῖ
1813 3301 1846 3366 in
1869 3319 2003 3384 persona
2019 3319 2130 3370 eorum
2151 3301 2267 3368 dicitur
2291 3301 2369 3368 illud
2392 3301 2486 3370 Isaiae

1530 3405 1964 3492 quinquagesinolertio11:
1994 3405 2279 3474 «Desideravimns
2304 3407 2486 3490 despectum
2541 3439 2543 3444 v

1531 3529 1605 3578 eum
1638 3515 1671 3576 et
1703 3511 1911 3576 novissimum
1945 3511 2104 3592 virorum,
2135 3511 2241 3580 virum
2276 3511 2421 3578 dolorum
2456 3519 2487 3580 θῖ

1530 3613 1679 3682 scientem
1708 3613 1939 3694 infirmitatem;
1964 3621 1995 3682 et
2018 3617 2108 3702 quasi
2142 3617 2345 3684 absconditus
2379 3619 2486 3686 vultus

1530 3719 1599 3788 eius
1621 3727 1653 3786 et
1682 3719 1863 3804 despectus,
1892 3721 1977 3788 uude
2003 3739 2064 3788 neo
2093 3719 2309 3806 reputavimus
2341 3739 2424 3788 curn.
2450 3721 2487 3790 Et

1530 3845 1587 3892 nos
1610 3825 1794 3910 putarimus
1816 3845 1890 3894 eum
1915 3827 2003 3912 quasi
2030 3829 2188 3912 leprosum
2213 3831 2243 3894 θῖ
2266 3843 2487 3912 percussuma

1530 3933 1596 4000 Deo
1617 3927 1872 4001 attaminatum
1889 3961 1920 4000 θ.
1944 3935 1978 4000 ln
2001 3933 2094 4000 euius
2108 3933 2213 4018 ligura
2227 3931 2343 4000 dicitur
2358 3931 2487 4000 secundi
2511 3949 2598 4006 riusa.

1531 4041 1650 4124 Regum
1666 4045 1755 4106 sexto
1769 4039 1806 4120 1²,
1824 4039 1910 4126 quod
1928 4063 1944 4098 «
1962 4039 2092 4120 Michol,
2108 4039 2172 4106 iilia
2188 4039 2280 4120 Saul,
2296 4039 2416 4124 sprevil
2429 4039 2487 4106 Da·

1533 4143 1583 4212 vid
1607 4145 1821 4212 subsilientem
1835 4169 1866 4224 »3
1891 4145 1934 4212 sio
1958 4153 1989 4212 et
2013 4163 2169 4230 synagoga
2190 4145 2352 4214 Christum
2366 4145 2485 4230 patien-

1532 4257 1613 4330 tem,
1637 4255 1669 4318 et
1690 4249 1759 4318 ideo
1783 4251 1920 4336 perdidit
1940 4251 2062 4336 prolem
2088 4257 2118 4318 θῖ
2142 4249 2357 4324 hereditatem.

1367 4513 1551 4600 Carrrucnu
1574 4507 1674 4580 Xlllll.

653 4783 696 4854 De
721 4781 918 4854 accusatione
939 4779 1057 4852 Christi
1082 4779 1234 4852 dicuntur
1256 4781 1326 4852 duo.

603 5001 629 5064 l.
657 5001 697 5066 Εῖ
719 5017 859 5086 scurpeus
875 4997 984 5062 orn-nis
997 4995 1175 5062 mrllit'tudo
1190 5013 1306 5062 eorum
1322 4999 1380 5062 etc.
1399 4993 1470 5062 Post

509 5103 698 5190 descriptam
731 5103 1041 5190 comprehensionem
1065 5107 1098 5202 θῖ
1127 5101 1305 5169 illusionem
1331 5099 1381 5166 bic
1406 5107 1470 5166 ter-

582 5537 747 5592 ¹deb

582 5623 593 5656 ²
612 5627 714 5680 Scilicet
731 5627 874 5680 ordinaria
896 5613 935 5696 (ex
955 5627 1035 5694 Beda)
1056 5627 1083 5680 in
1101 5629 1163 5680 Luc.
1181 5625 1290 5700 abac.

583 5713 594 5744 ³
612 5715 688 5766 Vere.
708 5715 749 5766 33.
767 5720 795 5767 et
812 5715 911 5768 deinde
929 5717 972 5770 at.
990 5731 1056 5782 seq,
1076 5717 1101 5768 in
1118 5731 1172 5782 quo
1191 5717 1471 5782 allegorumena

409 5847 411 5852 .
511 5805 559 5874 Pro
579 5801 642 5872 quin
662 5801 814 5870 blasphemo
835 5803 894 5876 Vat.
914 5817 975 5856 cum
994 5803 1107 5868 Vulgata
1126 5803 1191 5872 quio
1211 5803 1390 5872 blasphemor.
1417 5803 1471 5858 Csr.

512 5895 538 5946 S.
555 5893 667 5958 Bonam,
686 5889 834 5944 Comment.
854 5891 879 5942 in
900 5895 969 5944 loen.
986 5905 1011 5944 e.
1032 5893 1072 5944 lb.
1092 5909 1116 5944 n.
1138 5891 1179 5944 44.
1200 5907 1275 5960 seqq.
1292 5899 1317 5944 θῖ
1337 5909 1362 5944 n.
1382 5893 1424 5944 56.

582 5979 594 6010 ⁴
613 5983 687 6034 vers.
708 5965 738 6042 θ’,
758 5983 803 6032 err.
823 5993 904 6042 supra
921 5995 982 6044 pag.
1014 5981 1080 6042 491,
1097 5988 1160 6034 nota
1178 5983 1205 6034 a.
1223 6007 1259 6022 .-
1278 5981 1395 6034 suumne
1412 5983 1470 6034 arie-

513 6075 607 6134 ganlnr
625 6071 703 6122 Prov.
722 6069 755 6130 6,
771 6067 796 6118 7.
815 6071 842 6118 θῖ
859 6067 885 6118 9.

584 6157 595 6188 ⁵
611 6161 681 6212 ioan.
701 6159 730 6220 9,
749 6157 794 6208 36.
818 6161 844 6208 θῖ
861 6155 909 6220 37,
927 6159 987 6220 post
1006 6169 1074 6222 qnos
1092 6157 1162 6208 ioan.
1181 6157 1213 6220 4,
1232 6157 1276 6208 25.
1294 6159 1322 6208 θῖ
1340 6155 1383 6208 26.

584 6243 696 6300 ⁶Corld.
716 6245 796 6298 acb
815 6243 937 6298 omittunt
956 6241 1034 6298 enirn.
1051 6271 1088 6282 —
1105 6243 1229 6310 Sequitur
1248 6245 1311 6296 Luc.
1330 6243 1378 6304 20,
1397 6243 1440 6296 20.

584 6331 594 6364 ⁷
614 6335 687 6386 Vers.
703 6336 744 6386 31.
764 6337 789 6386 θῖ
806 6333 855 6394 33,
875 6331 920 6384 ubi
940 6345 987 6398 pro
1007 6335 1087 6400 ponat
1104 6331 1150 6398 (ita
1162 6331 1201 6398 'Gt
1214 6331 1233 6384 C
1244 6331 1297 6382 ΒΗ
1306 6329 1398 6400 ponit,
1410 6331 1468 6382 Vel.
1487 6379 1488 6382 ,

512 6435 573 6474 cum
592 6421 705 6484 Vulgata
722 6419 848 6488 imponet.

584 6503 594 6534 '³
613 6507 688 6560 vers.
709 6507 752 6560 63.
771 6521 827 6574 seq.
846 6513 871 6562 θῖ
890 6507 985 6562 deinde
1004 6523 1030 6560 r.
1050 6507 1092 6558 65.
1440 6567 1442 6574 ¹

584 6589 750 6658 ⁹Vers.·92;
770 6597 816 6648 olr.
836 6611 860 6648 r.
884 6597 924 6650 43.
953 6603 976 6650 θῖ
1006 6595 1101 6662 24-
1120 6597 1207 6650 biattb.
1235 6595 1284 6660 26,
1314 6593 1355 6648 57.
1376 6597 1401 6646 et
1419 6593 1468 6658 673

513 6681 589 6734 blare.
611 6681 657 6746 44,
675 6683 719 6736 53.
740 6689 766 6736 θῖ
784 6683 818 6736 65
825 6703 832 6748 ;
851 6687 897 6738 cfr.
917 6689 944 6740 S.
965 6687 1071 6752 Bonas,
1089 6685 1235 6740 Comment.
1258 6685 1282 6738 in
1295 6685 1364 6738 ioan.
1384 6697 1405 6736 θ.
1427 6685 1469 6736 48.

397 6805 398 6808 ¹
513 6769 709 6824 mffifflffld
1135 6785 1136 6788 ’

1533 4779 1575 4846 lio
1589 4779 1623 4820 1³
1639 4779 1788 4848 describit
1817 4779 2070 4846 accusationem.
2096 4779 2132 4846 m
2161 4779 2309 4864 quoniam
2342 4777 2485 4850 Christus

1533 4891 1602 4954 erat
1622 4885 1656 4954 in
1678 4879 1848 4954 Ierusalem
1875 4893 1908 4954 θῖ
1938 4891 2014 4954 tunc
2044 4891 2174 4954 venerat
2204 4885 2241 4952 de
2267 4885 2383 4952 linibus
2405 4885 2485 4954 Gali-

1533 4993 1668 5074 laeae14,
1692 4993 1763 5060 ideo
1786 5011 1859 5078 pars
1883 4993 1941 5060 ista
1958 4993 2051 5060 babet
2067 4991 2155 5060 duas.
2177 4993 2210 5058 ln
2226 5009 2364 5078 quarum
2387 4993 2487 5078 prima
2507 5005 2595 5056 Divisio.

1533 5099 1638 5184 agitur
1660 5099 1699 5168 de
1715 5101 1911 5166 accusatione
1925 5097 2041 5166 Christi
2057 5117 2172 5166 corum
2194 5099 2321 5176 Pilato,
2343 5099 2486 5182 praeside

1604 5537 1628 5570 ¹⁰
1647 5539 1722 5592 Vers.
1739 5535 1766 5590 7.
1785 5553 1840 5606 seq.
1859 5567 1896 5580 -
1914 5535 2032 5590 Subinde
2049 5536 2177 5602 allegatur
2197 5539 2259 5590 Luc.
2279 5537 2306 5598 9,
2326 5535 2367 5588 22.

1604 5625 1626 5664 ¹¹
1648 5627 1723 5680 Vers.
1743 5625 1800 5692 24,
1820 5625 1866 5680 ubi
1886 5637 1933 5692 pro
1949 5623 2106 5692 putabimus
2126 5623 2175 5676 AC
2187 5623 2240 5676 bc
2258 5621 2442 5678 aestimamus.

1604 5713 1628 5746 ¹2
1648 5717 1720 5768 Vers.
1740 5715 1787 5778 46;
1806 5715 1869 5768 ibid.
1889 5729 1915 5766 v.
1935 5713 1982 5764 23:
1996 5711 2195 5778 igilurlllichol‚
2208 5713 2274 5764 tiliae
2286 5713 2362 5776 Saul,
2382 5727 2433 5766 non
2452 5719 2491 5768 θεῖ

1533 5809 1608 5856 uatus
1627 5805 1695 5856 filius
1713 5817 1796 5870 osque
1815 5803 1841 5856 in
1860 5803 1932 5856 diem
1952 5801 2040 5854 mortis
2060 5815 2132 5854 snae.
2150 5801 2241 5854 Glossa
2254 5799 2396 5854 ordinario
2414 5801 2443 5854 in
2459 5803 2489 5854 ll.

1532 5893 1599 5956 Reg.
1617 5893 1650 5958 6,
1668 5893 1717 5946 ab:
1737 5893 1830 5956 David,
1849 5905 1910 5946 cum
1930 5903 2019 5944 arcam
2036 5889 2064 5940 iu
2076 5889 2213 5944 ierusalem
2234 5891 2430 5956 transferens
2447 5889 2490 5944 lli-

1532 5983 1592 6032 chol
1610 5977 1785 6032 subsannatus
1804 5983 1855 6042 est;
1877 5983 1900 6030 θῖ
1919 5977 2049 6042 Christus,
2063 5991 2124 6030 rum
2144 5983 2327 6032 testamentum
2345 5991 2445 6030 novum
2463 5979 2490 6030 in

1532 6067 1673 6118 Ecclesiam
1694 6079 1769 6118 snam
1796 6069 1955 6128 transferret,
1981 6065 2083 6118 ludaeis
2101 6065 2129 6118 in
2156 6079 2235 6118 cruce
2254 6065 2396 6118 ludibrium
2416 6065 2490 6118 luit...

1532 6153 1647 6208 duelliae
1663 6167 1802 6206 servorum
1823 6165 1962 6218 personam
1982 6157 2085 6216 gestant
2102 6155 2272 6218 Sanctorum,
2283 6153 2350 6204 inter
2364 6165 2431 6220 quos
2443 6165 2490 6218 per

1532 6241 1619 6292 crucis
1636 6241 1800 6304 triumphum
1822 6239 1957 6304 gloriosior
1975 6241 2082 6292 effectus
2099 6245 2152 6306 est;
2171 6241 2335 6306 quemdum
2354 6241 2447 6294 Micbol
2458 6239 2492 6292 ir·

1529 6327 1614 6394 ridel,
1635 6327 1771 6392 gloriosior
1789 6327 1887 6382 ancillis
1904 6333 2029 6392 apparel,
2048 6327 2160 6394 quaein
2189 6331 2253 6392 typo
2270 6341 2424 6394 synagogae
2443 6333 2490 6380 ste·

1532 6415 1587 6466 rilis
1604 6415 1756 6478 permansit.

1604 6501 1795 6570 1³Clr.supra
1816 6517 1836 6556 c.
1857 6505 1899 6556 22.
1919 6517 1946 6560 n.
1964 6503 2009 6556 59.

1603 6589 1628 6622 ²⁴
1646 6591 1713 6646 Vide
1731 6605 1812 6658 supra
1830 6607 1854 6646 θ.
1874 6589 1920 6658 47,
1942 6593 1987 6646 ll:
2007 6595 2036 6646 Et
2055 6595 2150 6646 lartum
2170 6597 2221 6656 est,
2241 6593 2307 6646 dum
2325 6593 2374 6646 iret
2387 6591 2411 6646 in
2425 6593 2490 6646 leru-

1531 6681 1622 6748 salem,
1640 6679 1766 6742 uansibat
1782 6697 1831 6748 per
1849 6681 1964 6736 mediam
1985 6683 2130 6736 Samariam
2147 6687 2175 6736 et
2192 6683 2339 6736 Galilaeam.
2363 6709 2396 6724 -
2410 6685 2491 6748 Supe-

1530 6771 1586 6826 rius
1604 6787 1653 6838 pro
1672 6775 1698 6828 θῖ
1715 6775 1779 6828 tuuc
1799 6771 1857 6826 Vat.
1877 6775 1899 6828 θῖ
1918 6775 2017 6830 ῖθθῖθθ.
