5908 8266
565 615 627 680 lOR

562 793 638 852 tuus
659 779 776 848 veritas
801 787 847 848 est
865 809 893 848 6.
927 785 966 854 16
990 781 1289 862 6666666166666,
1313 785 1365 850 666
1391 781 1521 852 666666-

563 889 654 966 dum,
691 889 721 952 et
755 893 862 958 666666
881 887 956 956 wuon
975 889 1178 974 weredebant3
1212 889 1299 956 unde
1327 889 1526 956 6116611666-
1559 923 1560 926 ¹

563 991 612 1062 nis
640 997 770 1058 octauo:
806 993 1064 1060 immutatam
1095 993 1180 1076 dico,
1211 1013 1311 1080 quare
1333 1013 1395 1062 non
1421 995 1520 1062 credi-

563 1099 603 1170 tis
625 1095 700 1164 mihi
720 1107 759 1166 66
789 1103 820 1166 66
851 1097 930 1166 61166
959 1099 1011 1166 166
1036 1107 1143 1166 sexto:
1164 1127 1190 1190 6
1204 1101 1311 1186 Quare
1337 1101 1523 1170 detraxistis

487 1199 531 1214 “’
563 1201 760 1274 sermonibus
791 1203 980 1272 6666666666
1010 1205 1048 1272 Et
1079 1207 1159 1274 haec
1193 1213 1242 1274 666
1270 1207 1386 1274 ueritas
1418 1213 1519 1290 certa,

564 1307 637 1396 quia
659 1307 798 1376 sumitur
819 1309 860 1376 de
879 1309 1055 1396 Scriptura.
1071 1347 1116 1358 -
1130 1311 1217 1378 Unde
1240 1311 1382 1380 additur:
1400 1313 1521 1380 11161666

563 1413 685 1482 6666666
704 1421 803 1482 eruat
823 1415 862 1482 66
876 1415 992 1484 666666
1007 1417 1101 1484 166666
1115 1415 1150 1484 66
1167 1415 1289 1496 lsrael,
1306 1435 1386 1502 quae
1403 1417 1521 1486 scilicet

409 1535 549 1634 Tffgtigssi
563 1527 652 1588 erant
676 1519 707 1586 in
723 1523 906 1590 necessitate
923 1523 1110 1590 constitutae
1124 1519 1254 1608 psopter
1271 1519 1434 1610 desectum
1447 1541 1521 1590 666-

518 1619 524 1632 ’
563 1625 763 1694 armotiam
802 1627 984 1706 societatis,-
1020 1623 1170 1696 Ieremiae
1206 1627 1329 1696 decimo
1368 1629 1519 1714 quinto1:

567 1733 818 1818 «Multiplicatae
841 1733 1052 1802 6666666666
1073 1733 1141 1800 6666
1172 1751 1269 1820 super
1303 1751 1431 1802 arenam
1454 1751 1521 1802 ma-

563 1835 609 1904 ris
623 1865 652 1904 6.
672 1877 715 1888 -
730 1841 824 1908 Erant
839 1841 873 1908 66
888 1839 1071 1908 necessitate
1088 1841 1275 1908 constitutae
1291 1845 1421 1926 propter
1435 1839 1521 1928 defe-

563 1951 651 2012 66666
672 1945 807 2034 pluviae
829 1947 993 2028 666666666;
1014 1947 1101 2016 unde
1122 1947 1226 2016 addit:
1256 1947 1398 2030 Quando
1428 1949 1521 2016 6666-

562 2071 639 2120 6666
662 2059 709 2120 666
740 2053 886 2136 coetum,
917 2063 946 2122 66
980 2075 1047 2124 666
1071 2055 1185 2142 616662
1219 2053 1318 2120 66666
1355 2053 1524 2120 66666666

562 2157 730 2228 6666666666
750 2179 825 2240 ser:
850 2161 931 2230 sicut
953 2161 1107 2228 Dominus
1121 2159 1331 2228 comminatus
1346 2159 1450 2228 luerat
1466 2163 1521 2244 Le-

562 2263 647 2332 666666
672 2267 819 2354 vigesimo
844 2275 948 2336 sexto:
980 2267 1060 2334 «Sin
1084 2273 1189 2334 autem
1205 2283 1263 2334 nec
1280 2265 1324 2334 sic
1341 2267 1521 2336 obedieritis

561 2371 658 2454 mibi,
680 2375 760 2442 dabo
785 2375 906 2442 caelum
929 2373 1064 2458 desuper
1088 2375 1170 2442 sicut
1190 2371 1374 2454 16666666»;
1391 2381 1423 2442 66
1437 2375 1521 2442 Deu-

562 2481 727 2546 teronomii
750 2479 900 2566 vigesimo
923 2485 1050 2546 octavo:
1071 2479 1299 2558 «somatum,
1316 2477 1402 2564 quod
1424 2497 1522 2566 supra

562 2591 594 2652 te
615 2591 681 2666 est,
704 2603 879 2654 aeneum».
905 2587 940 2652 Et
964 2585 1007 2654 666
1031 2585 1149 2654 lactum
1172 2591 1220 2652 est
1240 2589 1371 2670 propter
1395 2591 1522 2672 peccata

562 2709 690 2772 eorum3
715 2693 798 2762 unde
820 2693 969 2760 Ieremiae
991 2693 1103 2758 tertio:
1130 2689 1304 2758 «Polluisti
1337 2698 1455 2760 terram
1487 2693 1521 2762 in

560 2795 818 2866 fornicationibus
854 2799 926 2868 tuis.
963 2797 1079 2866 ldcirco
1112 2797 1290 2884 prohibitae
1312 2803 1388 2864 sunt
1421 2799 1523 2868 stillae

561 2903 760 2990 pluviarum,
779 2913 808 2974 66
824 2907 983 2974 666666666
997 2905 1100 2972 imber
1114 2923 1176 2974 non
1192 2905 1252 2972 fuit
1269 2931 1299 2970 6.
1315 2943 1361 2954 -
1377 2905 1473 2974 Erant
1488 2909 1521 2974 in

561 3011 744 3080 necessitate
776 3005 963 3080 constitutae
992 3017 1122 3098 propter
1158 3011 1320 3100 defectura
1355 3015 1523 3082 terrestris

561 3117 757 3196 utrumme,-
782 3125 812 3188 ct
836 3119 906 3188 ideo
927 3119 1068 3188 additur:
1088 3119 1177 3208 63666
1200 3117 1296 3206 foetu
1319 3119 1391 3186 cat3
1413 3117 1522 3206 fortes

560 3245 687 3312 magno
710 3224 746 3292 66
770 3227 862 3294 66666
884 3233 996 3304 66666;
1029 3227 1110 3294 61666
1144 3227 1259 3292 dicitur
1294 3225 1378 3292 tertii
1404 3227 1522 3312 Regum

560 3329 681 3398 decimo
703 3337 830 3400 octauo:
860 3331 1088 3412 «6666166666
1109 3333 1306 3398 vehemens»
1337 3337 1413 3412 etc.;
1436 3331 1523 3400 unde

561 3437 756 3506 verificatum
783 3445 851 3506 erat
872 3437 912 3506 de
941 3437 1016 3506 filiis
1046 3437 1142 3506 lsrael
1171 3437 1249 3506 61166
1275 3437 1404 3504 Psalmi:
1433 3463 1449 3496 «
1466 3441 1521 3506 Pa-

560 3557 645 3608 mem
668 3541 827 3626 patientur
858 3547 895 3610 ut
924 3559 1019 3608 canes
1048 3547 1079 3610 et
1112 3541 1293 3610 circuibunt
1316 3541 1521 3624 civitatem»,

561 3647 636 3736 quia
661 3647 812 3716 circuibat
837 3667 897 3716 rex
919 3657 950 3716 et
974 3649 1169 3734 dispensator
1192 3649 1304 3716 domus
1322 3667 1398 3716 suae
1419 3649 1460 3716 ad
1474 3651 1521 3716 in-

560 3751 714 3820 venienda
735 3771 867 3838 pascua,
893 3755 977 3822 tertii
1000 3755 1117 3840 Regum
1145 3755 1266 3822 decimo
1289 3761 1408 3824 octavo.

654 3857 705 3926 63.
729 3859 931 3946 (11666.26.).
959 3861 993 3926 Et
1018 3861 1089 3930 licet
1110 3867 1217 3928 essent
1250 3861 1282 3928 in
1305 3867 1392 3928 tanta
1414 3879 1523 3930 neces-

560 3965 670 4046 sitate,
693 3965 912 4052 subiungitur:
936 3969 977 4034 Et
999 3969 1045 4034 cd
1075 3967 1205 4034 6666666
1235 3967 1374 4034 iliorum
1397 3969 1522 4036 6666666

561 4079 609 4138 666
630 4071 739 4152 attus,
764 4079 800 4142 ut
823 4091 874 4142 eas
899 4091 956 4162 per
979 4073 1168 4142 miraculum
1184 4075 1374 4142 6616666666
1389 4077 1523 4160 penuria

560 4179 669 4260 famis,
700 4185 735 4246 ut
768 4181 811 4250 sic
848 4181 1067 4248 verificaretur
1097 4181 1131 4246 in
1168 4181 1215 4250 eis
1248 4181 1328 4248 illud
1362 4181 1520 4250 Psalmi4:

568 4313 585 4356 a
599 4285 780 4354 Esurientes
800 4295 834 4356 66
861 4287 1020 4370 sitientes,
1043 4289 1149 4356 anima
1176 4305 1289 4356 eorum
1312 4289 1345 4354 66
1367 4289 1446 4374 ipsis
1467 4289 1521 4358 de·
1556 4373 1557 4376 Ἴ

1557 4409 1558 4412 ’
1586 4391 1737 4460 Dominus
1760 4391 1961 4478 praedicavit,
1976 4409 2043 4460 non¹
2057 4397 2245 4490 receperunt
2259 4391 2398 4478 pluriam
2413 4391 2543 4478 gratiae,

1556 4549 1557 4552 ,
1586 4499 1785 4586 exigentibus
1800 4497 1936 4586 peccatis
1952 4499 2025 4568 suis.
2045 4499 2195 4584 Quamuis
2207 4499 2297 4566 'enim
2314 4517 2409 4586 super
2434 4517 2465 4566 se
2489 4515 2544 4566 ue-

525 4487 526 4490 ,
560 4393 635 4462 iecit
650 4421 679 4460 6.
713 4395 773 4462 Sed
794 4403 988 4464 6666666666
1012 4397 1176 4476 661666666,
1209 4397 1291 4464 unde
1320 4395 1421 4464 addit:
1447 4395 1524 4464 111666

561 4503 599 4570 66
622 4501 765 4590 Sarepta
789 4503 946 4590 Sittomioe
969 4505 1016 4572 666
1036 4503 1209 4572 6661666666
1230 4505 1392 4584 ortuum,
1408 4521 1521 4574 secun-

561 4611 637 4678 dum
662 4609 745 4696 quod
770 4611 918 4680 scribitur
950 4613 1035 4680 tertii
1070 4613 1188 4698 Regum
1214 4613 1335 4682 decimo
1368 4613 1520 4696 septimo:

560 4717 687 4784 Dictum
711 4721 758 4784 cst
781 4719 879 4784 Eliae:
909 4719 1041 4804 «Surge
1073 4724 1103 4786 ct
1127 4719 1205 4786 vade
1226 4717 1267 4784 im
1282 4719 1412 4802 Sarepta
1436 4717 1521 4784 Sido-

442 4851 445 4856 *
561 4823 688 4890 nicrum
713 4829 743 4890 et
773 4823 913 4892 manebis
944 4823 1002 4904 ibi;
1037 4823 1181 4908 praecepi
1211 4825 1292 4892 enim
1317 4823 1359 4892 ibi
1395 4825 1521 4892 muheri

519 4949 522 4954 ·
563 4929 693 5008 viduae,
716 4933 753 4996 66
776 4935 882 5016 pascat
905 4935 935 4996 66
953 4957 982 5008 a,
1008 4931 1104 4996 immo
1128 4929 1197 5014 ipsa
1218 4947 1275 5012 per
1300 4934 1340 4996 te.

653 5037 705 5102 66.
725 5037 917 5120 (11666276.
943 5035 1032 5102 alliud
1048 5035 1230 5120 exemplum
1247 5035 1285 5102 ad
1311 5035 1521 5102 confirmatio-

398 5147 552 5258 lgpgigriggp
562 5141 793 5228 nempraedicti
806 5143 844 5210 de
858 5143 963 5210 Ettseo
978 5141 1203 5222 introducitur,
1217 5159 1289 5210 cum
1301 5141 1358 5208 ait:
1375 5141 1414 5208 tt
1424 5141 1524 5210 666666

564 5249 685 5336 leprosi
707 5257 801 5318 eroot
826 5249 860 5318 66
884 5249 991 5318 Israel
1013 5249 1075 5316 666
1103 5248 1209 5316 Eliseo
1229 5245 1414 5334 propheto:
1439 5249 1522 5316 unde

562 5355 667 5442 quarti
692 5357 811 5440 Regum
834 5353 990 5442 septimo⁵
1015 5355 1141 5434 dicitnr,
1157 5353 1243 5440 quod
1268 5359 1407 5439 ternpore
1432 5353 1522 5420 Elisei

570 5465 737 5546 «quatuor
761 5463 821 5530 6661
836 5461 952 5548 leprosi
967 5465 1058 5528 erant
1073 5461 1164 5528 iuxta
1181 5466 1305 5546 portam
1322 5459 1477 5526 Samariae
1490 5485 1521 5540 6,

564 5577 594 5638 66
616 5567 709 5636 multi
730 5571 782 5636 alii
806 5569 837 5636 in
860 5561 1044 5638 necessitate
1061 5567 1224 5636 consimili.
1243 5569 1282 5636 Et
1297 5573 1392 5636 66666
1406 5585 1522 5634 coram

564 5887 778 5946 666666666666666
806 5895 855 5942 666.
886 5887 1022 5958 [Vulgatat
1049 5901 1112 5962 6666
1140 5903 1152 5942 6
1180 5887 1255 5942 66666
1280 5887 1377 5944 mutius
1403 5887 1451 5954 666,
1476 5887 1524 5956 qut

560 5979 649 6048 possit
663 5993 781 6048 arguere
799 5977 861 6048 66].

637 6065 646 6098 ²
665 6069 741 6122 Vere.
761 6071 785 6122 8.
803 6095 840 6110 -
858 6069 984 6134 Superius
1004 6067 1064 6122 ilat.
1082 6065 1178 6120 omittit
1191 6071 1305 6138 propter
1318 6067 1448 6138 desectum
1466 6081 1522 6122 666-

566 6155 727 6212 66666666166
746 6155 896 6224 6666666666,
914 6171 963 6224 pro
981 6155 1194 6212 matrimonialis
1217 6157 1305 6212 ACD
1322 6161 1448 6224 6666666,
1466 6155 1489 6210 Α
1508 6171 1521 6208 6

565 6245 680 6300 scomma
698 6259 777 6300 manu
796 6243 893 6300 6666166.

636 6331 647 6364 ²
665 6335 777 6398 Vulgata
795 6335 891 6388 omittit
907 6337 933 6390 66
951 6333 1100 6404 66661666.
1123 6335 1174 6388 Cir.
1193 6337 1242 6390 lac.
1261 6335 1291 6404 6,
1313 6335 1360 6404 17,
1380 6335 1426 6388 661
1444 6335 1521 6390 etiam
1588 6357 1590 6362 v

565 6423 723 6490 insinuatur,
743 6425 811 6478 hanc
823 6423 964 6476 siccitatem
977 6423 1087 6476 durasse
1103 6443 1118 6470 «
1127 6437 1209 6478 annos
1222 6429 1274 6478 6666
1288 6431 1314 6478 66
1326 6437 1431 6478 menses
1442 6437 1488 6478 sex
1498 6433 1523 6492 6,

565 6513 639 6580 quod
655 6513 694 6564 lll.
712 6511 777 6578 Reg.
800 6513 848 6578 17,
869 6513 892 6566 1.
911 6513 1030 6580 explicite
1049 6527 1101 6566 uon
1121 6513 1223 6567 dicitur.
1236 6543 1271 6554 -
1285 6513 1401 6568 Subinde
1414 6515 1523 6578 allegan-

565 6605 606 6656 tur
626 6605 688 6656 666.
707 6601 757 6668 26,
776 6603 819 6656 18.
836 6617 909 6670 seq.;
929 6603 1006 6656 Dent.
1023 6603 1072 6666 28,
1091 6603 1134 6654 23.
1153 6603 1246 6658 66166.
1265 6603 1296 6668 3,
1316 6605 1340 6656 2.
1361 6617 1416 6668 seq.

636 6687 647 6720 ³
665 6689 777 6756 Vulgata
796 6695 873 6746 66666.
890 6719 926 6732 -
944 6691 1093 6758 Sequuntur
1112 6690 1149 6742 lli.
1169 6691 1235 6754 Reg.
1256 6689 1302 6758 tc,
1316 6693 1346 6756 23
1366 6689 1465 6758 Pshb,
1481 6689 1523 6742 16.

566 6781 591 6830 66
608 6779 647 6830 111.
663 6779 728 6844 Reg.
750 6781 796 6846 18,
818 6779 847 6832 66
867 6779 935 6834 Dixit
951 6791 1016 6842 ergo
1034 6777 1125 6830 Achab
1142 6779 1179 6830 ad
1196 6777 1325 6832 hbdiam:
1343 6779 1419 6834 Vade
1437 6779 1462 6830 in
1475 6783 1524 6830 ter·

565 6879 623 6920 ram
641 6867 675 6920 ad
695 6867 831 6922 universos
849 6869 936 6920 tontes
953 6881 1082 6934 aquarum
1101 6871 1128 6920 et
1144 6865 1173 6920 iu
1191 6871 1299 6920 cunctas
1317 6869 1410 6930 661166,
1425 6867 1447 6920 si
1457 6867 1523 6920 torte

566 6955 699 7022 possimus
716 6955 835 7010 invenire
853 6953 963 7010 berham
983 6962 1009 7010 et
1025 6957 1129 7010 salvare
1146 6969 1232 7024 equos
1250 6959 1299 7008 etc.

1166 607 1360 676 6666666.
1384 607 1423 674 m
1444 557 1684 674 6666666666
1706 605 1823 672 tuctu
1849 605 1880 670 c.
1907 605 1951 674 m.

1584 781 1769 848 6666666666
1791 787 1836 848 est
1859 779 1928 848 6666
1942 779 2104 848 Ν666666
2120 779 2229 870 Syros
2242 817 2288 830 ·-
2302 781 2409 866 quarti
2423 783 2543 868 Regum

1584 887 1713 974 quinto,
1737 887 1947 966 ubidicitur,
1974 887 2057 974 quod
2079 887 2217 954 Naaman
2239 887 2281 956 ad
2301 887 2435 970 verbum
2453 889 2543 956 Elisei

1584 991 1661 1060 16661
1682 1011 1717 1060 66
1739 993 1854 1080 septies
1874 991 1909 1058 in
1931 993 2059 1060 iordane
2075 999 2106 1058 et
2126 993 2293 1062 restitutus
2314 1001 2362 1062 est
2385 995 2544 1082 plenariae

1584 1097 1708 1166 sanitati
1734 1135 1776 1148 ·-
1792 1103 1822 1166 et
1846 1099 1920 1178 boc,
1943 1097 2028 1166 iusto
2049 1097 2166 1166 indicio
2186 1097 2259 1178 Dei,
2285 1099 2436 1186 quianon
2454 1105 2544 1166 erant

1584 1205 1680 1292 digni.
1705 1205 1741 1272 Et
1764 1225 1788 1272 o
1808 1205 1916 1272 6666666Ι
1935 1211 1968 1272 66
1990 1203 2165 1274 secundum
2185 1205 2391 1274 imitationem
2413 1205 2543 1290 praede-

1586 1329 1746 1382 cessorum
1769 1311 1965 1392 ostendebat,
1988 1329 2042 1378 eos
2063 1325 2132 1378 esse
2150 1309 2291 1396 indignos
2312 1313 2352 1378 ad
2376 1311 2544 1378 miraculo-

1584 1433 1659 1484 rum
1681 1415 1920 1502 susceptionem.
1945 1415 2031 1484 Unde
2053 1415 2157 1484 simile
2177 1417 2210 1484 in
2232 1417 2377 1484 Matthaei
2396 1417 2544 1502 vigesimo

1586 1520 1765 1588 bertinia«
1779 1523 1885 1588 Testes
1909 1521 1983 1590 estis
2004 1521 2252 1608 vobismetipsis,
2278 1523 2352 1610 quia
2381 1523 2457 1592 estis
2484 1523 2542 1588 lilii
2645 1549 2646 1554 ¹
2694 1543 2696 1548 ·

1586 1645 1695 1696 eorum
1734 1627 1790 1714 qui
1825 1625 2007 1694 occiderunt
2044 1629 2232 1712 Prophetas;
2264 1636 2295 1698 et
2327 1647 2382 1698 ros
2415 1629 2542 1716 implete

1586 1751 1766 1802 mensuram
1790 1739 1917 1818 patrum
1940 1737 2119 1800 vestrorum
2135 1757 2167 1814 a:
2183 1741 2217 1802 66
2237 1735 2370 1802 hctuum
2396 1735 2541 1820 septimo:

1591 1839 1710 1906 «Dura
1733 1837 1854 1906 cervice
1876 1845 1910 1904 et
1930 1837 2142 1906 incircumcisi
2166 1839 2314 1908 cordibus
2339 1847 2368 1908 66
2393 1843 2541 1920 6661666,

1586 1961 1641 2012 666
1669 1961 1793 2030 semper
1828 1943 1958 2030 Spiritui
1991 1949 2099 2012 sancto
2132 1943 2294 2026 resistitis,
2325 1945 2406 2014 66666
2435 1955 2542 2032 patres

1586 2051 1699 2130 666666,
1724 2057 1754 2118 66
1778 2069 1842 2118 666.
1865 2051 1968 2136 Quem
1997 2051 2080 2118 enim
2110 2051 2340 2136 Prophetarum
2370 2069 2433 2120 nou
2468 2059 2542 2120 sunt

1585 2159 1742 2244 persecuti
1766 2163 1871 2244 patres
1895 2155 2019 2226 uestri»
2046 2163 2104 2226 666.
2131 2157 2166 2224 Et
2202 2159 2244 2224 sic
2276 2157 2438 2226 manifeste
2469 2165 2543 2226 sunt

1586 2263 1737 2346 convicti,
1762 2261 1837 2350 quia
1859 2263 1998 2338 delectus
2023 2265 2247 2332 miraculorum
2272 2285 2334 2332 uon
2348 2271 2417 2332 erat
2440 2265 2542 2350 impu-

1586 2369 1699 2436 tandus
1723 2369 1921 2456 impotentiae
1933 2371 1985 2438 661
2001 2369 2207 2456 negligentiae
2221 2369 2351 2452 Christi,
2368 2371 2421 2438 sed
2439 2371 2542 2458 potius

1586 2491 1662 2542 suae
1682 2475 1817 2544 invidiae
1840 2483 1870 2544 66
1895 2477 2121 2558 incredulitati;
2147 2477 2228 2544 unde
2252 2479 2336 2564 digni
2367 2486 2459 2547 erant
2485 2479 2543 2546 mi·
2582 2565 2583 2570 ,
2650 2507 2651 2510 “

1586 2581 1704 2648 6666116
1724 2581 1858 2666 privari,
1875 2583 1958 2648 sicut
1979 2583 2093 2666 privati
2108 2583 2205 2648 etiam
2219 2585 2345 2652 fuerant
2361 2591 2466 2670 patres
2481 2585 2541 2652 sui.

1675 2689 1728 2756 66.
1751 2689 1789 2756 Et
1810 2693 1885 2756 nota
1907 2687 2317 2774 bicsptrttucttter,quod
2333 2691 2363 2756 iu
2390 2689 2439 2758 his
2465 2691 2543 2758 duo·
2568 2695 2685 2794 gipppggtlig

1586 2797 1647 2864 bns
1667 2795 1822 2882 exemplis
1844 2795 1978 2864 ostendit
2000 2795 2214 2882 indignitatem
2230 2795 2417 2864 ludaeorum
2438 2815 2543 2884 respe—
2564 2759 2697 2902 pqgjggssgag]

1587 2909 1641 2970 ctu
1673 2903 1838 2988 gentilium
1874 2911 2029 2988 quantum
2063 2901 2100 2970 ad
2138 2901 2347 2970 universalem
2383 2901 2543 2990 defectura

1586 3009 1793 3098 poenitentiae
1817 3017 1848 3076 et
1869 3007 2048 3076 universale
2072 3009 2264 3094 contagium
2280 3009 2434 3090 malitiae,
2459 3011 2542 3096 quod
2599 3039 2602 3102 j

1586 3117 1617 3182 in
1642 3115 1763 3182 ludaeis
1785 3113 1935 3182 remansit
1966 3133 2029 3182 non
2060 3119 2223 3194 curatum,
2249 3115 2303 3182 sed
2331 3115 2363 3182 in
2397 3115 2543 3200 gentibus

1586 3227 1633 3290 est
1657 3221 1861 3288 remediatum
1898 3237 1955 3306 per
1987 3219 2158 3286 Christum.
2186 3219 2322 3288 thttst'o
2354 3221 2439 3288 enim
2462 3221 2545 3290 66666
2555 3227 2636 3326 613686ῑῇ
2645 3227 2706 3326 {itan

1586 3325 1727 3412 designat
1748 3325 1904 3392 defectum
1926 3325 2044 3410 gratiae
2070 3335 2099 3392 et
2114 3325 2290 3404 doctrinam
2309 3327 2544 3394 Deuteronomii

1587 3431 1753 3500 undecimo
1767 3431 1814 3498 ²:
1834 3431 1995 3512 «Cavete,
2025 3449 2066 3498 ne
2087 3431 2240 3500 recedatis
2264 3449 2289 3500 aw
2304 3433 2437 3500 Domino
2453 3459 2488 3514 »3
2513 3439 2544 3500 et

1586 3539 1745 3626 deinceps:
1775 3539 1839 3608 «Et
1853 3539 1956 3606 iratus
1970 3539 2122 3606 Dominus
2139 3539 2409 3618 claudatcaelum,
2426 3547 2457 3608 66
2472 3541 2544 3626 plu·

1586 3645 1637 3712 666
1658 3665 1721 3714 666
1745 3647 1924 3726 descendat,
1950 3653 1980 3714 et
2005 3651 2166 3714 66666666
2192 3637 2252 3714 6166
2259 3665 2387 3734 germen
2403 3665 2498 3716 suum
2510 3675 2541 3714 ».

1586 3753 1630 3820 De
1653 3771 1717 3838 qna
1739 3755 1846 3838 pluvia
1869 3753 1901 3818 in
1924 3753 2061 3820 Psalmo:
2083 3755 2255 3822 «Pluviam
2270 3755 2478 3824 voluntariam
2497 3773 2544 3824 se·

1586 3859 1728 3946 gregabit
1751 3859 1884 3940 116666
1907 3865 1938 3926 66
1961 3875 2004 3926 ex
2036 3859 2097 3926 hoc
2129 3859 2163 3926 bt
2198 3859 2293 3928 fames
2318 3867 2346 3928 ct
2376 3859 2544 3948 indigentia

1586 3963 1688 4031 otnnis
1709 3965 1797 4044 boni;
1823 3965 1875 4030 lob
1898 3963 2019 4034 decimo
2052 3969 2176 4032 octauo:
2212 3969 2431 4034 rtttenuetur
2461 3967 2544 4034 lame

1586 4071 1684 4138 robur
1708 4071 1792 4152 eius,
1818 4079 1848 4140 et
1880 4071 1980 4138 inedia
2012 4071 2137 4140 invadat
2165 4077 2266 4142 costas
2297 4073 2365 4142 eius
2381 4099 2410 4138 6.
2438 4113 2477 4122 -
2508 4073 2544 4140 Et
2562 4079 2691 4136 tertiatio·
2735 4075 2737 4078 ’

1586 4185 1673 4258 nota,
1697 4179 1781 4264 quod
1804 4177 1919 4246 dicitur
1943 4177 2103 4246 subtracta
2126 4195 2195 4246 esse
2207 4179 2316 4262 pluuia
2330 4179 2421 4246 annis
2441 4181 2544 4246 666666

1586 4291 1617 4352 66
1640 4285 1801 4352 mensibus
1817 4301 1893 4366 sen,
1909 4285 1984 4382 quia
2001 4283 2103 4352 tribus
2120 4285 2208 4352 annis
2224 4289 2256 4352 66
2270 4285 2409 4364 dimidio,
2427 4285 2544 4372 quibus

1585 4607 1667 4676 66666
1690 4607 1806 4688 imber,
1822 4605 1934 4674 Iudaea
1949 4613 2053 4674 tamen
2076 4625 2138 4674 non
2161 4607 2278 4692 recepit
2295 4607 2334 4674 ad
2349 4607 2542 4674 fructifican-

1586 4713 1679 4794 dum3
1696 4713 1733 4780 ad
1751 4713 1905 4780 Hebraeos
1929 4711 2065 4780 sexto⁸z
2093 4737 2109 4770 «
2127 4715 2223 4778 Terra
2247 4731 2391 4798 superse
2416 4713 2543 4778 uenien-

1585 4823 1648 4886 tem
1664 4818 1775 4886 bibens
1785 4817 1920 4886 imbrem
1936 4825 1965 4886 et
1982 4817 2162 4904 germinans
2186 4819 2316 4886 herbam
2331 4825 2544 4904 opportunam

1586 4925 1661 5004 illis,
1687 4925 1844 5010 aquibus
1868 4923 1992 5004 colitur,
2015 4925 2129 5010 accipit
2150 4923 2397 4994 benedictionem
2423 4927 2542 5006 aDeo;

1586 5031 1751 5116 proferens
1772 5038 1878 5099 autem
1901 5031 2007 5116 spinas
2029 5039 2061 5098 et
2084 5031 2232 5112 tribulos,
2262 5033 2396 5120 reproba
2432 5039 2479 5102 666
2513 5039 2545 5100 66

1586 5137 1750 5204 maledicto
1764 5137 1911 5222 proxima
1928 5165 1957 5204 u.
1973 5139 2067 5204 -ln
2090 5139 2150 5204 hoc
2166 5143 2271 5204 autem
2290 5145 2433 5224 tempore
2447 5139 2545 5206 mitti·
2562 5139 2706 5186 1661116·

1586 5251 1640 5313 666
1663 5261 1761 5312 66666
1782 5243 1864 5312 Elias
1890 5243 2087 5330 praedicator
2111 5243 2148 5312 ad
2185 5243 2312 5313 uiduam
2345 5245 2379 5312 66
2414 5249 2544 5332 Sarepta

1586 5351 1739 5432 Sidoniae,
1756 5369 1836 5436 quae
1853 5357 1938 5418 recte
1953 5351 2093 5438 designat
2109 5349 2323 5438 gentilitatem,
2340 5351 2424 5420 66666
2438 5359 2543 5420 osteu-

1586 5457 1633 5524 dit
1653 5457 1735 5524 Beda
1757 5457 1788 5522 in
1819 5473 1932 5544 magna
1953 5457 2100 5548 (1166669,
2126 5463 2155 5526 66
2180 5457 2298 5528 salvata
2327 5465 2391 5540 est,
2426 5459 2542 5546 populo
2592 5525 2594 5528 .

1586 5565 1958 5646 derelictoludaeorum,
1976 5563 2148 5634 secundum
2174 5565 2250 5634 illud
2272 5567 2406 5634 Actuum
2423 5567 2544 5636 decimo

1655 5883 1668 5914 4
1687 5887 1779 5940 Psalm.
1801 5889 1866 5954 606,
1885 5887 1911 5938 6.
1925 5885 2088 5942 -Subinde
2103 5887 2231 5952 allegatur
2247 5889 2285 5942 lll.
2299 5889 2365 5954 Reg.
2386 5889 2434 5954 t7,
2453 5889 2485 5954 8,
2497 5887 2544 5942 666

1585 5991 1635 6042 pro
1652 5973 1683 6030 66
1700 5973 1817 6044 Sarepta
1833 5975 1887 6028 hl)
1904 5973 1935 6030 66
1952 5973 2106 6044 Serapium.

1656 6059 1668 6092 ⁵
1687 6065 1761 6116 Vers.
1781 6065 1806 6116 3.
1823 6091 1860 6104 —
1878 6065 2003 6132 Sequitur
2019 6067 2061 6120 tv.
2080 6065 2146 6130 Reg.
2167 6065 2195 6132 5,
2217 6065 2227 6114 t
2235 6065 2258 6118 1.

1658 6149 1763 6206 Pllers.
1784 6155 1826 6206 31.
1846 6169 1917 6222 seq:
1936 6155 2028 6224 ltaque
2048 6153 2195 6208 6666666666
2213 6153 2276 6208 estis
2295 6159 2359 6222 etc,
2385 6161 2445 6220 post
2463 6169 2544 6224 quem

1586 6243 1643 6296 het.
1660 6239 1690 6308 7,
1709 6241 1752 6296 et.
1771 6255 1827 6310 seq.
2024 6291 2026 6294 .

1657 6327 1668 6360 ²
1688 6331 1761 6386 Vera.
1783 6333 1824 6384 16.
1844 6339 1871 6386 66
1889 6331 1933 6386 tr.
1949 6359 1987 6372 —
2004 6333 2061 6386 Duo
2079 6347 2154 6398 seqq.
2173 6331 2223 6386 loci
2248 6339 2310 6386 sunt
2326 6333 2367 6386 Ps.
2387 6331 2436 6400 67,
2457 6333 2498 6384 tu.
2518 6341 2544 6390 et

1586 6419 1632 6474 lob
1651 6419 1698 6484 18,
1719 6423 1761 6474 ta.
1779 6419 1830 6476 Cir.
1850 6419 1983 6486 6666666,
2000 6423 2049 6476 111.
2063 6421 2087 6472 66
2107 6423 2168 6474 Luc.
2186 6435 2213 6472 n.
2228 6421 2270 6474 50.
2283 6435 2370 6488 seqq,
2382 6427 2410 6476 et
2423 6423 2502 6486 Beda,
2516 6425 2544 6478 ll.

1586 6509 1616 6560 im
1632 6509 1695 6562 Luc.
1715 6509 1746 6572 1,
1765 6509 1808 6560 25.
1826 6523 1884 6578 seq.
2318 6507 2329 6538 ⁸
2349 6511 2423 6566 Vera.
2441 6509 2469 6564 7.
2487 6525 2544 6582 seq.

1658 6593 1670 6626 ⁹
1688 6599 1790 6652 Scilicet
1807 6599 1948 6654 6666666666
1967 6599 1994 6652 66
2011 6601 2074 6654 Luc.
2093 6599 2123 6662 t,
2142 6599 2190 6650 26:
2210 6599 2311 6666 Vidua,
2330 6599 2458 6668 adquam
2477 6599 2545 6658 Elias
2582 6633 2583 6636 =

1588 6687 1710 6754 mittitur,
1730 6689 1848 6752 gentium
1867 6689 1962 6754 figurat
1981 6689 2126 6754 ecclesiam,
2143 6701 2213 6754 quae
2232 6701 2246 6738 a
2264 6701 2313 6742 suo
2332 6687 2475 6742 Conditore
2487 6689 2545 6746 diu·

1588 6779 1638 6830 tius
1657 6777 1774 6842 deserta,
1801 6779 1930 6842 populum
1953 6781 2042 6830 rectae
2067 6775 2129 6830 fidei
2153 6775 2274 6842 nescivit,
2302 6779 2377 6844 quasi
2398 6791 2544 6844 pauperem

1587 6863 1671 6916 filium
1688 6877 1771 6928 egena
1790 6863 1857 6928 stipe
1872 6863 2016 6930 nutriebat,
2037 6863 2063 6918 id
2087 6867 2142 6928 est,
2162 6863 2244 6916 verbo
2263 6863 2404 6918 saecularis
2422 6865 2545 6920 scientiae

1588 6953 1689 7018 absque
1706 6949 1860 7004 humilitatis
1877 6953 1962 7004 666666
1982 6949 2094 7004 docebat
2112 6953 2161 7004 etc.
2179 6977 2215 6992 ·—
2233 6953 2356 7020 Sequitur
2367 6951 2423 7004 het.
2442 6953 2486 7020 ta,
2499 6951 2544 7010 16.
