<?xml version="1.0" encoding="UTF-8"?>
<!DOCTYPE html PUBLIC "-//W3C//DTD XHTML 1.0 Transitional//EN"
    "http://www.w3.org/TR/xhtml1/DTD/xhtml1-transitional.dtd">
<html xmlns="http://www.w3.org/1999/xhtml" xml:lang="en" lang="en">
 <head>
  <title>
</title>
<meta http-equiv="Content-Type" content="text/html;charset=utf-8" />
  <meta name='ocr-system' content='tesseract 3.04.00' />
  <meta name='ocr-capabilities' content='ocr_page ocr_carea ocr_par ocr_line ocrx_word'/>
</head>
<body>
  <div class='ocr_page' id='page_1' title='image "./doctorisseraphi01italgoog/doctorisseraphi01italgoog_0472.png"; bbox 0 0 5900 8266; ppageno 0'>
   <div class='ocr_carea' id='block_1_1' title="bbox 1090 569 1926 646">
    <p class='ocr_par' dir='ltr' id='par_1_1' title="bbox 1090 569 1926 646">
     <span class='ocr_line' id='line_1_1' title="bbox 1090 569 1926 646; baseline 0.006 -4"><span class='ocrx_word' id='word_1_1' title='bbox 1090 575 1283 642; x_wconf 83' lang='lat' dir='ltr'><strong>COMMENT.</strong></span> <span class='ocrx_word' id='word_1_2' title='bbox 1306 577 1344 644; x_wconf 90' lang='lat' dir='ltr'><strong>IN</strong></span> <span class='ocrx_word' id='word_1_3' title='bbox 1367 575 1605 646; x_wconf 75' lang='lat' dir='ltr'><strong>slanstesten</strong></span> <span class='ocrx_word' id='word_1_4' title='bbox 1629 575 1745 644; x_wconf 82' lang='lat' dir='ltr'><strong>tuctu</strong></span> <span class='ocrx_word' id='word_1_5' title='bbox 1771 569 1926 646; x_wconf 64' lang='lat' dir='ltr'><strong>C.‘XVlil.</strong></span> 
     </span>
    </p>
   </div>
   <div class='ocr_carea' id='block_1_2' title="bbox 519 749 1479 1678">
    <p class='ocr_par' dir='ltr' id='par_1_2' title="bbox 519 749 1478 1560">
     <span class='ocr_line' id='line_1_2' title="bbox 520 749 1476 838; baseline 0.007 -24"><span class='ocrx_word' id='word_1_6' title='bbox 520 749 672 832; x_wconf 88' lang='lat' dir='ltr'><strong>parvulos</strong></span> <span class='ocrx_word' id='word_1_7' title='bbox 692 749 841 818; x_wconf 92' lang='lat' dir='ltr'><strong>occidunt</strong></span> <span class='ocrx_word' id='word_1_8' title='bbox 863 755 894 814; x_wconf 91' lang='lat' dir='ltr'><strong>et</strong></span> <span class='ocrx_word' id='word_1_9' title='bbox 917 751 1101 836; x_wconf 85' lang='lat' dir='ltr'><strong>sanguinem</strong></span> <span class='ocrx_word' id='word_1_10' title='bbox 1124 757 1259 836; x_wconf 89' lang='lat' dir='ltr'><strong>sugunt,</strong></span> <span class='ocrx_word' id='word_1_11' title='bbox 1284 769 1319 820; x_wconf 91' lang='lat' dir='ltr'><strong>ac</strong></span> <span class='ocrx_word' id='word_1_12' title='bbox 1343 769 1401 838; x_wconf 91' lang='lat' dir='ltr'><strong>per</strong></span> <span class='ocrx_word' id='word_1_13' title='bbox 1415 753 1476 820; x_wconf 88' lang='lat' dir='ltr'><strong>boc</strong></span> 
     </span>
     <span class='ocr_line' id='line_1_3' title="bbox 521 855 1477 944; baseline 0 -20"><span class='ocrx_word' id='word_1_14' title='bbox 521 859 676 926; x_wconf 88' lang='lat' dir='ltr'><strong>sullocaut</strong></span> <span class='ocrx_word' id='word_1_15' title='bbox 697 867 730 926; x_wconf 91' lang='lat' dir='ltr'><strong>et</strong></span> <span class='ocrx_word' id='word_1_16' title='bbox 750 855 975 940; x_wconf 87' lang='lat' dir='ltr'><strong>strangulando</strong></span> <span class='ocrx_word' id='word_1_17' title='bbox 996 857 1153 924; x_wconf 91' lang='lat' dir='ltr'><strong>occidunt.</strong></span> <span class='ocrx_word' id='word_1_18' title='bbox 1170 859 1293 924; x_wconf 90' lang='lat' dir='ltr'><strong>Dicitur</strong></span> <span class='ocrx_word' id='word_1_19' title='bbox 1307 859 1406 944; x_wconf 91' lang='lat' dir='ltr'><strong>igitur</strong></span> <span class='ocrx_word' id='word_1_20' title='bbox 1421 877 1477 924; x_wconf 87' lang='lat' dir='ltr'><strong>su-</strong></span> 
     </span>
     <span class='ocr_line' id='line_1_4' title="bbox 519 961 1478 1050; baseline -0.002 -18"><span class='ocrx_word' id='word_1_21' title='bbox 519 965 637 1050; x_wconf 80' lang='lat' dir='ltr'><strong>gillari</strong></span> <span class='ocrx_word' id='word_1_22' title='bbox 662 965 715 1050; x_wconf 94' lang='lat' dir='ltr'><strong>qui</strong></span> <span class='ocrx_word' id='word_1_23' title='bbox 739 961 846 1028; x_wconf 82' lang='lat' dir='ltr'><strong>verbis</strong></span> <span class='ocrx_word' id='word_1_24' title='bbox 867 969 900 1026; x_wconf 91' lang='lat' dir='ltr'><strong>et</strong></span> <span class='ocrx_word' id='word_1_25' title='bbox 923 961 1121 1028; x_wconf 88' lang='lat' dir='ltr'><strong>rationibus1</strong></span> <span class='ocrx_word' id='word_1_26' title='bbox 1147 969 1232 1030; x_wconf 92' lang='lat' dir='ltr'><strong>tanto</strong></span> <span class='ocrx_word' id='word_1_27' title='bbox 1256 963 1357 1030; x_wconf 90' lang='lat' dir='ltr'><strong>taedio</strong></span> <span class='ocrx_word' id='word_1_28' title='bbox 1380 963 1478 1030; x_wconf 83' lang='lat' dir='ltr'><strong>allici-</strong></span> 
     </span>
     <span class='ocr_line' id='line_1_5' title="bbox 523 1067 1477 1156; baseline -0.003 -18"><span class='ocrx_word' id='word_1_29' title='bbox 523 1079 597 1150; x_wconf 87' lang='lat' dir='ltr'><strong>tur,</strong></span> <span class='ocrx_word' id='word_1_30' title='bbox 618 1069 702 1156; x_wconf 91' lang='lat' dir='ltr'><strong>quod</strong></span> <span class='ocrx_word' id='word_1_31' title='bbox 728 1085 802 1154; x_wconf 89' lang='lat' dir='ltr'><strong>prae</strong></span> <span class='ocrx_word' id='word_1_32' title='bbox 826 1067 928 1132; x_wconf 90' lang='lat' dir='ltr'><strong>taedio</strong></span> <span class='ocrx_word' id='word_1_33' title='bbox 944 1069 1072 1152; x_wconf 87' lang='lat' dir='ltr'><strong>sanguis</strong></span> <span class='ocrx_word' id='word_1_34' title='bbox 1091 1069 1217 1152; x_wconf 81' lang='lat' dir='ltr'><strong>sugitur</strong></span> <span class='ocrx_word' id='word_1_35' title='bbox 1232 1075 1263 1134; x_wconf 90' lang='lat' dir='ltr'><strong>et</strong></span> <span class='ocrx_word' id='word_1_36' title='bbox 1279 1069 1477 1136; x_wconf 73' lang='lat' dir='ltr'><strong>diminuitur.</strong></span> 
     </span>
     <span class='ocr_line' id='line_1_6' title="bbox 521 1171 1477 1258; baseline -0.006 -14"><span class='ocrx_word' id='word_1_37' title='bbox 521 1177 609 1244; x_wconf 90' lang='lat' dir='ltr'><strong>Unde</strong></span> <span class='ocrx_word' id='word_1_38' title='bbox 638 1189 747 1242; x_wconf 89' lang='lat' dir='ltr'><strong>sensus</strong></span> <span class='ocrx_word' id='word_1_39' title='bbox 781 1175 848 1238; x_wconf 91' lang='lat' dir='ltr'><strong>est:</strong></span> <span class='ocrx_word' id='word_1_40' title='bbox 878 1173 1004 1258; x_wconf 86' lang='lat' dir='ltr'><strong>sugillet</strong></span> <span class='ocrx_word' id='word_1_41' title='bbox 1036 1191 1104 1252; x_wconf 88' lang='lat' dir='ltr'><strong>me,</strong></span> <span class='ocrx_word' id='word_1_42' title='bbox 1134 1171 1167 1240; x_wconf 95' lang='lat' dir='ltr'><strong>id</strong></span> <span class='ocrx_word' id='word_1_43' title='bbox 1197 1179 1261 1252; x_wconf 96' lang='grc' dir='ltr'><strong>θεῖ,</strong></span> <span class='ocrx_word' id='word_1_44' title='bbox 1294 1175 1477 1258; x_wconf 89' lang='lat' dir='ltr'><strong>sanguinem</strong></span> 
     </span>
     <span class='ocr_line' id='line_1_7' title="bbox 521 1279 1478 1366; baseline -0.004 -18"><span class='ocrx_word' id='word_1_45' title='bbox 521 1301 627 1350; x_wconf 91' lang='lat' dir='ltr'><strong>meum</strong></span> <span class='ocrx_word' id='word_1_46' title='bbox 653 1285 759 1364; x_wconf 80' lang='lat' dir='ltr'><strong>sugat,</strong></span> <span class='ocrx_word' id='word_1_47' title='bbox 792 1279 873 1344; x_wconf 92' lang='lat' dir='ltr'><strong>sicut</strong></span> <span class='ocrx_word' id='word_1_48' title='bbox 905 1279 1032 1360; x_wconf 90' lang='lat' dir='ltr'><strong>lamiae,</strong></span> <span class='ocrx_word' id='word_1_49' title='bbox 1062 1279 1102 1346; x_wconf 91' lang='lat' dir='ltr'><strong>de</strong></span> <span class='ocrx_word' id='word_1_50' title='bbox 1133 1279 1249 1366; x_wconf 90' lang='lat' dir='ltr'><strong>quibus</strong></span> <span class='ocrx_word' id='word_1_51' title='bbox 1279 1279 1478 1346; x_wconf 90' lang='lat' dir='ltr'><strong>Tbrenorum</strong></span> 
     </span>
     <span class='ocr_line' id='line_1_8' title="bbox 522 1385 1478 1474; baseline -0.005 -19"><span class='ocrx_word' id='word_1_52' title='bbox 522 1387 681 1474; x_wconf 75' lang='lat' dir='ltr'><strong>quarto2:</strong></span> <span class='ocrx_word' id='word_1_53' title='bbox 724 1385 884 1450; x_wconf 77' lang='lat' dir='ltr'><strong>«Lamiae</strong></span> <span class='ocrx_word' id='word_1_54' title='bbox 914 1385 1113 1452; x_wconf 86' lang='lat' dir='ltr'><strong>nudaverunt</strong></span> <span class='ocrx_word' id='word_1_55' title='bbox 1146 1403 1311 1464; x_wconf 88' lang='lat' dir='ltr'><strong>mammas,</strong></span> <span class='ocrx_word' id='word_1_56' title='bbox 1345 1387 1478 1450; x_wconf 89' lang='lat' dir='ltr'><strong>lactave-</strong></span> 
     </span>
     <span class='ocr_line' id='line_1_9' title="bbox 522 1491 885 1560; baseline -0.006 0"><span class='ocrx_word' id='word_1_57' title='bbox 522 1501 601 1560; x_wconf 91' lang='lat' dir='ltr'><strong>runt</strong></span> <span class='ocrx_word' id='word_1_58' title='bbox 621 1491 741 1558; x_wconf 90' lang='lat' dir='ltr'><strong>catulos</strong></span> <span class='ocrx_word' id='word_1_59' title='bbox 764 1509 840 1558; x_wconf 90' lang='lat' dir='ltr'><strong>suos</strong></span> <span class='ocrx_word' id='word_1_60' title='bbox 855 1519 885 1558; x_wconf 86' lang='grc'><strong>».</strong></span> 
     </span>
    </p>

    <p class='ocr_par' dir='ltr' id='par_1_3' title="bbox 612 1597 1479 1678">
     <span class='ocr_line' id='line_1_10' title="bbox 612 1597 1479 1678; baseline 0 -16"><span class='ocrx_word' id='word_1_61' title='bbox 612 1599 641 1662; x_wconf 82' lang='grc'><strong>9.</strong></span> <span class='ocrx_word' id='word_1_62' title='bbox 668 1597 767 1676; x_wconf 86' lang='lat' dir='ltr'><strong>(Vers.</strong></span> <span class='ocrx_word' id='word_1_63' title='bbox 794 1597 849 1678; x_wconf 86' lang='grc'>6.).</span> <span class='ocrx_word' id='word_1_64' title='bbox 866 1597 922 1664; x_wconf 83' lang='lat' dir='ltr'><strong>att</strong></span> <span class='ocrx_word' id='word_1_65' title='bbox 945 1603 1056 1664; x_wconf 79' lang='lat' dir='ltr'><strong>atatem</strong></span> <span class='ocrx_word' id='word_1_66' title='bbox 1082 1597 1243 1664; x_wconf 79' lang='lat' dir='ltr'><strong>Dominus</strong></span> <span class='ocrx_word' id='word_1_67' title='bbox 1268 1604 1325 1664; x_wconf 92' lang='lat' dir='ltr'><strong>etc.</strong></span> <span class='ocrx_word' id='word_1_68' title='bbox 1343 1598 1414 1662; x_wconf 88' lang='lat' dir='ltr'><strong>Post</strong></span> <span class='ocrx_word' id='word_1_69' title='bbox 1428 1615 1479 1662; x_wconf 88' lang='lat' dir='ltr'><strong>ra-</strong></span> 
     </span>
    </p>
   </div>
   <div class='ocr_carea' id='block_1_3' title="bbox 358 1701 1479 1828">
    <p class='ocr_par' dir='ltr' id='par_1_4' title="bbox 358 1701 1479 1828">
     <span class='ocr_line' id='line_1_11' title="bbox 358 1701 1479 1828; baseline 0 -60"><span class='ocrx_word' id='word_1_70' title='bbox 358 1717 504 1828; x_wconf 48' lang='lat' dir='ltr'><strong>rffiugian</strong></span> <span class='ocrx_word' id='word_1_71' title='bbox 524 1705 639 1772; x_wconf 90' lang='lat' dir='ltr'><strong>tionem</strong></span> <span class='ocrx_word' id='word_1_72' title='bbox 674 1703 842 1786; x_wconf 92' lang='lat' dir='ltr'><strong>parabolae</strong></span> <span class='ocrx_word' id='word_1_73' title='bbox 874 1703 1119 1770; x_wconf 78' lang='lat' dir='ltr'><strong>introducendae</strong></span> <span class='ocrx_word' id='word_1_74' title='bbox 1155 1709 1185 1768; x_wconf 92' lang='lat' dir='ltr'><strong>et</strong></span> <span class='ocrx_word' id='word_1_75' title='bbox 1217 1701 1479 1768; x_wconf 87' lang='lat' dir='ltr'><strong>introductionem</strong></span> 
     </span>
    </p>
   </div>
   <div class='ocr_carea' id='block_1_4' title="bbox 521 1807 1478 1894">
    <p class='ocr_par' dir='ltr' id='par_1_5' title="bbox 521 1807 1478 1894">
     <span class='ocr_line' id='line_1_12' title="bbox 521 1807 1478 1894; baseline -0.006 -17"><span class='ocrx_word' id='word_1_76' title='bbox 521 1827 621 1894; x_wconf 80' lang='lat' dir='ltr'><strong>ipsius</strong></span> <span class='ocrx_word' id='word_1_77' title='bbox 635 1811 802 1894; x_wconf 90' lang='lat' dir='ltr'><strong>parabolae</strong></span> <span class='ocrx_word' id='word_1_78' title='bbox 818 1811 964 1894; x_wconf 89' lang='lat' dir='ltr'><strong>sequitur</strong></span> <span class='ocrx_word' id='word_1_79' title='bbox 976 1811 1029 1876; x_wconf 89' lang='lat' dir='ltr'><strong>hic</strong></span> <span class='ocrx_word' id='word_1_80' title='bbox 1040 1807 1215 1894; x_wconf 86' lang='lat' dir='ltr'><strong>adaptatio</strong></span> <span class='ocrx_word' id='word_1_81' title='bbox 1226 1809 1434 1876; x_wconf 85' lang='lat' dir='ltr'><strong>introductae</strong></span> <span class='ocrx_word' id='word_1_82' title='bbox 1448 1809 1478 1890; x_wconf 72' lang='grc'><strong>3;</strong></span> 
     </span>
    </p>
   </div>
   <div class='ocr_carea' id='block_1_5' title="bbox 501 1913 1479 2000">
    <p class='ocr_par' dir='ltr' id='par_1_6' title="bbox 501 1913 1479 2000">
     <span class='ocr_line' id='line_1_13' title="bbox 501 1913 1479 2000; baseline -0.004 -16"><span class='ocrx_word' id='word_1_83' title='bbox 501 1917 606 1984; x_wconf 44' lang='lat' dir='ltr'><strong>wcirca</strong></span> <span class='ocrx_word' id='word_1_84' title='bbox 627 1933 723 2000; x_wconf 90' lang='lat' dir='ltr'><strong>quam</strong></span> <span class='ocrx_word' id='word_1_85' title='bbox 746 1917 807 1982; x_wconf 91' lang='lat' dir='ltr'><strong>tria</strong></span> <span class='ocrx_word' id='word_1_86' title='bbox 830 1915 1086 1982; x_wconf 89' lang='lat' dir='ltr'><strong>introducuntur.</strong></span> <span class='ocrx_word' id='word_1_87' title='bbox 1112 1915 1288 1980; x_wconf 82' lang='lat' dir='ltr'><strong>Encitatar</strong></span> <span class='ocrx_word' id='word_1_88' title='bbox 1310 1915 1395 1980; x_wconf 89' lang='lat' dir='ltr'><strong>enim</strong></span> <span class='ocrx_word' id='word_1_89' title='bbox 1418 1913 1479 1980; x_wconf 77' lang='lat' dir='ltr'><strong>du-</strong></span> 
     </span>
    </p>
   </div>
   <div class='ocr_carea' id='block_1_6' title="bbox 430 2005 1479 2108">
    <p class='ocr_par' dir='ltr' id='par_1_7' title="bbox 430 2005 1479 2108">
     <span class='ocr_line' id='line_1_14' title="bbox 430 2005 1479 2108; baseline 0 -22"><span class='ocrx_word' id='word_1_90' title='bbox 430 2005 440 2026; x_wconf 76' lang='grc'><strong><em>’</em></strong></span> <span class='ocrx_word' id='word_1_91' title='bbox 521 2041 626 2086; x_wconf 81' lang='lat' dir='ltr'><strong>nnana</strong></span> <span class='ocrx_word' id='word_1_92' title='bbox 653 2021 845 2100; x_wconf 80' lang='lat' dir='ltr'><strong>acccil&#39;cntia,</strong></span> <span class='ocrx_word' id='word_1_93' title='bbox 869 2021 1012 2108; x_wconf 79' lang='lat' dir='ltr'><strong>eripitur</strong></span> <span class='ocrx_word' id='word_1_94' title='bbox 1028 2019 1157 2106; x_wconf 69' lang='lat' dir='ltr'><strong>fiducia</strong></span> <span class='ocrx_word' id='word_1_95' title='bbox 1179 2027 1212 2086; x_wconf 89' lang='lat' dir='ltr'><strong>et</strong></span> <span class='ocrx_word' id='word_1_96' title='bbox 1234 2021 1397 2106; x_wconf 83' lang='lat' dir='ltr'><strong>arquitur</strong></span> <span class='ocrx_word' id='word_1_97' title='bbox 1413 2019 1479 2106; x_wconf 74' lang='lat' dir='ltr'><strong>dif-</strong></span> 
     </span>
    </p>
   </div>
   <div class='ocr_carea' id='block_1_7' title="bbox 521 2125 1480 3166">
    <p class='ocr_par' dir='ltr' id='par_1_8' title="bbox 521 2125 670 2212">
     <span class='ocr_line' id='line_1_15' title="bbox 521 2125 670 2212; baseline 0.013 -20"><span class='ocrx_word' id='word_1_98' title='bbox 521 2125 670 2212; x_wconf 79' lang='lat' dir='ltr'><strong>fidentia.</strong></span> 
     </span>
    </p>

    <p class='ocr_par' dir='ltr' id='par_1_9' title="bbox 522 2231 1480 3166">
     <span class='ocr_line' id='line_1_16' title="bbox 611 2231 1479 2316; baseline 0 -20"><span class='ocrx_word' id='word_1_99' title='bbox 611 2231 714 2296; x_wconf 90' lang='lat' dir='ltr'><strong>Primo</strong></span> <span class='ocrx_word' id='word_1_100' title='bbox 738 2231 834 2316; x_wconf 90' lang='lat' dir='ltr'><strong>igitur</strong></span> <span class='ocrx_word' id='word_1_101' title='bbox 859 2239 1011 2316; x_wconf 90' lang='lat' dir='ltr'><strong>quantum</strong></span> <span class='ocrx_word' id='word_1_102' title='bbox 1030 2231 1067 2296; x_wconf 91' lang='lat' dir='ltr'><strong>ad</strong></span> <span class='ocrx_word' id='word_1_103' title='bbox 1089 2231 1316 2296; x_wconf 74' lang='lat' dir='ltr'><strong>excitationem</strong></span> <span class='ocrx_word' id='word_1_104' title='bbox 1342 2231 1479 2296; x_wconf 87' lang='lat' dir='ltr'><strong>andien-</strong></span> 
     </span>
     <span class='ocr_line' id='line_1_17' title="bbox 524 2335 1480 2424; baseline -0.002 -22"><span class='ocrx_word' id='word_1_105' title='bbox 524 2337 588 2404; x_wconf 89' lang='lat' dir='ltr'><strong>tioe</strong></span> <span class='ocrx_word' id='word_1_106' title='bbox 604 2337 740 2402; x_wconf 92' lang='lat' dir='ltr'><strong>dicitur:</strong></span> <span class='ocrx_word' id='word_1_107' title='bbox 758 2337 815 2402; x_wconf 83' lang='lat' dir='ltr'><strong>Ait</strong></span> <span class='ocrx_word' id='word_1_108' title='bbox 831 2347 939 2402; x_wconf 82' lang='lat' dir='ltr'><strong>elatem</strong></span> <span class='ocrx_word' id='word_1_109' title='bbox 966 2337 1148 2402; x_wconf 88' lang='lat' dir='ltr'><strong>Dominus:</strong></span> <span class='ocrx_word' id='word_1_110' title='bbox 1173 2335 1312 2416; x_wconf 76' lang='lat' dir='ltr'><strong>dadila,</strong></span> <span class='ocrx_word' id='word_1_111' title='bbox 1331 2337 1412 2424; x_wconf 88' lang='lat' dir='ltr'><strong>quid</strong></span> <span class='ocrx_word' id='word_1_112' title='bbox 1427 2335 1480 2402; x_wconf 87' lang='lat' dir='ltr'><strong>iu-</strong></span> 
     </span>
     <span class='ocr_line' id='line_1_18' title="bbox 522 2441 1480 2530; baseline -0.001 -22"><span class='ocrx_word' id='word_1_113' title='bbox 522 2443 585 2508; x_wconf 82' lang='lat' dir='ltr'><strong>dea</strong></span> <span class='ocrx_word' id='word_1_114' title='bbox 602 2441 790 2530; x_wconf 86' lang='lat' dir='ltr'><strong>iniquitatis</strong></span> <span class='ocrx_word' id='word_1_115' title='bbox 805 2443 896 2522; x_wconf 86' lang='lat' dir='ltr'><strong>dicit,</strong></span> <span class='ocrx_word' id='word_1_116' title='bbox 913 2441 942 2508; x_wconf 95' lang='lat' dir='ltr'><strong>id</strong></span> <span class='ocrx_word' id='word_1_117' title='bbox 961 2449 1023 2518; x_wconf 91' lang='grc' dir='ltr'><strong>θεῖ,</strong></span> <span class='ocrx_word' id='word_1_118' title='bbox 1040 2443 1233 2510; x_wconf 89' lang='lat' dir='ltr'><strong>considerate</strong></span> <span class='ocrx_word' id='word_1_119' title='bbox 1248 2443 1347 2508; x_wconf 80' lang='lat' dir='ltr'><strong>bilius</strong></span> <span class='ocrx_word' id='word_1_120' title='bbox 1367 2441 1480 2508; x_wconf 91' lang='lat' dir='ltr'><strong>iudicis</strong></span> 
     </span>
     <span class='ocr_line' id='line_1_19' title="bbox 523 2547 1479 2634; baseline -0.002 -20"><span class='ocrx_word' id='word_1_121' title='bbox 523 2551 776 2632; x_wconf 73' lang='lat' dir='ltr'><strong>responsionem3</strong></span> <span class='ocrx_word' id='word_1_122' title='bbox 807 2547 840 2614; x_wconf 93' lang='lat' dir='ltr'><strong>iu</strong></span> <span class='ocrx_word' id='word_1_123' title='bbox 871 2567 934 2632; x_wconf 88' lang='lat' dir='ltr'><strong>qua</strong></span> <span class='ocrx_word' id='word_1_124' title='bbox 967 2547 1227 2614; x_wconf 90' lang='lat' dir='ltr'><strong>considerandum</strong></span> <span class='ocrx_word' id='word_1_125' title='bbox 1257 2555 1305 2614; x_wconf 89' lang='lat' dir='ltr'><strong>est</strong></span> <span class='ocrx_word' id='word_1_126' title='bbox 1334 2547 1479 2634; x_wconf 91' lang='lat' dir='ltr'><strong>quidem,</strong></span> 
     </span>
     <span class='ocr_line' id='line_1_20' title="bbox 524 2653 1480 2744; baseline -0.002 -20"><span class='ocrx_word' id='word_1_127' title='bbox 524 2664 661 2744; x_wconf 89' lang='lat' dir='ltr'><strong>quantae</strong></span> <span class='ocrx_word' id='word_1_128' title='bbox 683 2657 725 2724; x_wconf 89' lang='lat' dir='ltr'><strong>sit</strong></span> <span class='ocrx_word' id='word_1_129' title='bbox 746 2655 903 2722; x_wconf 88' lang='lat' dir='ltr'><strong>efficaciae</strong></span> <span class='ocrx_word' id='word_1_130' title='bbox 925 2653 1074 2722; x_wconf 92' lang='lat' dir='ltr'><strong>orationis</strong></span> <span class='ocrx_word' id='word_1_131' title='bbox 1092 2655 1255 2734; x_wconf 87' lang='lat' dir='ltr'><strong>instantia,</strong></span> <span class='ocrx_word' id='word_1_132' title='bbox 1274 2653 1347 2740; x_wconf 88' lang='lat' dir='ltr'><strong>quia</strong></span> <span class='ocrx_word' id='word_1_133' title='bbox 1362 2653 1480 2722; x_wconf 90' lang='lat' dir='ltr'><strong>instan-</strong></span> 
     </span>
     <span class='ocr_line' id='line_1_21' title="bbox 523 2761 1477 2848; baseline -0.003 -18"><span class='ocrx_word' id='word_1_134' title='bbox 523 2765 565 2830; x_wconf 86' lang='lat' dir='ltr'><strong>tia</strong></span> <span class='ocrx_word' id='word_1_135' title='bbox 589 2765 711 2848; x_wconf 91' lang='lat' dir='ltr'><strong>peperit</strong></span> <span class='ocrx_word' id='word_1_136' title='bbox 736 2761 926 2842; x_wconf 78' lang='lat' dir='ltr'><strong>molestiam,</strong></span> <span class='ocrx_word' id='word_1_137' title='bbox 947 2767 978 2828; x_wconf 92' lang='lat' dir='ltr'><strong>et</strong></span> <span class='ocrx_word' id='word_1_138' title='bbox 993 2761 1135 2828; x_wconf 89' lang='lat' dir='ltr'><strong>molestia</strong></span> <span class='ocrx_word' id='word_1_139' title='bbox 1159 2763 1293 2830; x_wconf 77' lang='lat' dir='ltr'><strong>extorsit</strong></span> <span class='ocrx_word' id='word_1_140' title='bbox 1315 2761 1477 2828; x_wconf 90' lang='lat' dir='ltr'><strong>iustitiam.</strong></span> 
     </span>
     <span class='ocr_line' id='line_1_22' title="bbox 524 2867 1479 2952; baseline -0.006 -14"><span class='ocrx_word' id='word_1_141' title='bbox 524 2869 610 2938; x_wconf 92' lang='lat' dir='ltr'><strong>Unde</strong></span> <span class='ocrx_word' id='word_1_142' title='bbox 632 2869 704 2934; x_wconf 90' lang='lat' dir='ltr'><strong>licet</strong></span> <span class='ocrx_word' id='word_1_143' title='bbox 735 2869 865 2934; x_wconf 90' lang='lat' dir='ltr'><strong>baberet</strong></span> <span class='ocrx_word' id='word_1_144' title='bbox 889 2885 942 2934; x_wconf 93' lang='lat' dir='ltr'><strong>cor</strong></span> <span class='ocrx_word' id='word_1_145' title='bbox 967 2867 1143 2952; x_wconf 91' lang='lat' dir='ltr'><strong>lapideum,</strong></span> <span class='ocrx_word' id='word_1_146' title='bbox 1167 2875 1273 2934; x_wconf 91' lang='lat' dir='ltr'><strong>motus</strong></span> <span class='ocrx_word' id='word_1_147' title='bbox 1296 2875 1401 2932; x_wconf 91' lang='lat' dir='ltr'><strong>tamen</strong></span> <span class='ocrx_word' id='word_1_148' title='bbox 1431 2871 1479 2932; x_wconf 91' lang='lat' dir='ltr'><strong>est</strong></span> 
     </span>
     <span class='ocr_line' id='line_1_23' title="bbox 524 2973 1480 3062; baseline -0.002 -20"><span class='ocrx_word' id='word_1_149' title='bbox 524 2981 654 3062; x_wconf 89' lang='lat' dir='ltr'><strong>propter</strong></span> <span class='ocrx_word' id='word_1_150' title='bbox 676 2975 882 3060; x_wconf 82' lang='lat' dir='ltr'><strong>frequentiam</strong></span> <span class='ocrx_word' id='word_1_151' title='bbox 909 2993 1055 3060; x_wconf 92' lang='lat' dir='ltr'><strong>precum,</strong></span> <span class='ocrx_word' id='word_1_152' title='bbox 1073 2983 1109 3040; x_wconf 90' lang='lat' dir='ltr'><strong>ut</strong></span> <span class='ocrx_word' id='word_1_153' title='bbox 1124 2973 1306 3050; x_wconf 81' lang='lat' dir='ltr'><strong>verificetur</strong></span> <span class='ocrx_word' id='word_1_154' title='bbox 1328 2975 1359 3040; x_wconf 94' lang='lat' dir='ltr'><strong>in</strong></span> <span class='ocrx_word' id='word_1_155' title='bbox 1374 2973 1428 3042; x_wconf 92' lang='lat' dir='ltr'><strong>illo</strong></span> <span class='ocrx_word' id='word_1_156' title='bbox 1444 2973 1480 3040; x_wconf 89' lang='lat' dir='ltr'><strong>il-</strong></span> 
     </span>
     <span class='ocr_line' id='line_1_24' title="bbox 524 3081 807 3166; baseline -0.007 -18"><span class='ocrx_word' id='word_1_157' title='bbox 524 3081 577 3148; x_wconf 89' lang='lat' dir='ltr'><strong>lnd</strong></span> <span class='ocrx_word' id='word_1_158' title='bbox 603 3081 758 3166; x_wconf 92' lang='lat' dir='ltr'><strong>poeticum</strong></span> <span class='ocrx_word' id='word_1_159' title='bbox 772 3083 807 3146; x_wconf 78' lang='lat'><strong>4:</strong></span> 
     </span>
    </p>
   </div>
   <div class='ocr_carea' id='block_1_8' title="bbox 599 3257 1450 3324">
    <p class='ocr_par' dir='ltr' id='par_1_10' title="bbox 599 3257 1450 3324">
     <span class='ocr_line' id='line_1_25' title="bbox 599 3257 1450 3324; baseline -0.004 -14"><span class='ocrx_word' id='word_1_160' title='bbox 599 3277 612 3304; x_wconf 78' lang='grc' dir='ltr'>α</span> <span class='ocrx_word' id='word_1_161' title='bbox 624 3259 701 3310; x_wconf 85' lang='lat' dir='ltr'><strong>Gutta</strong></span> <span class='ocrx_word' id='word_1_162' title='bbox 722 3263 797 3310; x_wconf 48' lang='lat' dir='ltr'><strong>cassat</strong></span> <span class='ocrx_word' id='word_1_163' title='bbox 814 3257 941 3322; x_wconf 81' lang='lat' dir='ltr'><strong>lapidem,</strong></span> <span class='ocrx_word' id='word_1_164' title='bbox 962 3271 1014 3310; x_wconf 91' lang='lat' dir='ltr'><strong>non</strong></span> <span class='ocrx_word' id='word_1_165' title='bbox 1034 3257 1074 3322; x_wconf 89' lang='lat' dir='ltr'><strong>vi,</strong></span> <span class='ocrx_word' id='word_1_166' title='bbox 1094 3257 1139 3312; x_wconf 88' lang='lat' dir='ltr'><strong>sed</strong></span> <span class='ocrx_word' id='word_1_167' title='bbox 1160 3271 1238 3324; x_wconf 87' lang='lat' dir='ltr'><strong>saepe</strong></span> <span class='ocrx_word' id='word_1_168' title='bbox 1258 3259 1375 3310; x_wconf 88' lang='lat' dir='ltr'><strong>cadendo</strong></span> <span class='ocrx_word' id='word_1_169' title='bbox 1391 3277 1415 3310; x_wconf 78' lang='lat' dir='ltr'><strong>a.</strong></span> <span class='ocrx_word' id='word_1_170' title='bbox 1449 3301 1450 3304; x_wconf 70' lang='grc'>,</span> 
     </span>
    </p>
   </div>
   <div class='ocr_carea' id='block_1_9' title="bbox 523 3399 1482 3902">
    <p class='ocr_par' dir='ltr' id='par_1_11' title="bbox 523 3399 1482 3902">
     <span class='ocr_line' id='line_1_26' title="bbox 523 3399 1476 3484; baseline 0.002 -20"><span class='ocrx_word' id='word_1_171' title='bbox 523 3399 608 3466; x_wconf 92' lang='lat' dir='ltr'><strong>Licet</strong></span> <span class='ocrx_word' id='word_1_172' title='bbox 629 3403 711 3466; x_wconf 91' lang='lat' dir='ltr'><strong>esset</strong></span> <span class='ocrx_word' id='word_1_173' title='bbox 734 3399 765 3464; x_wconf 94' lang='lat' dir='ltr'><strong>in</strong></span> <span class='ocrx_word' id='word_1_174' title='bbox 790 3417 825 3464; x_wconf 92' lang='lat' dir='ltr'><strong>eo</strong></span> <span class='ocrx_word' id='word_1_175' title='bbox 851 3399 1015 3484; x_wconf 89' lang='lat' dir='ltr'><strong>iniquitas,</strong></span> <span class='ocrx_word' id='word_1_176' title='bbox 1040 3399 1223 3484; x_wconf 92' lang='lat' dir='ltr'><strong>compulsus</strong></span> <span class='ocrx_word' id='word_1_177' title='bbox 1245 3405 1293 3466; x_wconf 93' lang='lat' dir='ltr'><strong>est</strong></span> <span class='ocrx_word' id='word_1_178' title='bbox 1316 3405 1419 3466; x_wconf 91' lang='lat' dir='ltr'><strong>tamen</strong></span> <span class='ocrx_word' id='word_1_179' title='bbox 1436 3399 1476 3466; x_wconf 89' lang='lat' dir='ltr'><strong>ad</strong></span> 
     </span>
     <span class='ocr_line' id='line_1_27' title="bbox 525 3503 1482 3586; baseline 0.002 -18"><span class='ocrx_word' id='word_1_180' title='bbox 525 3505 713 3570; x_wconf 86' lang='lat' dir='ltr'><strong>reddendam</strong></span> <span class='ocrx_word' id='word_1_181' title='bbox 736 3503 885 3568; x_wconf 89' lang='lat' dir='ltr'><strong>iustitiam</strong></span> <span class='ocrx_word' id='word_1_182' title='bbox 912 3521 969 3586; x_wconf 92' lang='lat' dir='ltr'><strong>per</strong></span> <span class='ocrx_word' id='word_1_183' title='bbox 991 3503 1104 3570; x_wconf 84' lang='lat' dir='ltr'><strong>viduae</strong></span> <span class='ocrx_word' id='word_1_184' title='bbox 1127 3503 1341 3586; x_wconf 89' lang='lat' dir='ltr'><strong>importunam</strong></span> <span class='ocrx_word' id='word_1_185' title='bbox 1363 3505 1482 3572; x_wconf 88' lang='lat' dir='ltr'><strong>instan-</strong></span> 
     </span>
     <span class='ocr_line' id='line_1_28' title="bbox 525 3606 1482 3692; baseline 0.002 -20"><span class='ocrx_word' id='word_1_186' title='bbox 525 3607 620 3686; x_wconf 92' lang='lat' dir='ltr'><strong>tiam;</strong></span> <span class='ocrx_word' id='word_1_187' title='bbox 645 3625 686 3672; x_wconf 84' lang='lat' dir='ltr'><strong>en</strong></span> <span class='ocrx_word' id='word_1_188' title='bbox 720 3625 783 3690; x_wconf 93' lang='lat' dir='ltr'><strong>quo</strong></span> <span class='ocrx_word' id='word_1_189' title='bbox 810 3606 1031 3690; x_wconf 80' lang='lat' dir='ltr'><strong>intelligimus,</strong></span> <span class='ocrx_word' id='word_1_190' title='bbox 1061 3607 1172 3690; x_wconf 90' lang='lat' dir='ltr'><strong>quodsi</strong></span> <span class='ocrx_word' id='word_1_191' title='bbox 1202 3607 1349 3672; x_wconf 87' lang='lat' dir='ltr'><strong>instantia</strong></span> <span class='ocrx_word' id='word_1_192' title='bbox 1379 3609 1482 3692; x_wconf 90' lang='lat' dir='ltr'><strong>precis</strong></span> 
     </span>
     <span class='ocr_line' id='line_1_29' title="bbox 524 3709 1482 3778; baseline 0.001 -1"><span class='ocrx_word' id='word_1_193' title='bbox 524 3711 675 3778; x_wconf 84' lang='lat' dir='ltr'><strong>emollivit</strong></span> <span class='ocrx_word' id='word_1_194' title='bbox 698 3709 835 3778; x_wconf 88' lang='lat' dir='ltr'><strong>iudicem</strong></span> <span class='ocrx_word' id='word_1_195' title='bbox 859 3711 1064 3776; x_wconf 91' lang='lat' dir='ltr'><strong>durissimum</strong></span> <span class='ocrx_word' id='word_1_196' title='bbox 1097 3717 1126 3778; x_wconf 89' lang='lat' dir='ltr'><strong>et</strong></span> <span class='ocrx_word' id='word_1_197' title='bbox 1159 3711 1317 3778; x_wconf 84' lang='lat' dir='ltr'><strong>inclinarit</strong></span> <span class='ocrx_word' id='word_1_198' title='bbox 1342 3711 1482 3778; x_wconf 93' lang='lat' dir='ltr'><strong>iniustis·</strong></span> 
     </span>
     <span class='ocr_line' id='line_1_30' title="bbox 524 3815 1480 3902; baseline 0 -20"><span class='ocrx_word' id='word_1_199' title='bbox 524 3817 639 3882; x_wconf 94' lang='lat' dir='ltr'><strong>simum</strong></span> <span class='ocrx_word' id='word_1_200' title='bbox 664 3815 701 3880; x_wconf 93' lang='lat' dir='ltr'><strong>ad</strong></span> <span class='ocrx_word' id='word_1_201' title='bbox 726 3815 903 3884; x_wconf 85' lang='lat' dir='ltr'><strong>faciendum</strong></span> <span class='ocrx_word' id='word_1_202' title='bbox 932 3815 1103 3896; x_wconf 91' lang='lat' dir='ltr'><strong>iudicium;</strong></span> <span class='ocrx_word' id='word_1_203' title='bbox 1134 3817 1220 3902; x_wconf 91' lang='lat' dir='ltr'><strong>qnod</strong></span> <span class='ocrx_word' id='word_1_204' title='bbox 1242 3817 1344 3884; x_wconf 91' lang='lat' dir='ltr'><strong>multo</strong></span> <span class='ocrx_word' id='word_1_205' title='bbox 1365 3817 1480 3882; x_wconf 88' lang='lat' dir='ltr'><strong>lortius</strong></span> 
     </span>
    </p>
   </div>
   <div class='ocr_carea' id='block_1_10' title="bbox 524 3919 1529 4006">
    <p class='ocr_par' dir='ltr' id='par_1_12' title="bbox 524 3919 1529 4006">
     <span class='ocr_line' id='line_1_31' title="bbox 524 3919 1529 4006; baseline 0.002 -20"><span class='ocrx_word' id='word_1_206' title='bbox 524 3919 685 3986; x_wconf 77' lang='lat' dir='ltr'><strong>inclinabit</strong></span> <span class='ocrx_word' id='word_1_207' title='bbox 711 3921 808 3986; x_wconf 90' lang='lat' dir='ltr'><strong>Deum</strong></span> <span class='ocrx_word' id='word_1_208' title='bbox 842 3921 927 4006; x_wconf 94' lang='lat' dir='ltr'><strong>pium</strong></span> <span class='ocrx_word' id='word_1_209' title='bbox 960 3927 990 3988; x_wconf 91' lang='lat' dir='ltr'><strong>et</strong></span> <span class='ocrx_word' id='word_1_210' title='bbox 1021 3921 1151 3988; x_wconf 90' lang='lat' dir='ltr'><strong>iustum.</strong></span> <span class='ocrx_word' id='word_1_211' title='bbox 1180 3921 1266 3988; x_wconf 88' lang='lat' dir='ltr'><strong>Unde</strong></span> <span class='ocrx_word' id='word_1_212' title='bbox 1297 3921 1482 4006; x_wconf 85' lang='lat' dir='ltr'><strong>Chrysosto-</strong></span> <span class='ocrx_word' id='word_1_213' title='bbox 1528 3961 1529 3964; x_wconf 60' lang='lat'><em>=</em></span> 
     </span>
    </p>
   </div>
   <div class='ocr_carea' id='block_1_11' title="bbox 524 4025 1481 4322">
    <p class='ocr_par' dir='ltr' id='par_1_13' title="bbox 524 4025 1481 4322">
     <span class='ocr_line' id='line_1_32' title="bbox 526 4025 1481 4108; baseline 0.004 -16"><span class='ocrx_word' id='word_1_214' title='bbox 526 4027 639 4092; x_wconf 63' lang='lat' dir='ltr'><strong>musi:</strong></span> <span class='ocrx_word' id='word_1_215' title='bbox 670 4027 775 4092; x_wconf 72' lang='lat' dir='ltr'><strong>«Non</strong></span> <span class='ocrx_word' id='word_1_216' title='bbox 806 4025 905 4092; x_wconf 86' lang='lat' dir='ltr'><strong>iudex</strong></span> <span class='ocrx_word' id='word_1_217' title='bbox 935 4027 1023 4106; x_wconf 86' lang='lat' dir='ltr'><strong>talis,</strong></span> <span class='ocrx_word' id='word_1_218' title='bbox 1054 4027 1116 4094; x_wconf 87' lang='lat' dir='ltr'><strong>fide</strong></span> <span class='ocrx_word' id='word_1_219' title='bbox 1148 4025 1322 4094; x_wconf 81' lang='lat' dir='ltr'><strong>dilectionis</strong></span> <span class='ocrx_word' id='word_1_220' title='bbox 1353 4045 1481 4108; x_wconf 78' lang='lat' dir='ltr'><strong>carane,</strong></span> 
     </span>
     <span class='ocr_line' id='line_1_33' title="bbox 524 4131 1481 4216; baseline 0.002 -18"><span class='ocrx_word' id='word_1_221' title='bbox 524 4131 626 4198; x_wconf 87' lang='lat' dir='ltr'><strong>taedio</strong></span> <span class='ocrx_word' id='word_1_222' title='bbox 649 4131 849 4216; x_wconf 90' lang='lat' dir='ltr'><strong>compulsus,</strong></span> <span class='ocrx_word' id='word_1_223' title='bbox 871 4151 929 4198; x_wconf 92' lang='lat' dir='ltr'><strong>neo</strong></span> <span class='ocrx_word' id='word_1_224' title='bbox 953 4133 1035 4200; x_wconf 90' lang='lat' dir='ltr'><strong>actio</strong></span> <span class='ocrx_word' id='word_1_225' title='bbox 1057 4133 1125 4198; x_wconf 92' lang='lat' dir='ltr'><strong>eius</strong></span> <span class='ocrx_word' id='word_1_226' title='bbox 1149 4133 1200 4198; x_wconf 91' lang='lat' dir='ltr'><strong>hic</strong></span> <span class='ocrx_word' id='word_1_227' title='bbox 1224 4131 1344 4198; x_wconf 89' lang='lat' dir='ltr'><strong>laudari</strong></span> <span class='ocrx_word' id='word_1_228' title='bbox 1361 4141 1481 4216; x_wconf 90' lang='lat' dir='ltr'><strong>potest;</strong></span> 
     </span>
     <span class='ocr_line' id='line_1_34' title="bbox 524 4235 1481 4322; baseline 0.001 -18"><span class='ocrx_word' id='word_1_229' title='bbox 524 4237 597 4314; x_wconf 91' lang='lat' dir='ltr'><strong>sed,</strong></span> <span class='ocrx_word' id='word_1_230' title='bbox 620 4235 646 4300; x_wconf 91' lang='lat' dir='ltr'><strong>si</strong></span> <span class='ocrx_word' id='word_1_231' title='bbox 677 4235 736 4302; x_wconf 89' lang='lat' dir='ltr'><strong>iste</strong></span> <span class='ocrx_word' id='word_1_232' title='bbox 767 4253 969 4322; x_wconf 92' lang='lat' dir='ltr'><strong>quocumque</strong></span> <span class='ocrx_word' id='word_1_233' title='bbox 1000 4237 1106 4304; x_wconf 89' lang='lat' dir='ltr'><strong>animo</strong></span> <span class='ocrx_word' id='word_1_234' title='bbox 1137 4237 1225 4304; x_wconf 93' lang='lat' dir='ltr'><strong>ultus</strong></span> <span class='ocrx_word' id='word_1_235' title='bbox 1254 4243 1302 4304; x_wconf 93' lang='lat' dir='ltr'><strong>est</strong></span> <span class='ocrx_word' id='word_1_236' title='bbox 1334 4237 1481 4318; x_wconf 83' lang='lat' dir='ltr'><strong>uiduam,</strong></span> 
     </span>
    </p>
   </div>
   <div class='ocr_carea' id='block_1_12' title="bbox 434 4340 1480 4432">
    <p class='ocr_par' dir='ltr' id='par_1_14' title="bbox 434 4340 1480 4432">
     <span class='ocr_line' id='line_1_35' title="bbox 434 4340 1480 4432; baseline 0 -24"><span class='ocrx_word' id='word_1_237' title='bbox 434 4393 436 4400; x_wconf 64' lang='lat'><strong>.</strong></span> <span class='ocrx_word' id='word_1_238' title='bbox 499 4343 610 4432; x_wconf 90' lang='lat' dir='ltr'><strong>Deus</strong></span> <span class='ocrx_word' id='word_1_239' title='bbox 631 4340 731 4408; x_wconf 82' lang='lat' dir='ltr'><strong>iudex</strong></span> <span class='ocrx_word' id='word_1_240' title='bbox 753 4341 891 4408; x_wconf 83' lang='lat' dir='ltr'><strong>maxime</strong></span> <span class='ocrx_word' id='word_1_241' title='bbox 919 4341 1092 4408; x_wconf 77' lang='lat' dir='ltr'><strong>ulciscetur</strong></span> <span class='ocrx_word' id='word_1_242' title='bbox 1121 4361 1253 4408; x_wconf 92' lang='lat' dir='ltr'><strong>suorum</strong></span> <span class='ocrx_word' id='word_1_243' title='bbox 1285 4341 1432 4410; x_wconf 90' lang='lat' dir='ltr'><strong>iniuriam</strong></span> <span class='ocrx_word' id='word_1_244' title='bbox 1451 4371 1480 4408; x_wconf 78' lang='lat' dir='ltr'><strong>a.</strong></span> 
     </span>
    </p>
   </div>
   <div class='ocr_carea' id='block_1_13' title="bbox 524 4447 1483 4738">
    <p class='ocr_par' dir='ltr' id='par_1_15' title="bbox 524 4447 1483 4738">
     <span class='ocr_line' id='line_1_36' title="bbox 524 4447 1483 4532; baseline 0.002 -20"><span class='ocrx_word' id='word_1_245' title='bbox 524 4449 570 4512; x_wconf 86' lang='lat' dir='ltr'><strong>Ex</strong></span> <span class='ocrx_word' id='word_1_246' title='bbox 593 4461 660 4532; x_wconf 72' lang='lat' dir='ltr'><strong>&#39;quo</strong></span> <span class='ocrx_word' id='word_1_247' title='bbox 682 4449 762 4514; x_wconf 92' lang='lat' dir='ltr'><strong>miro</strong></span> <span class='ocrx_word' id='word_1_248' title='bbox 788 4447 878 4515; x_wconf 93' lang='lat' dir='ltr'><strong>modo</strong></span> <span class='ocrx_word' id='word_1_249' title='bbox 903 4447 1046 4514; x_wconf 89' lang='lat' dir='ltr'><strong>instantis</strong></span> <span class='ocrx_word' id='word_1_250' title='bbox 1067 4447 1219 4516; x_wconf 90' lang='lat' dir='ltr'><strong>orationis</strong></span> <span class='ocrx_word' id='word_1_251' title='bbox 1240 4447 1416 4514; x_wconf 86' lang='lat' dir='ltr'><strong>ostenditur</strong></span> <span class='ocrx_word' id='word_1_252' title='bbox 1439 4449 1483 4514; x_wconf 86' lang='lat' dir='ltr'><strong>el·</strong></span> 
     </span>
     <span class='ocr_line' id='line_1_37' title="bbox 525 4553 1482 4638; baseline 0.002 -20"><span class='ocrx_word' id='word_1_253' title='bbox 525 4553 650 4630; x_wconf 85' lang='lat' dir='ltr'><strong>ficaria,</strong></span> <span class='ocrx_word' id='word_1_254' title='bbox 674 4555 747 4636; x_wconf 90' lang='lat' dir='ltr'><strong>quia</strong></span> <span class='ocrx_word' id='word_1_255' title='bbox 772 4555 823 4618; x_wconf 91' lang='lat' dir='ltr'><strong>ille</strong></span> <span class='ocrx_word' id='word_1_256' title='bbox 848 4553 900 4638; x_wconf 94' lang='lat' dir='ltr'><strong>qui</strong></span> <span class='ocrx_word' id='word_1_257' title='bbox 925 4571 983 4620; x_wconf 93' lang='lat' dir='ltr'><strong>nec</strong></span> <span class='ocrx_word' id='word_1_258' title='bbox 1006 4553 1107 4620; x_wconf 92' lang='lat' dir='ltr'><strong>Deum</strong></span> <span class='ocrx_word' id='word_1_259' title='bbox 1128 4553 1258 4620; x_wconf 88' lang='lat' dir='ltr'><strong>timebat</strong></span> <span class='ocrx_word' id='word_1_260' title='bbox 1275 4569 1332 4618; x_wconf 91' lang='lat' dir='ltr'><strong>nec</strong></span> <span class='ocrx_word' id='word_1_261' title='bbox 1348 4553 1482 4620; x_wconf 91' lang='lat' dir='ltr'><strong>bominis</strong></span> 
     </span>
     <span class='ocr_line' id='line_1_38' title="bbox 525 4657 1482 4738; baseline 0 -12"><span class='ocrx_word' id='word_1_262' title='bbox 525 4659 658 4726; x_wconf 89' lang='lat' dir='ltr'><strong>curabat</strong></span> <span class='ocrx_word' id='word_1_263' title='bbox 689 4657 912 4726; x_wconf 82' lang='lat' dir='ltr'><strong>verecundiam</strong></span> <span class='ocrx_word' id='word_1_264' title='bbox 941 4675 998 4726; x_wconf 88' lang='lat' dir='ltr'><strong>nec</strong></span> <span class='ocrx_word' id='word_1_265' title='bbox 1031 4657 1157 4724; x_wconf 91' lang='lat' dir='ltr'><strong>amabat</strong></span> <span class='ocrx_word' id='word_1_266' title='bbox 1186 4657 1356 4738; x_wconf 88' lang='lat' dir='ltr'><strong>iustitiam,</strong></span> <span class='ocrx_word' id='word_1_267' title='bbox 1379 4657 1482 4726; x_wconf 86' lang='lat' dir='ltr'><strong>rictus</strong></span> 
     </span>
    </p>
   </div>
   <div class='ocr_carea' id='block_1_14' title="bbox 426 4763 1413 4850">
    <p class='ocr_par' dir='ltr' id='par_1_16' title="bbox 426 4763 1413 4850">
     <span class='ocr_line' id='line_1_39' title="bbox 426 4763 1413 4850; baseline -0.007 -15"><span class='ocrx_word' id='word_1_268' title='bbox 426 4801 428 4804; x_wconf 96' lang='lat'>·</span> <span class='ocrx_word' id='word_1_269' title='bbox 525 4771 572 4834; x_wconf 91' lang='lat' dir='ltr'><strong>est</strong></span> <span class='ocrx_word' id='word_1_270' title='bbox 596 4785 614 4834; x_wconf 87' lang='lat' dir='ltr'><strong>a.</strong></span> <span class='ocrx_word' id='word_1_271' title='bbox 635 4765 732 4832; x_wconf 85' lang='lat' dir='ltr'><strong>vidua</strong></span> <span class='ocrx_word' id='word_1_272' title='bbox 752 4783 809 4850; x_wconf 92' lang='lat' dir='ltr'><strong>per</strong></span> <span class='ocrx_word' id='word_1_273' title='bbox 834 4783 963 4850; x_wconf 92' lang='lat' dir='ltr'><strong>precum</strong></span> <span class='ocrx_word' id='word_1_274' title='bbox 988 4763 1167 4832; x_wconf 89' lang='lat' dir='ltr'><strong>instantiam</strong></span> <span class='ocrx_word' id='word_1_275' title='bbox 1190 4763 1413 4848; x_wconf 90' lang='lat' dir='ltr'><strong>importunam.</strong></span> 
     </span>
    </p>
   </div>
   <div class='ocr_carea' id='block_1_15' title="bbox 525 4867 1483 5064">
    <p class='ocr_par' dir='ltr' id='par_1_17' title="bbox 525 4867 1483 5064">
     <span class='ocr_line' id='line_1_40' title="bbox 617 4867 1479 4956; baseline -0.002 -18"><span class='ocrx_word' id='word_1_276' title='bbox 617 4875 667 4938; x_wconf 91' lang='lat' dir='ltr'><strong>to.</strong></span> <span class='ocrx_word' id='word_1_277' title='bbox 692 4873 794 4956; x_wconf 82' lang='lat' dir='ltr'><strong>(Vers.</strong></span> <span class='ocrx_word' id='word_1_278' title='bbox 818 4873 872 4952; x_wconf 83' lang='lat'><strong>7.).</strong></span> <span class='ocrx_word' id='word_1_279' title='bbox 900 4871 1041 4938; x_wconf 90' lang='lat' dir='ltr'><strong>Secundo</strong></span> <span class='ocrx_word' id='word_1_280' title='bbox 1062 4875 1218 4954; x_wconf 89' lang='lat' dir='ltr'><strong>quantum</strong></span> <span class='ocrx_word' id='word_1_281' title='bbox 1233 4869 1273 4936; x_wconf 91' lang='lat' dir='ltr'><strong>ad</strong></span> <span class='ocrx_word' id='word_1_282' title='bbox 1288 4867 1479 4936; x_wconf 83' lang='lat' dir='ltr'><strong>erectionem</strong></span> 
     </span>
     <span class='ocr_line' id='line_1_41' title="bbox 525 4971 1483 5064; baseline -0.004 -20"><span class='ocrx_word' id='word_1_283' title='bbox 525 4975 694 5044; x_wconf 76' lang='lat' dir='ltr'><strong>alemenae</strong></span> <span class='ocrx_word' id='word_1_284' title='bbox 717 4975 861 5064; x_wconf 69' lang='lat' dir='ltr'><strong>fiduciae</strong></span> <span class='ocrx_word' id='word_1_285' title='bbox 884 4975 1011 5044; x_wconf 85' lang='lat' dir='ltr'><strong>subdit:</strong></span> <span class='ocrx_word' id='word_1_286' title='bbox 1037 4977 1124 5042; x_wconf 86' lang='lat' dir='ltr'><strong>Deus</strong></span> <span class='ocrx_word' id='word_1_287' title='bbox 1148 4981 1260 5042; x_wconf 88' lang='lat' dir='ltr'><strong>autem</strong></span> <span class='ocrx_word' id='word_1_288' title='bbox 1286 4993 1353 5040; x_wconf 92' lang='lat' dir='ltr'><strong>non</strong></span> <span class='ocrx_word' id='word_1_289' title='bbox 1380 4971 1483 5060; x_wconf 85' lang='lat' dir='ltr'><strong>faciet</strong></span> 
     </span>
    </p>
   </div>
   <div class='ocr_carea' id='block_1_16' title="bbox 524 5279 1483 6312">
    <p class='ocr_par' dir='ltr' id='par_1_18' title="bbox 524 5279 1483 5526">
     <span class='ocr_line' id='line_1_42' title="bbox 596 5279 1482 5348; baseline -0.002 -14"><span class='ocrx_word' id='word_1_290' title='bbox 596 5281 606 5312; x_wconf 80' lang='lat'>²</span> <span class='ocrx_word' id='word_1_291' title='bbox 625 5283 685 5336; x_wconf 88' lang='lat' dir='ltr'><strong>Vat.</strong></span> <span class='ocrx_word' id='word_1_292' title='bbox 703 5297 763 5334; x_wconf 92' lang='lat' dir='ltr'><strong>eum</strong></span> <span class='ocrx_word' id='word_1_293' title='bbox 784 5285 804 5334; x_wconf 87' lang='lat' dir='ltr'>G</span> <span class='ocrx_word' id='word_1_294' title='bbox 823 5281 1007 5348; x_wconf 74' lang='lat' dir='ltr'><strong>prosequitur:</strong></span> <span class='ocrx_word' id='word_1_295' title='bbox 1028 5279 1090 5334; x_wconf 82' lang='lat' dir='ltr'><strong>laiac</strong></span> <span class='ocrx_word' id='word_1_296' title='bbox 1107 5279 1168 5334; x_wconf 81' lang='lat' dir='ltr'><strong>inae</strong></span> <span class='ocrx_word' id='word_1_297' title='bbox 1185 5279 1251 5334; x_wconf 87' lang='lat' dir='ltr'><strong>odeo</strong></span> <span class='ocrx_word' id='word_1_298' title='bbox 1272 5283 1437 5344; x_wconf 86' lang='lat' dir='ltr'><strong>coarctatur,</strong></span> <span class='ocrx_word' id='word_1_299' title='bbox 1451 5285 1482 5332; x_wconf 88' lang='lat' dir='ltr'><strong>nt</strong></span> 
     </span>
     <span class='ocr_line' id='line_1_43' title="bbox 524 5367 1483 5438; baseline -0.002 -14"><span class='ocrx_word' id='word_1_300' title='bbox 524 5369 572 5424; x_wconf 84' lang='lat' dir='ltr'><strong>oie</strong></span> <span class='ocrx_word' id='word_1_301' title='bbox 588 5371 676 5436; x_wconf 86' lang='lat' dir='ltr'><strong>possit</strong></span> <span class='ocrx_word' id='word_1_302' title='bbox 692 5367 768 5438; x_wconf 87' lang='lat' dir='ltr'><strong>loqui</strong></span> <span class='ocrx_word' id='word_1_303' title='bbox 794 5383 876 5438; x_wconf 88' lang='lat' dir='ltr'><strong>aeque</strong></span> <span class='ocrx_word' id='word_1_304' title='bbox 896 5369 1034 5436; x_wconf 85' lang='lat' dir='ltr'><strong>respirare</strong></span> <span class='ocrx_word' id='word_1_305' title='bbox 1048 5367 1234 5436; x_wconf 86' lang='lat' dir='ltr'><strong>permittatur.</strong></span> <span class='ocrx_word' id='word_1_306' title='bbox 1257 5367 1303 5422; x_wconf 87' lang='lat' dir='ltr'><strong>Vel</strong></span> <span class='ocrx_word' id='word_1_307' title='bbox 1321 5367 1420 5422; x_wconf 85' lang='lat' dir='ltr'><strong>dicitur</strong></span> <span class='ocrx_word' id='word_1_308' title='bbox 1438 5381 1483 5422; x_wconf 87' lang='lat' dir='ltr'><strong>sn-</strong></span> 
     </span>
     <span class='ocr_line' id='line_1_44' title="bbox 524 5455 1462 5526; baseline 0 -16"><span class='ocrx_word' id='word_1_309' title='bbox 524 5455 630 5526; x_wconf 81' lang='lat' dir='ltr'><strong>pillari,</strong></span> <span class='ocrx_word' id='word_1_310' title='bbox 652 5457 698 5526; x_wconf 89' lang='lat' dir='ltr'><strong>qui</strong></span> <span class='ocrx_word' id='word_1_311' title='bbox 717 5461 790 5512; x_wconf 85' lang='lat' dir='ltr'><strong>tanto</strong></span> <span class='ocrx_word' id='word_1_312' title='bbox 808 5457 894 5512; x_wconf 88' lang='lat' dir='ltr'><strong>taedio</strong></span> <span class='ocrx_word' id='word_1_313' title='bbox 914 5457 1030 5526; x_wconf 73' lang='lat' dir='ltr'><strong>efficitur</strong></span> <span class='ocrx_word' id='word_1_314' title='bbox 1048 5463 1098 5510; x_wconf 89' lang='lat' dir='ltr'><strong>etc.</strong></span> <span class='ocrx_word' id='word_1_315' title='bbox 1115 5459 1165 5510; x_wconf 84' lang='lat' dir='ltr'><strong>Pro</strong></span> <span class='ocrx_word' id='word_1_316' title='bbox 1184 5455 1293 5526; x_wconf 83' lang='lat' dir='ltr'><strong>sapit-ar</strong></span> <span class='ocrx_word' id='word_1_317' title='bbox 1312 5455 1364 5510; x_wconf 90' lang='lat' dir='ltr'><strong>CD</strong></span> <span class='ocrx_word' id='word_1_318' title='bbox 1381 5455 1462 5526; x_wconf 78' lang='lat' dir='ltr'><strong>sapit.</strong></span> 
     </span>
    </p>

    <p class='ocr_par' dir='ltr' id='par_1_19' title="bbox 524 5545 1483 6140">
     <span class='ocr_line' id='line_1_45' title="bbox 596 5545 1481 5614; baseline 0.002 -18"><span class='ocrx_word' id='word_1_319' title='bbox 596 5545 607 5574; x_wconf 76' lang='lat' dir='ltr'><strong>a</strong></span> <span class='ocrx_word' id='word_1_320' title='bbox 625 5545 699 5598; x_wconf 89' lang='lat' dir='ltr'><strong>Vers.</strong></span> <span class='ocrx_word' id='word_1_321' title='bbox 712 5549 736 5608; x_wconf 87' lang='grc'><strong>3,</strong></span> <span class='ocrx_word' id='word_1_322' title='bbox 745 5545 771 5596; x_wconf 92' lang='lat' dir='ltr'><strong>iu</strong></span> <span class='ocrx_word' id='word_1_323' title='bbox 786 5559 840 5612; x_wconf 91' lang='lat' dir='ltr'><strong>qno</strong></span> <span class='ocrx_word' id='word_1_324' title='bbox 851 5559 898 5612; x_wconf 88' lang='lat' dir='ltr'><strong>pro</strong></span> <span class='ocrx_word' id='word_1_325' title='bbox 909 5559 1058 5600; x_wconf 88' lang='lat' dir='ltr'><strong>mammam</strong></span> <span class='ocrx_word' id='word_1_326' title='bbox 1073 5545 1116 5614; x_wconf 88' lang='lat' dir='ltr'><strong>(ita</strong></span> <span class='ocrx_word' id='word_1_327' title='bbox 1130 5545 1254 5614; x_wconf 78' lang='lat' dir='ltr'><strong>Vulgata)</strong></span> <span class='ocrx_word' id='word_1_328' title='bbox 1269 5547 1409 5610; x_wconf 84' lang='lat' dir='ltr'><strong>posuimus</strong></span> <span class='ocrx_word' id='word_1_329' title='bbox 1421 5559 1481 5598; x_wconf 91' lang='lat' dir='ltr'><strong>cum</strong></span> 
     </span>
     <span class='ocr_line' id='line_1_46' title="bbox 524 5631 1483 5700; baseline 0 -14"><span class='ocrx_word' id='word_1_330' title='bbox 524 5631 637 5686; x_wconf 82' lang='lat' dir='ltr'><strong>Acuu</strong></span> <span class='ocrx_word' id='word_1_331' title='bbox 657 5641 681 5686; x_wconf 92' lang='lat' dir='ltr'><strong>et</strong></span> <span class='ocrx_word' id='word_1_332' title='bbox 699 5635 869 5698; x_wconf 79' lang='lat' dir='ltr'><strong>Septuaginta</strong></span> <span class='ocrx_word' id='word_1_333' title='bbox 887 5647 1023 5688; x_wconf 89' lang='lat' dir='ltr'><strong>mammas</strong></span> <span class='ocrx_word' id='word_1_334' title='bbox 1043 5635 1088 5700; x_wconf 82' lang='lat' dir='ltr'><strong>(ita</strong></span> <span class='ocrx_word' id='word_1_335' title='bbox 1107 5635 1149 5686; x_wconf 88' lang='lat' dir='ltr'><strong>hic</strong></span> <span class='ocrx_word' id='word_1_336' title='bbox 1168 5635 1245 5687; x_wconf 91' lang='lat' dir='ltr'><strong>etiam</strong></span> <span class='ocrx_word' id='word_1_337' title='bbox 1265 5635 1342 5688; x_wconf 89' lang='lat' dir='ltr'><strong>Card.</strong></span> <span class='ocrx_word' id='word_1_338' title='bbox 1360 5635 1437 5698; x_wconf 83' lang='lat' dir='ltr'><strong>Hugo</strong></span> <span class='ocrx_word' id='word_1_339' title='bbox 1458 5641 1483 5686; x_wconf 92' lang='lat' dir='ltr'><strong>et</strong></span> 
     </span>
     <span class='ocr_line' id='line_1_47' title="bbox 524 5719 1482 5788; baseline 0.002 -16"><span class='ocrx_word' id='word_1_340' title='bbox 524 5721 554 5772; x_wconf 88' lang='lat' dir='ltr'><strong>B.</strong></span> <span class='ocrx_word' id='word_1_341' title='bbox 566 5719 684 5786; x_wconf 79' lang='lat' dir='ltr'><strong>bibent).</strong></span> <span class='ocrx_word' id='word_1_342' title='bbox 693 5747 730 5760; x_wconf 83' lang='lat'><em>-</em></span> <span class='ocrx_word' id='word_1_343' title='bbox 741 5721 892 5774; x_wconf 89' lang='lat' dir='ltr'><strong>Secundum</strong></span> <span class='ocrx_word' id='word_1_344' title='bbox 906 5721 1017 5784; x_wconf 79' lang='lat' dir='ltr'><strong>dragust.</strong></span> <span class='ocrx_word' id='word_1_345' title='bbox 1026 5761 1033 5786; x_wconf 89' lang='lat'><em>‚</em></span> <span class='ocrx_word' id='word_1_346' title='bbox 1043 5723 1070 5774; x_wconf 93' lang='lat' dir='ltr'><strong>ll.</strong></span> <span class='ocrx_word' id='word_1_347' title='bbox 1081 5723 1129 5788; x_wconf 87' lang='lat' dir='ltr'><strong>Qq.</strong></span> <span class='ocrx_word' id='word_1_348' title='bbox 1143 5721 1306 5786; x_wconf 76' lang='lat' dir='ltr'><strong>Euangeliou</strong></span> <span class='ocrx_word' id='word_1_349' title='bbox 1320 5737 1349 5788; x_wconf 90' lang='lat' dir='ltr'><strong>q.</strong></span> <span class='ocrx_word' id='word_1_350' title='bbox 1362 5719 1404 5774; x_wconf 76' lang='lat' dir='ltr'><strong>lu.</strong></span> <span class='ocrx_word' id='word_1_351' title='bbox 1418 5735 1443 5772; x_wconf 92' lang='lat' dir='ltr'><strong>n.</strong></span> <span class='ocrx_word' id='word_1_352' title='bbox 1459 5723 1482 5788; x_wconf 87' lang='lat' dir='ltr'><strong>l,</strong></span> 
     </span>
     <span class='ocr_line' id='line_1_48' title="bbox 526 5805 1482 5876; baseline 0.004 -16"><span class='ocrx_word' id='word_1_353' title='bbox 526 5811 591 5860; x_wconf 90' lang='lat' dir='ltr'><strong>baec</strong></span> <span class='ocrx_word' id='word_1_354' title='bbox 605 5807 747 5872; x_wconf 87' lang='lat' dir='ltr'><strong>propositio</strong></span> <span class='ocrx_word' id='word_1_355' title='bbox 759 5819 794 5860; x_wconf 88' lang='lat' dir='ltr'><strong>ne</strong></span> <span class='ocrx_word' id='word_1_356' title='bbox 805 5805 913 5860; x_wconf 85' lang='lat' dir='ltr'><strong>ueniens</strong></span> <span class='ocrx_word' id='word_1_357' title='bbox 929 5805 1041 5874; x_wconf 79' lang='lat' dir='ltr'><strong>sugillet</strong></span> <span class='ocrx_word' id='word_1_358' title='bbox 1055 5821 1100 5862; x_wconf 82' lang='lat' dir='ltr'><strong>ane</strong></span> <span class='ocrx_word' id='word_1_359' title='bbox 1117 5809 1265 5876; x_wconf 80' lang='lat' dir='ltr'><strong>aequivalet</strong></span> <span class='ocrx_word' id='word_1_360' title='bbox 1284 5809 1315 5860; x_wconf 90' lang='lat' dir='ltr'><strong>illi</strong></span> <span class='ocrx_word' id='word_1_361' title='bbox 1335 5821 1368 5860; x_wconf 87' lang='lat' dir='ltr'><strong>ne</strong></span> <span class='ocrx_word' id='word_1_362' title='bbox 1385 5807 1437 5862; x_wconf 87' lang='lat' dir='ltr'><strong>sibi</strong></span> <span class='ocrx_word' id='word_1_363' title='bbox 1448 5809 1482 5864; x_wconf 82' lang='lat' dir='ltr'><strong>ab</strong></span> 
     </span>
     <span class='ocr_line' id='line_1_49' title="bbox 524 5893 1482 5966; baseline -0.002 -16"><span class='ocrx_word' id='word_1_364' title='bbox 524 5895 571 5950; x_wconf 80' lang='lat' dir='ltr'><strong>itta</strong></span> <span class='ocrx_word' id='word_1_365' title='bbox 592 5893 710 5950; x_wconf 79' lang='lat' dir='ltr'><strong>laedium</strong></span> <span class='ocrx_word' id='word_1_366' title='bbox 728 5893 810 5964; x_wconf 75' lang='lat' dir='ltr'><strong>fieret.</strong></span> <span class='ocrx_word' id='word_1_367' title='bbox 829 5893 880 5946; x_wconf 83' lang='lat' dir='ltr'><strong>Cir.</strong></span> <span class='ocrx_word' id='word_1_368' title='bbox 899 5893 980 5958; x_wconf 90' lang='lat' dir='ltr'><strong>Epist.</strong></span> <span class='ocrx_word' id='word_1_369' title='bbox 1001 5895 1059 5948; x_wconf 78' lang='lat' dir='ltr'><strong>teo.</strong></span> <span class='ocrx_word' id='word_1_370' title='bbox 1080 5897 1153 5964; x_wconf 89' lang='lat' dir='ltr'><strong>(alias</strong></span> <span class='ocrx_word' id='word_1_371' title='bbox 1172 5897 1242 5966; x_wconf 75' lang='lat' dir='ltr'><strong>tel.)</strong></span> <span class='ocrx_word' id='word_1_372' title='bbox 1263 5911 1287 5950; x_wconf 87' lang='lat' dir='ltr'><strong>c.</strong></span> <span class='ocrx_word' id='word_1_373' title='bbox 1300 5899 1324 5948; x_wconf 91' lang='lat'><strong>8.</strong></span> <span class='ocrx_word' id='word_1_374' title='bbox 1340 5913 1364 5948; x_wconf 94' lang='lat' dir='ltr'><strong>n.</strong></span> <span class='ocrx_word' id='word_1_375' title='bbox 1378 5897 1421 5962; x_wconf 76' lang='lat' dir='ltr'><strong>la,</strong></span> <span class='ocrx_word' id='word_1_376' title='bbox 1435 5897 1482 5950; x_wconf 91' lang='lat' dir='ltr'><strong>ubi</strong></span> 
     </span>
     <span class='ocr_line' id='line_1_50' title="bbox 524 5981 1482 6054; baseline 0 -18"><span class='ocrx_word' id='word_1_377' title='bbox 524 5985 575 6036; x_wconf 82' lang='lat' dir='ltr'><strong>ait:</strong></span> <span class='ocrx_word' id='word_1_378' title='bbox 591 5983 702 6036; x_wconf 90' lang='lat' dir='ltr'><strong>iudicem</strong></span> <span class='ocrx_word' id='word_1_379' title='bbox 724 5981 843 6048; x_wconf 88' lang='lat' dir='ltr'><strong>iniquum</strong></span> <span class='ocrx_word' id='word_1_380' title='bbox 862 5995 939 6046; x_wconf 86' lang='lat' dir='ltr'><strong>saepe</strong></span> <span class='ocrx_word' id='word_1_381' title='bbox 959 5983 1147 6054; x_wconf 90' lang='lat' dir='ltr'><strong>interpellando</strong></span> <span class='ocrx_word' id='word_1_382' title='bbox 1166 5985 1235 6036; x_wconf 85' lang='lat' dir='ltr'><strong>llexil</strong></span> <span class='ocrx_word' id='word_1_383' title='bbox 1252 5985 1287 6036; x_wconf 90' lang='lat' dir='ltr'><strong>ad</strong></span> <span class='ocrx_word' id='word_1_384' title='bbox 1304 5985 1482 6052; x_wconf 89' lang='lat' dir='ltr'><strong>audiendum,</strong></span> 
     </span>
     <span class='ocr_line' id='line_1_51' title="bbox 524 6071 1481 6140; baseline 0 -15"><span class='ocrx_word' id='word_1_385' title='bbox 524 6085 577 6126; x_wconf 92' lang='lat' dir='ltr'><strong>non</strong></span> <span class='ocrx_word' id='word_1_386' title='bbox 596 6071 689 6124; x_wconf 87' lang='lat' dir='ltr'><strong>iustitia</strong></span> <span class='ocrx_word' id='word_1_387' title='bbox 709 6071 750 6122; x_wconf 85' lang='lat' dir='ltr'><strong>uel</strong></span> <span class='ocrx_word' id='word_1_388' title='bbox 770 6071 945 6124; x_wconf 83' lang='lat' dir='ltr'><strong>misericordia</strong></span> <span class='ocrx_word' id='word_1_389' title='bbox 967 6077 1130 6140; x_wconf 87' lang='lat' dir='ltr'><strong>permotum,</strong></span> <span class='ocrx_word' id='word_1_390' title='bbox 1150 6075 1196 6126; x_wconf 89' lang='lat' dir='ltr'><strong>scd</strong></span> <span class='ocrx_word' id='word_1_391' title='bbox 1216 6073 1299 6130; x_wconf 88' lang='lat' dir='ltr'><strong>taedio</strong></span> <span class='ocrx_word' id='word_1_392' title='bbox 1319 6079 1481 6138; x_wconf 89' lang='lat' dir='ltr'><strong>superatum.</strong></span> 
     </span>
    </p>

    <p class='ocr_par' dir='ltr' id='par_1_20' title="bbox 597 6157 867 6224">
     <span class='ocr_line' id='line_1_52' title="bbox 597 6157 867 6224; baseline -0.015 -10"><span class='ocrx_word' id='word_1_393' title='bbox 597 6157 678 6214; x_wconf 80' lang='lat' dir='ltr'><strong>³Clr.</strong></span> <span class='ocrx_word' id='word_1_394' title='bbox 695 6173 777 6224; x_wconf 89' lang='lat' dir='ltr'><strong>supra</strong></span> <span class='ocrx_word' id='word_1_395' title='bbox 796 6175 822 6210; x_wconf 92' lang='lat' dir='ltr'><strong>u.</strong></span> <span class='ocrx_word' id='word_1_396' title='bbox 844 6161 867 6210; x_wconf 92' lang='lat' dir='ltr'><strong>l.</strong></span> 
     </span>
    </p>

    <p class='ocr_par' dir='ltr' id='par_1_21' title="bbox 596 6247 1198 6312">
     <span class='ocr_line' id='line_1_53' title="bbox 596 6247 1198 6312; baseline -0.003 -10"><span class='ocrx_word' id='word_1_397' title='bbox 596 6247 607 6278; x_wconf 86' lang='lat'><strong>⁴</strong></span> <span class='ocrx_word' id='word_1_398' title='bbox 625 6247 717 6312; x_wconf 79' lang='lat' dir='ltr'><strong>Oria,</strong></span> <span class='ocrx_word' id='word_1_399' title='bbox 735 6247 779 6300; x_wconf 88' lang='lat' dir='ltr'><strong>lV.</strong></span> <span class='ocrx_word' id='word_1_400' title='bbox 797 6261 828 6298; x_wconf 84' lang='lat' dir='ltr'><strong>ex</strong></span> <span class='ocrx_word' id='word_1_401' title='bbox 847 6249 940 6312; x_wconf 79' lang='lat' dir='ltr'><strong>Duum,</strong></span> <span class='ocrx_word' id='word_1_402' title='bbox 962 6247 1037 6310; x_wconf 87' lang='lat' dir='ltr'><strong>epist.</strong></span> <span class='ocrx_word' id='word_1_403' title='bbox 1058 6249 1145 6302; x_wconf 83' lang='lat' dir='ltr'><strong>lav.</strong></span> <span class='ocrx_word' id='word_1_404' title='bbox 1166 6249 1198 6300; x_wconf 79' lang='lat'><strong>5:</strong></span> 
     </span>
    </p>
   </div>
   <div class='ocr_carea' id='block_1_17' title="bbox 667 6369 1354 6448">
    <p class='ocr_par' dir='ltr' id='par_1_22' title="bbox 667 6369 1354 6448">
     <span class='ocr_line' id='line_1_54' title="bbox 667 6369 1354 6448; baseline 0.003 -26"><span class='ocrx_word' id='word_1_405' title='bbox 667 6373 742 6424; x_wconf 88' lang='lat' dir='ltr'><strong>Gutta</strong></span> <span class='ocrx_word' id='word_1_406' title='bbox 760 6373 837 6422; x_wconf 54' lang='lat' dir='ltr'><strong>cassat</strong></span> <span class='ocrx_word' id='word_1_407' title='bbox 855 6369 984 6436; x_wconf 90' lang='lat' dir='ltr'><strong>lapidem,</strong></span> <span class='ocrx_word' id='word_1_408' title='bbox 1001 6371 1165 6448; x_wconf 84' lang='lat' dir='ltr'><strong>consumitur</strong></span> <span class='ocrx_word' id='word_1_409' title='bbox 1183 6371 1277 6424; x_wconf 85' lang='lat' dir='ltr'><strong>anulus</strong></span> <span class='ocrx_word' id='word_1_410' title='bbox 1295 6385 1354 6424; x_wconf 81' lang='lat' dir='ltr'><strong>usta.</strong></span> 
     </span>
    </p>
   </div>
   <div class='ocr_carea' id='block_1_18' title="bbox 524 6509 888 6576">
    <p class='ocr_par' dir='ltr' id='par_1_23' title="bbox 524 6509 888 6576">
     <span class='ocr_line' id='line_1_55' title="bbox 524 6509 888 6576; baseline 0 -14"><span class='ocrx_word' id='word_1_411' title='bbox 524 6511 590 6562; x_wconf 85' lang='lat' dir='ltr'><strong>lbid.</strong></span> <span class='ocrx_word' id='word_1_412' title='bbox 609 6511 635 6564; x_wconf 90' lang='lat' dir='ltr'><strong>ll.</strong></span> <span class='ocrx_word' id='word_1_413' title='bbox 656 6511 732 6576; x_wconf 83' lang='lat' dir='ltr'><strong>epist.</strong></span> <span class='ocrx_word' id='word_1_414' title='bbox 748 6509 776 6562; x_wconf 81' lang='lat' dir='ltr'><strong>t.</strong></span> <span class='ocrx_word' id='word_1_415' title='bbox 794 6525 819 6562; x_wconf 84' lang='lat' dir='ltr'><strong>v.</strong></span> <span class='ocrx_word' id='word_1_416' title='bbox 841 6511 888 6562; x_wconf 81' lang='lat' dir='ltr'><strong>ld:</strong></span> 
     </span>
    </p>
   </div>
   <div class='ocr_carea' id='block_1_19' title="bbox 600 6633 1230 6706">
    <p class='ocr_par' dir='ltr' id='par_1_24' title="bbox 600 6633 1230 6706">
     <span class='ocr_line' id='line_1_56' title="bbox 600 6633 1230 6706; baseline -0.003 -20"><span class='ocrx_word' id='word_1_417' title='bbox 600 6701 601 6706; x_wconf 7' lang='grc' dir='ltr'>ἵ</span> <span class='ocrx_word' id='word_1_418' title='bbox 665 6637 792 6688; x_wconf 84' lang='lat' dir='ltr'><strong>Perctrssu</strong></span> <span class='ocrx_word' id='word_1_419' title='bbox 809 6633 905 6688; x_wconf 90' lang='lat' dir='ltr'><strong>crebro</strong></span> <span class='ocrx_word' id='word_1_420' title='bbox 923 6649 984 6688; x_wconf 85' lang='lat' dir='ltr'><strong>saxa</strong></span> <span class='ocrx_word' id='word_1_421' title='bbox 1001 6639 1126 6686; x_wconf 84' lang='lat' dir='ltr'><strong>cavantur</strong></span> <span class='ocrx_word' id='word_1_422' title='bbox 1146 6633 1230 6700; x_wconf 90' lang='lat' dir='ltr'><strong>aquis.</strong></span> 
     </span>
    </p>
   </div>
   <div class='ocr_carea' id='block_1_20' title="bbox 523 6749 1479 6918">
    <p class='ocr_par' dir='ltr' id='par_1_25' title="bbox 523 6749 1479 6918">
     <span class='ocr_line' id='line_1_57' title="bbox 523 6749 1479 6844; baseline 0 -16"><span class='ocrx_word' id='word_1_423' title='bbox 523 6775 573 6828; x_wconf 78' lang='lat' dir='ltr'><strong>Cb.</strong></span> <span class='ocrx_word' id='word_1_424' title='bbox 594 6777 612 6828; x_wconf 87' lang='lat' dir='ltr'><strong>l.</strong></span> <span class='ocrx_word' id='word_1_425' title='bbox 629 6775 696 6828; x_wconf 88' lang='lat' dir='ltr'><strong>Artis</strong></span> <span class='ocrx_word' id='word_1_426' title='bbox 716 6781 825 6830; x_wconf 89' lang='lat' dir='ltr'><strong>amator.</strong></span> <span class='ocrx_word' id='word_1_427' title='bbox 844 6793 868 6830; x_wconf 81' lang='lat' dir='ltr'><strong>v.</strong></span> <span class='ocrx_word' id='word_1_428' title='bbox 883 6775 942 6828; x_wconf 74' lang='lat' dir='ltr'><strong>lto.</strong></span> <span class='ocrx_word' id='word_1_429' title='bbox 956 6789 1029 6844; x_wconf 88' lang='lat' dir='ltr'><strong>scq.;</strong></span> <span class='ocrx_word' id='word_1_430' title='bbox 1048 6777 1162 6842; x_wconf 79' lang='lat' dir='ltr'><strong>Luccei,</strong></span> <span class='ocrx_word' id='word_1_431' title='bbox 1181 6775 1198 6826; x_wconf 95' lang='lat' dir='ltr'><strong>l.</strong></span> <span class='ocrx_word' id='word_1_432' title='bbox 1214 6775 1245 6828; x_wconf 91' lang='lat' dir='ltr'><strong>de</strong></span> <span class='ocrx_word' id='word_1_433' title='bbox 1259 6775 1357 6826; x_wconf 84' lang='lat' dir='ltr'><strong>Rerum</strong></span> <span class='ocrx_word' id='word_1_434' title='bbox 1370 6749 1479 6844; x_wconf 77' lang='lat' dir='ltr'><strong>natura,</strong></span> 
     </span>
     <span class='ocr_line' id='line_1_58' title="bbox 523 6859 1354 6918; baseline 0.002 -4"><span class='ocrx_word' id='word_1_435' title='bbox 523 6877 552 6916; x_wconf 85' lang='lat' dir='ltr'><strong>r.</strong></span> <span class='ocrx_word' id='word_1_436' title='bbox 569 6863 628 6916; x_wconf 82' lang='lat' dir='ltr'><strong>3ll.</strong></span> <span class='ocrx_word' id='word_1_437' title='bbox 649 6871 676 6916; x_wconf 89' lang='lat' dir='ltr'><strong>et</strong></span> <span class='ocrx_word' id='word_1_438' title='bbox 692 6865 735 6918; x_wconf 86' lang='lat' dir='ltr'><strong>lV.</strong></span> <span class='ocrx_word' id='word_1_439' title='bbox 752 6879 781 6916; x_wconf 86' lang='lat' dir='ltr'><strong>r.</strong></span> <span class='ocrx_word' id='word_1_440' title='bbox 800 6865 957 6918; x_wconf 63' lang='lat' dir='ltr'><strong>late-tum.</strong></span> <span class='ocrx_word' id='word_1_441' title='bbox 977 6867 1026 6918; x_wconf 80' lang='lat' dir='ltr'><strong>Pro</strong></span> <span class='ocrx_word' id='word_1_442' title='bbox 1045 6877 1099 6918; x_wconf 90' lang='lat' dir='ltr'><strong>non</strong></span> <span class='ocrx_word' id='word_1_443' title='bbox 1118 6863 1145 6916; x_wconf 86' lang='lat' dir='ltr'><strong>ot</strong></span> <span class='ocrx_word' id='word_1_444' title='bbox 1162 6861 1214 6918; x_wconf 88' lang='lat' dir='ltr'><strong>CH</strong></span> <span class='ocrx_word' id='word_1_445' title='bbox 1232 6877 1287 6918; x_wconf 79' lang='lat' dir='ltr'><strong>laon</strong></span> <span class='ocrx_word' id='word_1_446' title='bbox 1306 6859 1354 6918; x_wconf 86' lang='lat' dir='ltr'><strong>dis.</strong></span> 
     </span>
    </p>
   </div>
   <div class='ocr_carea' id='block_1_21' title="bbox 2429 591 2487 654">
    <p class='ocr_par' dir='ltr' id='par_1_26' title="bbox 2429 591 2487 654">
     <span class='ocr_line' id='line_1_59' title="bbox 2429 591 2487 654; baseline 0 0"><span class='ocrx_word' id='word_1_447' title='bbox 2429 591 2487 654; x_wconf 75' lang='lat' dir='ltr'><strong>abl</strong></span> 
     </span>
    </p>
   </div>
   <div class='ocr_carea' id='block_1_22' title="bbox 1539 751 2597 2314">
    <p class='ocr_par' dir='ltr' id='par_1_27' title="bbox 1539 751 2597 2314">
     <span class='ocr_line' id='line_1_60' title="bbox 1539 751 2492 836; baseline 0.003 -18"><span class='ocrx_word' id='word_1_448' title='bbox 1539 751 1719 818; x_wconf 87' lang='lat' dir='ltr'><strong>uindictam</strong></span> <span class='ocrx_word' id='word_1_449' title='bbox 1751 751 1922 820; x_wconf 79' lang='lat' dir='ltr'><strong>electorum</strong></span> <span class='ocrx_word' id='word_1_450' title='bbox 1956 775 2114 836; x_wconf 87' lang='lat' dir='ltr'><strong>suornm,</strong></span> <span class='ocrx_word' id='word_1_451' title='bbox 2148 775 2189 822; x_wconf 83' lang='lat' dir='ltr'><strong>ex</strong></span> <span class='ocrx_word' id='word_1_452' title='bbox 2220 757 2412 824; x_wconf 88' lang='lat' dir='ltr'><strong>districtione</strong></span> <span class='ocrx_word' id='word_1_453' title='bbox 2447 759 2492 826; x_wconf 90' lang='lat' dir='ltr'><strong>sni</strong></span> 
     </span>
     <span class='ocr_line' id='line_1_61' title="bbox 1540 855 2493 940; baseline 0.006 -18"><span class='ocrx_word' id='word_1_454' title='bbox 1540 857 1667 936; x_wconf 91' lang='lat' dir='ltr'><strong>iudicii;</strong></span> <span class='ocrx_word' id='word_1_455' title='bbox 1691 855 1730 922; x_wconf 91' lang='lat' dir='ltr'><strong>ad</strong></span> <span class='ocrx_word' id='word_1_456' title='bbox 1755 857 1907 924; x_wconf 85' lang='lat' dir='ltr'><strong>Romanos</strong></span> <span class='ocrx_word' id='word_1_457' title='bbox 1921 859 2104 930; x_wconf 89' lang='lat' dir='ltr'><strong>duodecimo</strong></span> <span class='ocrx_word' id='word_1_458' title='bbox 2117 861 2153 926; x_wconf 76' lang='lat'><strong>⁶:</strong></span> <span class='ocrx_word' id='word_1_459' title='bbox 2183 885 2200 916; x_wconf 72' lang='grc' dir='ltr'><strong>ε</strong></span> <span class='ocrx_word' id='word_1_460' title='bbox 2215 861 2286 926; x_wconf 91' lang='lat' dir='ltr'><strong>llibi</strong></span> <span class='ocrx_word' id='word_1_461' title='bbox 2312 863 2493 940; x_wconf 81' lang='lat' dir='ltr'><strong>vindictam,</strong></span> 
     </span>
     <span class='ocr_line' id='line_1_62' title="bbox 1541 961 2496 1048; baseline 0.002 -18"><span class='ocrx_word' id='word_1_462' title='bbox 1541 969 1572 1030; x_wconf 88' lang='lat' dir='ltr'><strong>et</strong></span> <span class='ocrx_word' id='word_1_463' title='bbox 1596 981 1653 1048; x_wconf 89' lang='lat' dir='ltr'><strong>ego</strong></span> <span class='ocrx_word' id='word_1_464' title='bbox 1675 961 1850 1030; x_wconf 84' lang='lat' dir='ltr'><strong>retribuam</strong></span> <span class='ocrx_word' id='word_1_465' title='bbox 1865 989 1899 1042; x_wconf 80' lang='lat'><strong>»3</strong></span> <span class='ocrx_word' id='word_1_466' title='bbox 1930 971 1962 1030; x_wconf 90' lang='lat' dir='ltr'><strong>et</strong></span> <span class='ocrx_word' id='word_1_467' title='bbox 1990 965 2223 1032; x_wconf 90' lang='lat' dir='ltr'><strong>Deuteronomii</strong></span> <span class='ocrx_word' id='word_1_468' title='bbox 2258 965 2415 1048; x_wconf 89' lang='lat' dir='ltr'><strong>trigesimo</strong></span> <span class='ocrx_word' id='word_1_469' title='bbox 2448 983 2496 1032; x_wconf 92' lang='lat' dir='ltr'><strong>se-</strong></span> 
     </span>
     <span class='ocr_line' id='line_1_63' title="bbox 1541 1067 2597 1152; baseline 0.002 -20"><span class='ocrx_word' id='word_1_470' title='bbox 1541 1069 1663 1134; x_wconf 86' lang='lat' dir='ltr'><strong>cundo:</strong></span> <span class='ocrx_word' id='word_1_471' title='bbox 1691 1069 1790 1134; x_wconf 80' lang='lat' dir='ltr'><strong>«lica</strong></span> <span class='ocrx_word' id='word_1_472' title='bbox 1813 1075 1860 1134; x_wconf 89' lang='lat' dir='ltr'><strong>est</strong></span> <span class='ocrx_word' id='word_1_473' title='bbox 1892 1069 1983 1150; x_wconf 88' lang='lat' dir='ltr'><strong>ultio,</strong></span> <span class='ocrx_word' id='word_1_474' title='bbox 2018 1077 2046 1136; x_wconf 92' lang='lat' dir='ltr'><strong>et</strong></span> <span class='ocrx_word' id='word_1_475' title='bbox 2079 1087 2136 1152; x_wconf 87' lang='lat' dir='ltr'><strong>ego</strong></span> <span class='ocrx_word' id='word_1_476' title='bbox 2164 1069 2339 1134; x_wconf 88' lang='lat' dir='ltr'><strong>retribuam</strong></span> <span class='ocrx_word' id='word_1_477' title='bbox 2374 1067 2433 1134; x_wconf 94' lang='lat' dir='ltr'><strong>illis</strong></span> <span class='ocrx_word' id='word_1_478' title='bbox 2463 1071 2493 1134; x_wconf 94' lang='lat' dir='ltr'><strong>in</strong></span> <span class='ocrx_word' id='word_1_479' title='bbox 2596 1069 2597 1072; x_wconf 73' lang='grc'>’</span> 
     </span>
     <span class='ocr_line' id='line_1_64' title="bbox 1542 1173 2493 1262; baseline 0.002 -24"><span class='ocrx_word' id='word_1_480' title='bbox 1542 1179 1702 1258; x_wconf 89' lang='lat' dir='ltr'><strong>tempore,</strong></span> <span class='ocrx_word' id='word_1_481' title='bbox 1725 1179 1763 1240; x_wconf 91' lang='lat' dir='ltr'><strong>ut</strong></span> <span class='ocrx_word' id='word_1_482' title='bbox 1791 1173 1916 1242; x_wconf 89' lang='lat' dir='ltr'><strong>labatur</strong></span> <span class='ocrx_word' id='word_1_483' title='bbox 1940 1193 1994 1262; x_wconf 92' lang='lat' dir='ltr'><strong>pes</strong></span> <span class='ocrx_word' id='word_1_484' title='bbox 2018 1193 2128 1244; x_wconf 90' lang='lat' dir='ltr'><strong>eorum</strong></span> <span class='ocrx_word' id='word_1_485' title='bbox 2146 1201 2174 1240; x_wconf 74' lang='lat' dir='ltr'><strong>a.</strong></span> <span class='ocrx_word' id='word_1_486' title='bbox 2199 1211 2242 1222; x_wconf 87' lang='lat'><strong>·-·</strong></span> <span class='ocrx_word' id='word_1_487' title='bbox 2269 1173 2493 1240; x_wconf 80' lang='lat' dir='ltr'><strong>Clementiam</strong></span> 
     </span>
     <span class='ocr_line' id='line_1_65' title="bbox 1542 1279 2493 1360; baseline 0.001 -18"><span class='ocrx_word' id='word_1_488' title='bbox 1542 1279 1590 1346; x_wconf 86' lang='lat' dir='ltr'><strong>ad</strong></span> <span class='ocrx_word' id='word_1_489' title='bbox 1609 1299 1645 1344; x_wconf 91' lang='lat' dir='ltr'><strong>se</strong></span> <span class='ocrx_word' id='word_1_490' title='bbox 1666 1279 1719 1344; x_wconf 88' lang='lat' dir='ltr'><strong>die</strong></span> <span class='ocrx_word' id='word_1_491' title='bbox 1748 1297 1789 1346; x_wconf 91' lang='lat' dir='ltr'><strong>ac</strong></span> <span class='ocrx_word' id='word_1_492' title='bbox 1819 1289 1926 1360; x_wconf 85' lang='lat' dir='ltr'><strong>nocte,</strong></span> <span class='ocrx_word' id='word_1_493' title='bbox 1961 1281 2079 1348; x_wconf 90' lang='lat' dir='ltr'><strong>scilicet</strong></span> <span class='ocrx_word' id='word_1_494' title='bbox 2107 1297 2151 1346; x_wconf 82' lang='lat' dir='ltr'><strong>ex</strong></span> <span class='ocrx_word' id='word_1_495' title='bbox 2181 1279 2347 1346; x_wconf 85' lang='lat' dir='ltr'><strong>afflictione</strong></span> <span class='ocrx_word' id='word_1_496' title='bbox 2379 1279 2493 1358; x_wconf 89' lang='lat' dir='ltr'><strong>animi;</strong></span> 
     </span>
     <span class='ocr_line' id='line_1_66' title="bbox 1541 1383 2496 1470; baseline 0 -20"><span class='ocrx_word' id='word_1_497' title='bbox 1541 1387 1737 1470; x_wconf 79' lang='lat' dir='ltr'><strong>Apocalypsis</strong></span> <span class='ocrx_word' id='word_1_498' title='bbox 1763 1387 1876 1454; x_wconf 83' lang='lat' dir='ltr'><strong>sexto⁷</strong></span> <span class='ocrx_word' id='word_1_499' title='bbox 1892 1383 1912 1452; x_wconf 64' lang='lat'><strong>:&#39;</strong></span> <span class='ocrx_word' id='word_1_500' title='bbox 1928 1411 1945 1446; x_wconf 76' lang='lat' dir='ltr'><strong>c&lt;</strong></span> <span class='ocrx_word' id='word_1_501' title='bbox 1961 1387 2028 1452; x_wconf 86' lang='lat' dir='ltr'><strong>Vidi</strong></span> <span class='ocrx_word' id='word_1_502' title='bbox 2051 1387 2164 1452; x_wconf 90' lang='lat' dir='ltr'><strong>subtus</strong></span> <span class='ocrx_word' id='word_1_503' title='bbox 2188 1387 2285 1452; x_wconf 91' lang='lat' dir='ltr'><strong>altare</strong></span> <span class='ocrx_word' id='word_1_504' title='bbox 2306 1383 2358 1450; x_wconf 93' lang='lat' dir='ltr'><strong>Dei</strong></span> <span class='ocrx_word' id='word_1_505' title='bbox 2378 1385 2496 1450; x_wconf 89' lang='lat' dir='ltr'><strong>animas</strong></span> 
     </span>
     <span class='ocr_line' id='line_1_67' title="bbox 1542 1489 2493 1576; baseline -0.002 -20"><span class='ocrx_word' id='word_1_506' title='bbox 1542 1489 1779 1558; x_wconf 88' lang='lat' dir='ltr'><strong>interfectorum</strong></span> <span class='ocrx_word' id='word_1_507' title='bbox 1796 1499 1925 1576; x_wconf 90' lang='lat' dir='ltr'><strong>propter</strong></span> <span class='ocrx_word' id='word_1_508' title='bbox 1942 1493 2081 1558; x_wconf 77' lang='lat' dir='ltr'><strong>Verbum</strong></span> <span class='ocrx_word' id='word_1_509' title='bbox 2095 1491 2162 1570; x_wconf 93' lang='lat' dir='ltr'><strong>Dei,</strong></span> <span class='ocrx_word' id='word_1_510' title='bbox 2180 1498 2211 1558; x_wconf 91' lang='lat' dir='ltr'><strong>et</strong></span> <span class='ocrx_word' id='word_1_511' title='bbox 2226 1491 2402 1558; x_wconf 86' lang='lat' dir='ltr'><strong>clamabant</strong></span> <span class='ocrx_word' id='word_1_512' title='bbox 2416 1507 2493 1556; x_wconf 84' lang='lat' dir='ltr'><strong>voce</strong></span> 
     </span>
     <span class='ocr_line' id='line_1_68' title="bbox 1541 1597 2496 1684; baseline -0.001 -23"><span class='ocrx_word' id='word_1_513' title='bbox 1541 1615 1655 1682; x_wconf 85' lang='lat' dir='ltr'><strong>magna</strong></span> <span class='ocrx_word' id='word_1_514' title='bbox 1676 1597 1836 1664; x_wconf 89' lang='lat' dir='ltr'><strong>dicentes:</strong></span> <span class='ocrx_word' id='word_1_515' title='bbox 1859 1599 2041 1684; x_wconf 84' lang='lat' dir='ltr'><strong>Usquequo,</strong></span> <span class='ocrx_word' id='word_1_516' title='bbox 2067 1597 2214 1676; x_wconf 90' lang='lat' dir='ltr'><strong>Domine,</strong></span> <span class='ocrx_word' id='word_1_517' title='bbox 2238 1603 2365 1664; x_wconf 90' lang='lat' dir='ltr'><strong>sanctus</strong></span> <span class='ocrx_word' id='word_1_518' title='bbox 2389 1603 2418 1664; x_wconf 90' lang='lat' dir='ltr'><strong>et</strong></span> <span class='ocrx_word' id='word_1_519' title='bbox 2444 1613 2496 1662; x_wconf 86' lang='lat' dir='ltr'><strong>ve-</strong></span> 
     </span>
     <span class='ocr_line' id='line_1_69' title="bbox 1543 1702 2493 1788; baseline -0.003 -20"><span class='ocrx_word' id='word_1_520' title='bbox 1543 1721 1615 1780; x_wconf 83' lang='lat' dir='ltr'><strong>rm,</strong></span> <span class='ocrx_word' id='word_1_521' title='bbox 1641 1703 1703 1768; x_wconf 91' lang='lat' dir='ltr'><strong>nou</strong></span> <span class='ocrx_word' id='word_1_522' title='bbox 1727 1704 1846 1770; x_wconf 92' lang='lat' dir='ltr'><strong>iudicas</strong></span> <span class='ocrx_word' id='word_1_523' title='bbox 1868 1709 1900 1770; x_wconf 93' lang='lat' dir='ltr'><strong>et</strong></span> <span class='ocrx_word' id='word_1_524' title='bbox 1919 1721 1980 1770; x_wconf 91' lang='lat' dir='ltr'><strong>non</strong></span> <span class='ocrx_word' id='word_1_525' title='bbox 1998 1702 2137 1770; x_wconf 87' lang='lat' dir='ltr'><strong>vindicas</strong></span> <span class='ocrx_word' id='word_1_526' title='bbox 2152 1705 2334 1788; x_wconf 90' lang='lat' dir='ltr'><strong>sanguinem</strong></span> <span class='ocrx_word' id='word_1_527' title='bbox 2350 1707 2493 1768; x_wconf 90' lang='lat' dir='ltr'><strong>nostram</strong></span> 
     </span>
     <span class='ocr_line' id='line_1_70' title="bbox 1541 1807 2495 1896; baseline -0.001 -21"><span class='ocrx_word' id='word_1_528' title='bbox 1541 1807 1582 1876; x_wconf 91' lang='lat' dir='ltr'><strong>de</strong></span> <span class='ocrx_word' id='word_1_529' title='bbox 1604 1809 1654 1876; x_wconf 90' lang='lat' dir='ltr'><strong>bis</strong></span> <span class='ocrx_word' id='word_1_530' title='bbox 1676 1809 1730 1896; x_wconf 90' lang='lat' dir='ltr'><strong>qni</strong></span> <span class='ocrx_word' id='word_1_531' title='bbox 1756 1811 1898 1878; x_wconf 90' lang='lat' dir='ltr'><strong>habitant</strong></span> <span class='ocrx_word' id='word_1_532' title='bbox 1918 1809 1952 1876; x_wconf 93' lang='lat' dir='ltr'><strong>in</strong></span> <span class='ocrx_word' id='word_1_533' title='bbox 1976 1815 2091 1876; x_wconf 79' lang='lat' dir='ltr'><strong>terra»</strong></span> <span class='ocrx_word' id='word_1_534' title='bbox 2121 1819 2179 1876; x_wconf 91' lang='lat' dir='ltr'><strong>elo.</strong></span> <span class='ocrx_word' id='word_1_535' title='bbox 2195 1835 2203 1888; x_wconf 86' lang='lat'>;</span> <span class='ocrx_word' id='word_1_536' title='bbox 2219 1809 2333 1890; x_wconf 91' lang='lat' dir='ltr'><strong>immo,</strong></span> <span class='ocrx_word' id='word_1_537' title='bbox 2348 1807 2423 1894; x_wconf 92' lang='lat' dir='ltr'><strong>ipsis</strong></span> <span class='ocrx_word' id='word_1_538' title='bbox 2441 1813 2495 1874; x_wconf 85' lang='lat' dir='ltr'><strong>ore</strong></span> 
     </span>
     <span class='ocr_line' id='line_1_71' title="bbox 1543 1915 2496 2000; baseline 0 -20"><span class='ocrx_word' id='word_1_539' title='bbox 1543 1915 1728 1994; x_wconf 89' lang='lat' dir='ltr'><strong>tacentibus,</strong></span> <span class='ocrx_word' id='word_1_540' title='bbox 1741 1915 1960 1982; x_wconf 89' lang='lat' dir='ltr'><strong>tribulationes</strong></span> <span class='ocrx_word' id='word_1_541' title='bbox 1970 1933 2082 1982; x_wconf 89' lang='lat' dir='ltr'><strong>eoram</strong></span> <span class='ocrx_word' id='word_1_542' title='bbox 2094 1917 2244 1996; x_wconf 87' lang='lat' dir='ltr'><strong>clamanl;</strong></span> <span class='ocrx_word' id='word_1_543' title='bbox 2263 1917 2496 2000; x_wconf 85' lang='lat' dir='ltr'><strong>Genesisquar-</strong></span> 
     </span>
     <span class='ocr_line' id='line_1_72' title="bbox 1542 2019 2496 2104; baseline 0 -18"><span class='ocrx_word' id='word_1_544' title='bbox 1542 2019 1621 2086; x_wconf 62' lang='lat' dir='ltr'><strong>tue:</strong></span> <span class='ocrx_word' id='word_1_545' title='bbox 1652 2021 1752 2086; x_wconf 78' lang='lat' dir='ltr'><strong>«Vox</strong></span> <span class='ocrx_word' id='word_1_546' title='bbox 1778 2019 1937 2104; x_wconf 89' lang='lat' dir='ltr'><strong>sanguinis</strong></span> <span class='ocrx_word' id='word_1_547' title='bbox 1961 2019 2068 2086; x_wconf 87' lang='lat' dir='ltr'><strong>fratris</strong></span> <span class='ocrx_word' id='word_1_548' title='bbox 2091 2021 2136 2086; x_wconf 90' lang='lat' dir='ltr'><strong>tui</strong></span> <span class='ocrx_word' id='word_1_549' title='bbox 2165 2021 2277 2088; x_wconf 92' lang='lat' dir='ltr'><strong>clamat</strong></span> <span class='ocrx_word' id='word_1_550' title='bbox 2309 2021 2346 2086; x_wconf 91' lang='lat' dir='ltr'><strong>ad</strong></span> <span class='ocrx_word' id='word_1_551' title='bbox 2379 2039 2427 2086; x_wconf 90' lang='lat' dir='ltr'><strong>me</strong></span> <span class='ocrx_word' id='word_1_552' title='bbox 2459 2021 2496 2086; x_wconf 90' lang='lat' dir='ltr'><strong>dc</strong></span> 
     </span>
     <span class='ocr_line' id='line_1_73' title="bbox 1543 2121 2498 2212; baseline 0.002 -20"><span class='ocrx_word' id='word_1_553' title='bbox 1543 2133 1674 2194; x_wconf 86' lang='lat' dir='ltr'><strong>terra».</strong></span> <span class='ocrx_word' id='word_1_554' title='bbox 1702 2161 1741 2176; x_wconf 91' lang='lat'>-</span> <span class='ocrx_word' id='word_1_555' title='bbox 1769 2125 2025 2212; x_wconf 68' lang='lat' dir='ltr'><strong>inpatientiam</strong></span> <span class='ocrx_word' id='word_1_556' title='bbox 2047 2121 2177 2190; x_wconf 79' lang='lat' dir='ltr'><strong>laudubit</strong></span> <span class='ocrx_word' id='word_1_557' title='bbox 2200 2127 2234 2192; x_wconf 88' lang='lat' dir='ltr'><strong>in</strong></span> <span class='ocrx_word' id='word_1_558' title='bbox 2259 2125 2350 2194; x_wconf 78' lang='lat' dir='ltr'><strong>illis?</strong></span> <span class='ocrx_word' id='word_1_559' title='bbox 2377 2145 2431 2212; x_wconf 93' lang='lat' dir='ltr'><strong>per</strong></span> <span class='ocrx_word' id='word_1_560' title='bbox 2449 2145 2498 2194; x_wconf 84' lang='lat' dir='ltr'><strong>re-</strong></span> 
     </span>
     <span class='ocr_line' id='line_1_74' title="bbox 1543 2229 2496 2314; baseline 0.004 -18"><span class='ocrx_word' id='word_1_561' title='bbox 1543 2233 1721 2298; x_wconf 92' lang='lat' dir='ltr'><strong>missionem</strong></span> <span class='ocrx_word' id='word_1_562' title='bbox 1744 2231 1799 2296; x_wconf 92' lang='lat' dir='ltr'><strong>zeli</strong></span> <span class='ocrx_word' id='word_1_563' title='bbox 1812 2255 1821 2308; x_wconf 93' lang='grc'><strong>;</strong></span> <span class='ocrx_word' id='word_1_564' title='bbox 1844 2231 1933 2314; x_wconf 91' lang='lat' dir='ltr'><strong>quasi</strong></span> <span class='ocrx_word' id='word_1_565' title='bbox 1957 2229 2059 2296; x_wconf 89' lang='lat' dir='ltr'><strong>dicat:</strong></span> <span class='ocrx_word' id='word_1_566' title='bbox 2084 2249 2166 2308; x_wconf 91' lang='lat' dir='ltr'><strong>non;</strong></span> <span class='ocrx_word' id='word_1_567' title='bbox 2192 2231 2267 2314; x_wconf 90' lang='lat' dir='ltr'><strong>quia</strong></span> <span class='ocrx_word' id='word_1_568' title='bbox 2294 2233 2496 2302; x_wconf 86' lang='lat' dir='ltr'><strong>Ecclesiastici</strong></span> 
     </span>
    </p>
   </div>
   <div class='ocr_carea' id='block_1_23' title="bbox 1524 2335 2497 2422">
    <p class='ocr_par' dir='ltr' id='par_1_28' title="bbox 1524 2335 2497 2422">
     <span class='ocr_line' id='line_1_75' title="bbox 1524 2335 2497 2422; baseline 0.003 -20"><span class='ocrx_word' id='word_1_569' title='bbox 1524 2337 1704 2422; x_wconf 52' lang='lat' dir='ltr'><strong>‘trigesimo</strong></span> <span class='ocrx_word' id='word_1_570' title='bbox 1726 2335 1884 2420; x_wconf 70' lang='lat' dir='ltr'><strong>quintal:</strong></span> <span class='ocrx_word' id='word_1_571' title='bbox 1906 2335 2089 2402; x_wconf 82' lang='lat' dir='ltr'><strong>«Dominus</strong></span> <span class='ocrx_word' id='word_1_572' title='bbox 2110 2335 2262 2402; x_wconf 90' lang='lat' dir='ltr'><strong>iudicabit</strong></span> <span class='ocrx_word' id='word_1_573' title='bbox 2283 2337 2384 2404; x_wconf 89' lang='lat' dir='ltr'><strong>iustos</strong></span> <span class='ocrx_word' id='word_1_574' title='bbox 2405 2347 2437 2404; x_wconf 91' lang='lat' dir='ltr'><strong>et</strong></span> <span class='ocrx_word' id='word_1_575' title='bbox 2453 2339 2466 2404; x_wconf 87' lang='lat' dir='ltr'><strong>l</strong></span> <span class='ocrx_word' id='word_1_576' title='bbox 2483 2377 2497 2386; x_wconf 97' lang='lat'>-</span> 
     </span>
    </p>
   </div>
   <div class='ocr_carea' id='block_1_24' title="bbox 1543 2437 2652 5062">
    <p class='ocr_par' dir='ltr' id='par_1_29' title="bbox 1543 2437 2652 5062">
     <span class='ocr_line' id='line_1_76' title="bbox 1543 2437 2497 2524; baseline 0 -18"><span class='ocrx_word' id='word_1_577' title='bbox 1543 2441 1603 2506; x_wconf 92' lang='lat' dir='ltr'><strong>ciet</strong></span> <span class='ocrx_word' id='word_1_578' title='bbox 1626 2439 1793 2518; x_wconf 90' lang='lat' dir='ltr'><strong>iudicium,</strong></span> <span class='ocrx_word' id='word_1_579' title='bbox 1815 2447 1845 2506; x_wconf 91' lang='lat' dir='ltr'><strong>et</strong></span> <span class='ocrx_word' id='word_1_580' title='bbox 1859 2439 2144 2506; x_wconf 65' lang='lat' dir='ltr'><strong>Fortissimus‘uon</strong></span> <span class='ocrx_word' id='word_1_581' title='bbox 2160 2437 2287 2506; x_wconf 89' lang='lat' dir='ltr'><strong>babebit</strong></span> <span class='ocrx_word' id='word_1_582' title='bbox 2312 2439 2343 2506; x_wconf 90' lang='lat' dir='ltr'><strong>iu</strong></span> <span class='ocrx_word' id='word_1_583' title='bbox 2366 2441 2427 2506; x_wconf 89' lang='lat' dir='ltr'><strong>illis</strong></span> <span class='ocrx_word' id='word_1_584' title='bbox 2445 2459 2497 2524; x_wconf 94' lang='lat' dir='ltr'><strong>pa-</strong></span> 
     </span>
     <span class='ocr_line' id='line_1_77' title="bbox 1543 2543 2646 2626; baseline -0.008 -15"><span class='ocrx_word' id='word_1_585' title='bbox 1543 2543 1701 2626; x_wconf 90' lang='lat' dir='ltr'><strong>tientiam,</strong></span> <span class='ocrx_word' id='word_1_586' title='bbox 1718 2551 1753 2612; x_wconf 94' lang='lat' dir='ltr'><strong>ut</strong></span> <span class='ocrx_word' id='word_1_587' title='bbox 1771 2544 1960 2614; x_wconf 91' lang='lat' dir='ltr'><strong>contribulet</strong></span> <span class='ocrx_word' id='word_1_588' title='bbox 1973 2545 2102 2610; x_wconf 89' lang='lat' dir='ltr'><strong>dorsum</strong></span> <span class='ocrx_word' id='word_1_589' title='bbox 2121 2545 2247 2610; x_wconf 93' lang='lat' dir='ltr'><strong>illorum</strong></span> <span class='ocrx_word' id='word_1_590' title='bbox 2267 2571 2295 2610; x_wconf 77' lang='lat' dir='ltr'><strong>a.</strong></span> <span class='ocrx_word' id='word_1_591' title='bbox 2315 2545 2376 2610; x_wconf 91' lang='lat' dir='ltr'><strong>lloc</strong></span> <span class='ocrx_word' id='word_1_592' title='bbox 2392 2549 2496 2610; x_wconf 89' lang='lat' dir='ltr'><strong>autem</strong></span> <span class='ocrx_word' id='word_1_593' title='bbox 2518 2557 2646 2604; x_wconf 78' lang='lat' dir='ltr'><strong>termnum.</strong></span> 
     </span>
     <span class='ocr_line' id='line_1_78' title="bbox 1543 2651 2496 2738; baseline 0 -20"><span class='ocrx_word' id='word_1_594' title='bbox 1543 2651 1674 2730; x_wconf 91' lang='lat' dir='ltr'><strong>dicitur,</strong></span> <span class='ocrx_word' id='word_1_595' title='bbox 1700 2671 1763 2718; x_wconf 91' lang='lat' dir='ltr'><strong>uon</strong></span> <span class='ocrx_word' id='word_1_596' title='bbox 1787 2653 1860 2738; x_wconf 91' lang='lat' dir='ltr'><strong>quia</strong></span> <span class='ocrx_word' id='word_1_597' title='bbox 1884 2651 2035 2718; x_wconf 88' lang='lat' dir='ltr'><strong>Dominus</strong></span> <span class='ocrx_word' id='word_1_598' title='bbox 2051 2671 2112 2716; x_wconf 90' lang='lat' dir='ltr'><strong>uon</strong></span> <span class='ocrx_word' id='word_1_599' title='bbox 2131 2657 2293 2736; x_wconf 78' lang='lat' dir='ltr'><strong>exspectat</strong></span> <span class='ocrx_word' id='word_1_600' title='bbox 2315 2659 2496 2736; x_wconf 90' lang='lat' dir='ltr'><strong>peccantes,</strong></span> 
     </span>
     <span class='ocr_line' id='line_1_79' title="bbox 1544 2759 2498 2844; baseline 0 -20"><span class='ocrx_word' id='word_1_601' title='bbox 1544 2761 1598 2826; x_wconf 92' lang='lat' dir='ltr'><strong>sed</strong></span> <span class='ocrx_word' id='word_1_602' title='bbox 1619 2759 1713 2844; x_wconf 90' lang='lat' dir='ltr'><strong>quia,</strong></span> <span class='ocrx_word' id='word_1_603' title='bbox 1736 2759 1851 2824; x_wconf 92' lang='lat' dir='ltr'><strong>iudicio</strong></span> <span class='ocrx_word' id='word_1_604' title='bbox 1874 2759 2073 2836; x_wconf 90' lang='lat' dir='ltr'><strong>imminente,</strong></span> <span class='ocrx_word' id='word_1_605' title='bbox 2096 2759 2158 2824; x_wconf 89' lang='lat' dir='ltr'><strong>iam</strong></span> <span class='ocrx_word' id='word_1_606' title='bbox 2182 2759 2319 2842; x_wconf 89' lang='lat' dir='ltr'><strong>amplius</strong></span> <span class='ocrx_word' id='word_1_607' title='bbox 2340 2759 2416 2824; x_wconf 89' lang='lat' dir='ltr'><strong>nolit</strong></span> <span class='ocrx_word' id='word_1_608' title='bbox 2442 2777 2498 2826; x_wconf 85' lang='lat' dir='ltr'><strong>ex-</strong></span> 
     </span>
     <span class='ocr_line' id='line_1_80' title="bbox 1544 2863 2499 2950; baseline -0.002 -18"><span class='ocrx_word' id='word_1_609' title='bbox 1544 2871 1703 2950; x_wconf 89' lang='lat' dir='ltr'><strong>spectare;</strong></span> <span class='ocrx_word' id='word_1_610' title='bbox 1733 2863 1774 2930; x_wconf 89' lang='lat' dir='ltr'><strong>ad</strong></span> <span class='ocrx_word' id='word_1_611' title='bbox 1802 2865 1958 2932; x_wconf 85' lang='lat' dir='ltr'><strong>Romanos</strong></span> <span class='ocrx_word' id='word_1_612' title='bbox 1979 2865 2137 2932; x_wconf 88' lang='lat' dir='ltr'><strong>secundo:</strong></span> <span class='ocrx_word' id='word_1_613' title='bbox 2165 2889 2181 2922; x_wconf 77' lang='lat' dir='ltr'><strong>c&lt;</strong></span> <span class='ocrx_word' id='word_1_614' title='bbox 2199 2865 2240 2930; x_wconf 83' lang='lat' dir='ltr'><strong>ln</strong></span> <span class='ocrx_word' id='word_1_615' title='bbox 2266 2863 2389 2932; x_wconf 83' lang='lat' dir='ltr'><strong>divitias</strong></span> <span class='ocrx_word' id='word_1_616' title='bbox 2409 2865 2499 2932; x_wconf 85' lang='lat' dir='ltr'><strong>boui-</strong></span> 
     </span>
     <span class='ocr_line' id='line_1_81' title="bbox 1544 2969 2498 3056; baseline -0.002 -20"><span class='ocrx_word' id='word_1_617' title='bbox 1544 2971 1616 3036; x_wconf 92' lang='lat' dir='ltr'><strong>tatis</strong></span> <span class='ocrx_word' id='word_1_618' title='bbox 1641 2971 1710 3036; x_wconf 92' lang='lat' dir='ltr'><strong>eius</strong></span> <span class='ocrx_word' id='word_1_619' title='bbox 1730 2977 1764 3036; x_wconf 90' lang='lat' dir='ltr'><strong>et</strong></span> <span class='ocrx_word' id='word_1_620' title='bbox 1785 2969 1952 3054; x_wconf 89' lang='lat' dir='ltr'><strong>patientiae</strong></span> <span class='ocrx_word' id='word_1_621' title='bbox 1967 2977 1998 3036; x_wconf 91' lang='lat' dir='ltr'><strong>et</strong></span> <span class='ocrx_word' id='word_1_622' title='bbox 2015 2971 2257 3056; x_wconf 83' lang='lat' dir='ltr'><strong>longanimitatis</strong></span> <span class='ocrx_word' id='word_1_623' title='bbox 2273 2971 2446 3038; x_wconf 89' lang='lat' dir='ltr'><strong>contemnis</strong></span> <span class='ocrx_word' id='word_1_624' title='bbox 2460 2977 2498 3034; x_wconf 78' lang='lat' dir='ltr'><strong>»t</strong></span> 
     </span>
     <span class='ocr_line' id='line_1_82' title="bbox 1551 3075 2498 3160; baseline 0.007 -24"><span class='ocrx_word' id='word_1_625' title='bbox 1551 3103 1567 3136; x_wconf 70' lang='lat' dir='ltr'><strong>a</strong></span> <span class='ocrx_word' id='word_1_626' title='bbox 1586 3075 1762 3142; x_wconf 89' lang='lat' dir='ltr'><strong>Secundum</strong></span> <span class='ocrx_word' id='word_1_627' title='bbox 1786 3075 1933 3142; x_wconf 89' lang='lat' dir='ltr'><strong>duritiam</strong></span> <span class='ocrx_word' id='word_1_628' title='bbox 1952 3085 2054 3142; x_wconf 91' lang='lat' dir='ltr'><strong>autem</strong></span> <span class='ocrx_word' id='word_1_629' title='bbox 2074 3083 2158 3142; x_wconf 91' lang='lat' dir='ltr'><strong>tuam</strong></span> <span class='ocrx_word' id='word_1_630' title='bbox 2174 3081 2207 3142; x_wconf 92' lang='lat' dir='ltr'><strong>et</strong></span> <span class='ocrx_word' id='word_1_631' title='bbox 2222 3091 2276 3143; x_wconf 93' lang='lat' dir='ltr'><strong>cor</strong></span> <span class='ocrx_word' id='word_1_632' title='bbox 2291 3075 2498 3160; x_wconf 89' lang='lat' dir='ltr'><strong>impoenitens</strong></span> 
     </span>
     <span class='ocr_line' id='line_1_83' title="bbox 1545 3177 2498 3250; baseline -0.002 -2"><span class='ocrx_word' id='word_1_633' title='bbox 1545 3181 1739 3250; x_wconf 84' lang='lat' dir='ltr'><strong>thesaurizas</strong></span> <span class='ocrx_word' id='word_1_634' title='bbox 1765 3181 1818 3248; x_wconf 91' lang='lat' dir='ltr'><strong>tibi</strong></span> <span class='ocrx_word' id='word_1_635' title='bbox 1843 3181 1920 3248; x_wconf 87' lang='lat' dir='ltr'><strong>iram</strong></span> <span class='ocrx_word' id='word_1_636' title='bbox 1948 3181 1977 3246; x_wconf 91' lang='lat' dir='ltr'><strong>in</strong></span> <span class='ocrx_word' id='word_1_637' title='bbox 2002 3177 2055 3250; x_wconf 88' lang='lat' dir='ltr'><strong>die</strong></span> <span class='ocrx_word' id='word_1_638' title='bbox 2076 3181 2142 3250; x_wconf 89' lang='lat' dir='ltr'><strong>irae</strong></span> <span class='ocrx_word' id='word_1_639' title='bbox 2163 3189 2196 3248; x_wconf 91' lang='lat' dir='ltr'><strong>et</strong></span> <span class='ocrx_word' id='word_1_640' title='bbox 2211 3181 2407 3250; x_wconf 85' lang='lat' dir='ltr'><strong>revelationis</strong></span> <span class='ocrx_word' id='word_1_641' title='bbox 2423 3181 2498 3250; x_wconf 90' lang='lat' dir='ltr'><strong>iusti</strong></span> 
     </span>
     <span class='ocr_line' id='line_1_84' title="bbox 1545 3283 2499 3376; baseline 0 -20"><span class='ocrx_word' id='word_1_642' title='bbox 1545 3289 1651 3356; x_wconf 91' lang='lat' dir='ltr'><strong>iudicii</strong></span> <span class='ocrx_word' id='word_1_643' title='bbox 1673 3283 1746 3370; x_wconf 70' lang='lat' dir='ltr'><strong>Dei,</strong></span> <span class='ocrx_word' id='word_1_644' title='bbox 1773 3289 1827 3376; x_wconf 93' lang='lat' dir='ltr'><strong>qui</strong></span> <span class='ocrx_word' id='word_1_645' title='bbox 1850 3289 1959 3356; x_wconf 91' lang='lat' dir='ltr'><strong>reddet</strong></span> <span class='ocrx_word' id='word_1_646' title='bbox 1980 3289 2154 3374; x_wconf 91' lang='lat' dir='ltr'><strong>unicuique</strong></span> <span class='ocrx_word' id='word_1_647' title='bbox 2177 3289 2269 3356; x_wconf 75' lang='lat' dir='ltr'><strong>iccata</strong></span> <span class='ocrx_word' id='word_1_648' title='bbox 2295 3307 2392 3376; x_wconf 89' lang='lat' dir='ltr'><strong>opera</strong></span> <span class='ocrx_word' id='word_1_649' title='bbox 2423 3307 2499 3368; x_wconf 89' lang='lat' dir='ltr'><strong>sua,</strong></span> 
     </span>
     <span class='ocr_line' id='line_1_85' title="bbox 1544 3395 2497 3482; baseline -0.002 -20"><span class='ocrx_word' id='word_1_650' title='bbox 1544 3397 1596 3464; x_wconf 91' lang='lat' dir='ltr'><strong>bis</strong></span> <span class='ocrx_word' id='word_1_651' title='bbox 1617 3397 1671 3482; x_wconf 94' lang='lat' dir='ltr'><strong>qui</strong></span> <span class='ocrx_word' id='word_1_652' title='bbox 1696 3397 1867 3464; x_wconf 90' lang='lat' dir='ltr'><strong>secundum</strong></span> <span class='ocrx_word' id='word_1_653' title='bbox 1899 3397 2078 3480; x_wconf 88' lang='lat' dir='ltr'><strong>patientiam</strong></span> <span class='ocrx_word' id='word_1_654' title='bbox 2108 3397 2181 3462; x_wconf 95' lang='lat' dir='ltr'><strong>boni</strong></span> <span class='ocrx_word' id='word_1_655' title='bbox 2213 3397 2334 3480; x_wconf 89' lang='lat' dir='ltr'><strong>operis,</strong></span> <span class='ocrx_word' id='word_1_656' title='bbox 2366 3395 2497 3482; x_wconf 86' lang='lat' dir='ltr'><strong>gloriam</strong></span> 
     </span>
     <span class='ocr_line' id='line_1_86' title="bbox 1545 3501 2499 3588; baseline 0 -20"><span class='ocrx_word' id='word_1_657' title='bbox 1545 3507 1578 3568; x_wconf 91' lang='lat' dir='ltr'><strong>et</strong></span> <span class='ocrx_word' id='word_1_658' title='bbox 1600 3503 1751 3570; x_wconf 93' lang='lat' dir='ltr'><strong>bonorem</strong></span> <span class='ocrx_word' id='word_1_659' title='bbox 1777 3509 1806 3568; x_wconf 92' lang='lat' dir='ltr'><strong>et</strong></span> <span class='ocrx_word' id='word_1_660' title='bbox 1831 3501 2097 3586; x_wconf 91' lang='lat' dir='ltr'><strong>incorruptionem</strong></span> <span class='ocrx_word' id='word_1_661' title='bbox 2110 3527 2118 3582; x_wconf 94' lang='lat'>;</span> <span class='ocrx_word' id='word_1_662' title='bbox 2144 3503 2193 3568; x_wconf 89' lang='lat' dir='ltr'><strong>bis</strong></span> <span class='ocrx_word' id='word_1_663' title='bbox 2215 3507 2338 3580; x_wconf 89' lang='lat' dir='ltr'><strong>autem,</strong></span> <span class='ocrx_word' id='word_1_664' title='bbox 2354 3501 2407 3588; x_wconf 94' lang='lat' dir='ltr'><strong>qui</strong></span> <span class='ocrx_word' id='word_1_665' title='bbox 2425 3511 2499 3568; x_wconf 91' lang='lat' dir='ltr'><strong>sunt</strong></span> 
     </span>
     <span class='ocr_line' id='line_1_87' title="bbox 1545 3607 2499 3694; baseline 0 -20"><span class='ocrx_word' id='word_1_666' title='bbox 1545 3625 1588 3674; x_wconf 85' lang='lat' dir='ltr'><strong>cx</strong></span> <span class='ocrx_word' id='word_1_667' title='bbox 1610 3607 1826 3688; x_wconf 89' lang='lat' dir='ltr'><strong>contentione,</strong></span> <span class='ocrx_word' id='word_1_668' title='bbox 1849 3607 1904 3692; x_wconf 93' lang='lat' dir='ltr'><strong>qui</strong></span> <span class='ocrx_word' id='word_1_669' title='bbox 1928 3627 1988 3674; x_wconf 90' lang='lat' dir='ltr'><strong>non</strong></span> <span class='ocrx_word' id='word_1_670' title='bbox 2022 3609 2226 3694; x_wconf 87' lang='lat' dir='ltr'><strong>acquiescunt</strong></span> <span class='ocrx_word' id='word_1_671' title='bbox 2258 3607 2399 3686; x_wconf 81' lang='lat' dir='ltr'><strong>ueritati,</strong></span> <span class='ocrx_word' id='word_1_672' title='bbox 2430 3625 2499 3674; x_wconf 86' lang='lat' dir='ltr'><strong>crc-</strong></span> 
     </span>
     <span class='ocr_line' id='line_1_88' title="bbox 1544 3711 2500 3798; baseline -0.002 -20"><span class='ocrx_word' id='word_1_673' title='bbox 1544 3711 1624 3778; x_wconf 87' lang='lat' dir='ltr'><strong>duat</strong></span> <span class='ocrx_word' id='word_1_674' title='bbox 1648 3721 1751 3778; x_wconf 89' lang='lat' dir='ltr'><strong>autem</strong></span> <span class='ocrx_word' id='word_1_675' title='bbox 1778 3713 1953 3798; x_wconf 90' lang='lat' dir='ltr'><strong>iniquitali,</strong></span> <span class='ocrx_word' id='word_1_676' title='bbox 1979 3711 2027 3778; x_wconf 89' lang='lat' dir='ltr'><strong>ira</strong></span> <span class='ocrx_word' id='word_1_677' title='bbox 2057 3719 2089 3778; x_wconf 92' lang='lat' dir='ltr'><strong>et</strong></span> <span class='ocrx_word' id='word_1_678' title='bbox 2118 3711 2305 3796; x_wconf 87' lang='lat' dir='ltr'><strong>indignatio,</strong></span> <span class='ocrx_word' id='word_1_679' title='bbox 2340 3711 2500 3778; x_wconf 85' lang='lat' dir='ltr'><strong>tribulatio</strong></span> 
     </span>
     <span class='ocr_line' id='line_1_89' title="bbox 1545 3817 2473 3904; baseline -0.004 -18"><span class='ocrx_word' id='word_1_680' title='bbox 1545 3825 1577 3886; x_wconf 91' lang='lat' dir='ltr'><strong>et</strong></span> <span class='ocrx_word' id='word_1_681' title='bbox 1599 3819 1743 3904; x_wconf 88' lang='lat' dir='ltr'><strong>angustia</strong></span> <span class='ocrx_word' id='word_1_682' title='bbox 1768 3819 1797 3884; x_wconf 93' lang='lat' dir='ltr'><strong>in</strong></span> <span class='ocrx_word' id='word_1_683' title='bbox 1822 3835 1944 3886; x_wconf 92' lang='lat' dir='ltr'><strong>omnem</strong></span> <span class='ocrx_word' id='word_1_684' title='bbox 1968 3819 2101 3886; x_wconf 87' lang='lat' dir='ltr'><strong>animam</strong></span> <span class='ocrx_word' id='word_1_685' title='bbox 2128 3817 2286 3901; x_wconf 89' lang='lat' dir='ltr'><strong>operantis</strong></span> <span class='ocrx_word' id='word_1_686' title='bbox 2310 3817 2425 3882; x_wconf 83' lang='lat' dir='ltr'><strong>mairam</strong></span> <span class='ocrx_word' id='word_1_687' title='bbox 2444 3843 2473 3882; x_wconf 71' lang='lat' dir='ltr'><strong>s.</strong></span> 
     </span>
     <span class='ocr_line' id='line_1_90' title="bbox 1639 3919 2498 4010; baseline 0 -22"><span class='ocrx_word' id='word_1_688' title='bbox 1639 3927 1686 3988; x_wconf 92' lang='lat' dir='ltr'><strong>ll.</strong></span> <span class='ocrx_word' id='word_1_689' title='bbox 1712 3925 1812 4006; x_wconf 89' lang='lat' dir='ltr'><strong>(Vers.</strong></span> <span class='ocrx_word' id='word_1_690' title='bbox 1838 3923 1893 4004; x_wconf 85' lang='grc'>8.).</span> <span class='ocrx_word' id='word_1_691' title='bbox 1918 3925 1998 3988; x_wconf 91' lang='lat' dir='ltr'><strong>D&#39;eo</strong></span> <span class='ocrx_word' id='word_1_692' title='bbox 2027 3923 2138 4002; x_wconf 75' lang='lat' dir='ltr'><strong>uoltis,</strong></span> <span class='ocrx_word' id='word_1_693' title='bbox 2168 3923 2250 4010; x_wconf 88' lang='lat' dir='ltr'><strong>quia</strong></span> <span class='ocrx_word' id='word_1_694' title='bbox 2274 3919 2498 4006; x_wconf 78' lang='lat' dir='ltr'><strong>ct&#39;tosact&#39;et10</strong></span> 
     </span>
     <span class='ocr_line' id='line_1_91' title="bbox 1547 4027 2499 4112; baseline -0.002 -18"><span class='ocrx_word' id='word_1_695' title='bbox 1547 4029 1729 4096; x_wconf 87' lang='lat' dir='ltr'><strong>uindictam</strong></span> <span class='ocrx_word' id='word_1_696' title='bbox 1762 4027 1797 4096; x_wconf 90' lang='lat' dir='ltr'><strong>ill</strong></span> <span class='ocrx_word' id='word_1_697' title='bbox 1818 4047 1919 4108; x_wconf 88' lang='lat' dir='ltr'><strong>rum,·</strong></span> <span class='ocrx_word' id='word_1_698' title='bbox 1952 4035 1980 4096; x_wconf 94' lang='lat' dir='ltr'><strong>et</strong></span> <span class='ocrx_word' id='word_1_699' title='bbox 2012 4029 2071 4096; x_wconf 91' lang='lat' dir='ltr'><strong>boc</strong></span> <span class='ocrx_word' id='word_1_700' title='bbox 2099 4045 2154 4112; x_wconf 93' lang='lat' dir='ltr'><strong>per</strong></span> <span class='ocrx_word' id='word_1_701' title='bbox 2186 4027 2336 4094; x_wconf 90' lang='lat' dir='ltr'><strong>ultionem</strong></span> <span class='ocrx_word' id='word_1_702' title='bbox 2360 4027 2499 4112; x_wconf 92' lang='lat' dir='ltr'><strong>peccati;</strong></span> 
     </span>
     <span class='ocr_line' id='line_1_92' title="bbox 1545 4131 2500 4218; baseline 0 -20"><span class='ocrx_word' id='word_1_703' title='bbox 1545 4133 1780 4200; x_wconf 92' lang='lat' dir='ltr'><strong>Deuteronomii</strong></span> <span class='ocrx_word' id='word_1_704' title='bbox 1810 4133 1971 4218; x_wconf 87' lang='lat' dir='ltr'><strong>trigesimo</strong></span> <span class='ocrx_word' id='word_1_705' title='bbox 1994 4133 2153 4200; x_wconf 90' lang='lat' dir='ltr'><strong>secundo:</strong></span> <span class='ocrx_word' id='word_1_706' title='bbox 2182 4131 2401 4216; x_wconf 81' lang='lat' dir='ltr'><strong>«Sanguinem</strong></span> <span class='ocrx_word' id='word_1_707' title='bbox 2434 4149 2500 4198; x_wconf 84' lang='lat' dir='ltr'><strong>ser-</strong></span> 
     </span>
     <span class='ocr_line' id='line_1_93' title="bbox 1545 4237 2502 4318; baseline -0.004 -12"><span class='ocrx_word' id='word_1_708' title='bbox 1545 4259 1658 4306; x_wconf 88' lang='lat' dir='ltr'><strong>vorum</strong></span> <span class='ocrx_word' id='word_1_709' title='bbox 1683 4257 1813 4306; x_wconf 87' lang='lat' dir='ltr'><strong>snorum</strong></span> <span class='ocrx_word' id='word_1_710' title='bbox 1841 4239 2050 4318; x_wconf 82' lang='lat' dir='ltr'><strong>ulciscetur»,</strong></span> <span class='ocrx_word' id='word_1_711' title='bbox 2076 4246 2135 4305; x_wconf 79' lang='lat' dir='ltr'><strong>«et</strong></span> <span class='ocrx_word' id='word_1_712' title='bbox 2156 4237 2324 4304; x_wconf 82' lang='lat' dir='ltr'><strong>vindictam</strong></span> <span class='ocrx_word' id='word_1_713' title='bbox 2346 4237 2502 4304; x_wconf 91' lang='lat' dir='ltr'><strong>retribuet</strong></span> 
     </span>
     <span class='ocr_line' id='line_1_94' title="bbox 1545 4345 2501 4434; baseline -0.006 -24"><span class='ocrx_word' id='word_1_714' title='bbox 1545 4345 1577 4410; x_wconf 94' lang='lat' dir='ltr'><strong>iu</strong></span> <span class='ocrx_word' id='word_1_715' title='bbox 1595 4345 1701 4410; x_wconf 90' lang='lat' dir='ltr'><strong>hostes</strong></span> <span class='ocrx_word' id='word_1_716' title='bbox 1723 4363 1851 4424; x_wconf 78' lang='lat' dir='ltr'><strong>eertum,</strong></span> <span class='ocrx_word' id='word_1_717' title='bbox 1868 4351 1901 4410; x_wconf 93' lang='lat' dir='ltr'><strong>et</strong></span> <span class='ocrx_word' id='word_1_718' title='bbox 1915 4345 2070 4430; x_wconf 89' lang='lat' dir='ltr'><strong>propitius</strong></span> <span class='ocrx_word' id='word_1_719' title='bbox 2087 4345 2147 4434; x_wconf 90' lang='lat' dir='ltr'><strong>erit</strong></span> <span class='ocrx_word' id='word_1_720' title='bbox 2162 4351 2266 4410; x_wconf 90' lang='lat' dir='ltr'><strong>terrae</strong></span> <span class='ocrx_word' id='word_1_721' title='bbox 2279 4345 2388 4428; x_wconf 92' lang='lat' dir='ltr'><strong>populi</strong></span> <span class='ocrx_word' id='word_1_722' title='bbox 2403 4345 2453 4408; x_wconf 93' lang='lat' dir='ltr'><strong>sui</strong></span> <span class='ocrx_word' id='word_1_723' title='bbox 2468 4369 2501 4420; x_wconf 78' lang='lat' dir='ltr'><strong>a;</strong></span> 
     </span>
     <span class='ocr_line' id='line_1_95' title="bbox 1545 4447 2502 4534; baseline -0.002 -18"><span class='ocrx_word' id='word_1_724' title='bbox 1545 4454 1578 4516; x_wconf 91' lang='grc' dir='ltr'><strong>θῖ</strong></span> <span class='ocrx_word' id='word_1_725' title='bbox 1601 4449 1801 4522; x_wconf 84' lang='lat' dir='ltr'><strong>Ecclesiastici</strong></span> <span class='ocrx_word' id='word_1_726' title='bbox 1837 4447 2001 4534; x_wconf 90' lang='lat' dir='ltr'><strong>trigesimo.</strong></span> <span class='ocrx_word' id='word_1_727' title='bbox 2019 4451 2150 4534; x_wconf 89' lang='lat' dir='ltr'><strong>quinto:</strong></span> <span class='ocrx_word' id='word_1_728' title='bbox 2177 4447 2361 4516; x_wconf 77' lang='lat' dir='ltr'><strong>«Gentibus</strong></span> <span class='ocrx_word' id='word_1_729' title='bbox 2393 4449 2502 4516; x_wconf 90' lang='lat' dir='ltr'><strong>reddet</strong></span> 
     </span>
     <span class='ocr_line' id='line_1_96' title="bbox 1545 4553 2497 4648; baseline 0 -30"><span class='ocrx_word' id='word_1_730' title='bbox 1545 4553 1731 4648; x_wconf 76' lang='lat' dir='ltr'><strong>uindictam,</strong></span> <span class='ocrx_word' id='word_1_731' title='bbox 1764 4553 1860 4620; x_wconf 91' lang='lat' dir='ltr'><strong>donec</strong></span> <span class='ocrx_word' id='word_1_732' title='bbox 1893 4554 1978 4622; x_wconf 87' lang='lat' dir='ltr'><strong>tollat</strong></span> <span class='ocrx_word' id='word_1_733' title='bbox 1995 4554 2232 4640; x_wconf 58' lang='lat' dir='ltr'><strong>‘plenitudinem</strong></span> <span class='ocrx_word' id='word_1_734' title='bbox 2266 4555 2497 4638; x_wconf 90' lang='lat' dir='ltr'><strong>superborum;</strong></span> 
     </span>
     <span class='ocr_line' id='line_1_97' title="bbox 1546 4657 2500 4744; baseline 0 -20"><span class='ocrx_word' id='word_1_735' title='bbox 1546 4665 1578 4724; x_wconf 90' lang='lat' dir='ltr'><strong>et</strong></span> <span class='ocrx_word' id='word_1_736' title='bbox 1601 4665 1724 4744; x_wconf 85' lang='lat' dir='ltr'><strong>sceptra</strong></span> <span class='ocrx_word' id='word_1_737' title='bbox 1744 4657 1936 4744; x_wconf 92' lang='lat' dir='ltr'><strong>iniquorum·</strong></span> <span class='ocrx_word' id='word_1_738' title='bbox 1961 4659 2166 4740; x_wconf 90' lang='lat' dir='ltr'><strong>contribulet,</strong></span> <span class='ocrx_word' id='word_1_739' title='bbox 2191 4659 2286 4726; x_wconf 91' lang='lat' dir='ltr'><strong>donec</strong></span> <span class='ocrx_word' id='word_1_740' title='bbox 2312 4657 2419 4726; x_wconf 89' lang='lat' dir='ltr'><strong>reddat</strong></span> <span class='ocrx_word' id='word_1_741' title='bbox 2444 4661 2500 4726; x_wconf 87' lang='lat' dir='ltr'><strong>bo-</strong></span> 
     </span>
     <span class='ocr_line' id='line_1_98' title="bbox 1545 4761 2500 4852; baseline 0.002 -22"><span class='ocrx_word' id='word_1_742' title='bbox 1545 4765 1682 4832; x_wconf 92' lang='lat' dir='ltr'><strong>minibus</strong></span> <span class='ocrx_word' id='word_1_743' title='bbox 1715 4765 1887 4834; x_wconf 90' lang='lat' dir='ltr'><strong>secundum</strong></span> <span class='ocrx_word' id='word_1_744' title='bbox 1917 4771 2008 4834; x_wconf 91' lang='lat' dir='ltr'><strong>actus</strong></span> <span class='ocrx_word' id='word_1_745' title='bbox 2038 4783 2111 4834; x_wconf 92' lang='lat' dir='ltr'><strong>suos</strong></span> <span class='ocrx_word' id='word_1_746' title='bbox 2144 4773 2172 4832; x_wconf 93' lang='lat' dir='ltr'><strong>et</strong></span> <span class='ocrx_word' id='word_1_747' title='bbox 2202 4761 2373 4832; x_wconf 88' lang='lat' dir='ltr'><strong>secundam</strong></span> <span class='ocrx_word' id='word_1_748' title='bbox 2404 4783 2500 4852; x_wconf 90' lang='lat' dir='ltr'><strong>opera</strong></span> 
     </span>
     <span class='ocr_line' id='line_1_99' title="bbox 1546 4869 2501 4956; baseline 0.001 -21"><span class='ocrx_word' id='word_1_749' title='bbox 1546 4869 1626 4936; x_wconf 84' lang='lat' dir='ltr'><strong>luae</strong></span> <span class='ocrx_word' id='word_1_750' title='bbox 1664 4871 1905 4936; x_wconf 69' lang='lat' dir='ltr'><strong>et&#39;secundum</strong></span> <span class='ocrx_word' id='word_1_751' title='bbox 1942 4871 2223 4956; x_wconf 91' lang='lat' dir='ltr'><strong>praesumtionem,</strong></span> <span class='ocrx_word' id='word_1_752' title='bbox 2257 4871 2352 4936; x_wconf 90' lang='lat' dir='ltr'><strong>donec</strong></span> <span class='ocrx_word' id='word_1_753' title='bbox 2384 4871 2501 4938; x_wconf 89' lang='lat' dir='ltr'><strong>iudicet</strong></span> 
     </span>
     <span class='ocr_line' id='line_1_100' title="bbox 1545 4975 2652 5062; baseline -0.002 -20"><span class='ocrx_word' id='word_1_754' title='bbox 1545 4975 1696 5042; x_wconf 92' lang='lat' dir='ltr'><strong>iudicium</strong></span> <span class='ocrx_word' id='word_1_755' title='bbox 1721 4975 1821 5060; x_wconf 88' lang='lat' dir='ltr'><strong>plebis</strong></span> <span class='ocrx_word' id='word_1_756' title='bbox 1844 4995 1965 5044; x_wconf 81' lang='lat' dir='ltr'><strong>suae».</strong></span> <span class='ocrx_word' id='word_1_757' title='bbox 1988 4977 2113 5044; x_wconf 84' lang='lat' dir='ltr'><strong>-Sed</strong></span> <span class='ocrx_word' id='word_1_758' title='bbox 2145 4975 2287 5062; x_wconf 91' lang='lat' dir='ltr'><strong>nunquid</strong></span> <span class='ocrx_word' id='word_1_759' title='bbox 2312 4977 2496 5044; x_wconf 90' lang='lat' dir='ltr'><strong>Sanctorum</strong></span> <span class='ocrx_word' id='word_1_760' title='bbox 2520 4991 2652 5040; x_wconf 66' lang='lat' dir='ltr'><strong>naucum.</strong></span> 
     </span>
    </p>
   </div>
   <div class='ocr_carea' id='block_1_25' title="bbox 1544 5277 2507 6056">
    <p class='ocr_par' dir='ltr' id='par_1_30' title="bbox 1545 5277 2505 5704">
     <span class='ocr_line' id='line_1_101' title="bbox 1616 5277 2502 5348; baseline 0.002 -16"><span class='ocrx_word' id='word_1_761' title='bbox 1616 5277 1626 5308; x_wconf 85' lang='lat'>⁵</span> <span class='ocrx_word' id='word_1_762' title='bbox 1648 5281 1778 5336; x_wconf 85' lang='lat' dir='ltr'><strong>Sententia</strong></span> <span class='ocrx_word' id='word_1_763' title='bbox 1795 5285 1860 5334; x_wconf 89' lang='lat' dir='ltr'><strong>baec</strong></span> <span class='ocrx_word' id='word_1_764' title='bbox 1880 5281 2024 5332; x_wconf 91' lang='lat' dir='ltr'><strong>insinuatur</strong></span> <span class='ocrx_word' id='word_1_765' title='bbox 2049 5281 2118 5334; x_wconf 89' lang='lat' dir='ltr'><strong>Orat.</strong></span> <span class='ocrx_word' id='word_1_766' title='bbox 2150 5283 2173 5332; x_wconf 78' lang='lat'><strong>2.</strong></span> <span class='ocrx_word' id='word_1_767' title='bbox 2202 5281 2233 5334; x_wconf 91' lang='lat' dir='ltr'><strong>de</strong></span> <span class='ocrx_word' id='word_1_768' title='bbox 2254 5281 2403 5334; x_wconf 72' lang='lat' dir='ltr'><strong>precatione</strong></span> <span class='ocrx_word' id='word_1_769' title='bbox 2423 5283 2502 5348; x_wconf 82' lang='lat' dir='ltr'><strong>(iuter</strong></span> 
     </span>
     <span class='ocr_line' id='line_1_102' title="bbox 1545 5367 2500 5438; baseline 0.002 -18"><span class='ocrx_word' id='word_1_770' title='bbox 1545 5383 1626 5432; x_wconf 88' lang='lat' dir='ltr'><strong>opera</strong></span> <span class='ocrx_word' id='word_1_771' title='bbox 1646 5367 1791 5434; x_wconf 79' lang='lat' dir='ltr'><strong>chrysost.;</strong></span> <span class='ocrx_word' id='word_1_772' title='bbox 1810 5371 1872 5422; x_wconf 90' lang='lat' dir='ltr'><strong>alias</strong></span> <span class='ocrx_word' id='word_1_773' title='bbox 1893 5371 1917 5422; x_wconf 88' lang='lat' dir='ltr'><strong>ll.</strong></span> <span class='ocrx_word' id='word_1_774' title='bbox 1937 5371 1971 5422; x_wconf 89' lang='lat' dir='ltr'><strong>de</strong></span> <span class='ocrx_word' id='word_1_775' title='bbox 1988 5369 2094 5438; x_wconf 84' lang='lat' dir='ltr'><strong>Orando</strong></span> <span class='ocrx_word' id='word_1_776' title='bbox 2113 5369 2216 5436; x_wconf 91' lang='lat' dir='ltr'><strong>Deum).</strong></span> <span class='ocrx_word' id='word_1_777' title='bbox 2234 5371 2283 5422; x_wconf 80' lang='lat' dir='ltr'><strong>Pro</strong></span> <span class='ocrx_word' id='word_1_778' title='bbox 2303 5371 2365 5424; x_wconf 86' lang='lat' dir='ltr'><strong>Non</strong></span> <span class='ocrx_word' id='word_1_779' title='bbox 2378 5369 2500 5424; x_wconf 69' lang='lat' dir='ltr'><strong>trudeus</strong></span> 
     </span>
     <span class='ocr_line' id='line_1_103' title="bbox 1546 5455 2499 5526; baseline 0 -16"><span class='ocrx_word' id='word_1_780' title='bbox 1546 5455 1580 5510; x_wconf 89' lang='lat' dir='ltr'><strong>Si</strong></span> <span class='ocrx_word' id='word_1_781' title='bbox 1595 5455 1698 5524; x_wconf 86' lang='lat' dir='ltr'><strong>iudce,·</strong></span> <span class='ocrx_word' id='word_1_782' title='bbox 1717 5457 1799 5512; x_wconf 82' lang='lat' dir='ltr'><strong>ACD</strong></span> <span class='ocrx_word' id='word_1_783' title='bbox 1817 5457 1940 5510; x_wconf 86' lang='lat' dir='ltr'><strong>omittunt</strong></span> <span class='ocrx_word' id='word_1_784' title='bbox 1959 5457 2043 5512; x_wconf 80' lang='lat' dir='ltr'><strong>medio</strong></span> <span class='ocrx_word' id='word_1_785' title='bbox 2057 5455 2239 5526; x_wconf 79' lang='lat' dir='ltr'><strong>compedem...</strong></span> <span class='ocrx_word' id='word_1_786' title='bbox 2252 5455 2380 5526; x_wconf 72' lang='lat' dir='ltr'><strong>uiduam·</strong></span> <span class='ocrx_word' id='word_1_787' title='bbox 2397 5461 2418 5510; x_wconf 94' lang='lat' dir='ltr'><strong>H</strong></span> <span class='ocrx_word' id='word_1_788' title='bbox 2439 5473 2499 5512; x_wconf 91' lang='lat' dir='ltr'><strong>cum</strong></span> 
     </span>
     <span class='ocr_line' id='line_1_104' title="bbox 1545 5545 2505 5614; baseline 0.002 -16"><span class='ocrx_word' id='word_1_789' title='bbox 1545 5545 1622 5598; x_wconf 86' lang='lat' dir='ltr'><strong>Card.</strong></span> <span class='ocrx_word' id='word_1_790' title='bbox 1642 5547 1710 5610; x_wconf 84' lang='lat' dir='ltr'><strong>llug.</strong></span> <span class='ocrx_word' id='word_1_791' title='bbox 1729 5553 1789 5612; x_wconf 89' lang='lat' dir='ltr'><strong>post</strong></span> <span class='ocrx_word' id='word_1_792' title='bbox 1806 5545 1893 5600; x_wconf 87' lang='lat' dir='ltr'><strong>taedio</strong></span> <span class='ocrx_word' id='word_1_793' title='bbox 1912 5545 2068 5614; x_wconf 86' lang='lat' dir='ltr'><strong>compulsas</strong></span> <span class='ocrx_word' id='word_1_794' title='bbox 2087 5547 2254 5614; x_wconf 83' lang='lat' dir='ltr'><strong>prosequitur</strong></span> <span class='ocrx_word' id='word_1_795' title='bbox 2278 5545 2326 5600; x_wconf 82' lang='lat' dir='ltr'><strong>sect</strong></span> <span class='ocrx_word' id='word_1_796' title='bbox 2347 5545 2416 5602; x_wconf 85' lang='lat' dir='ltr'><strong>ectio</strong></span> <span class='ocrx_word' id='word_1_797' title='bbox 2444 5545 2505 5600; x_wconf 82' lang='lat' dir='ltr'><strong>eius·</strong></span> 
     </span>
     <span class='ocr_line' id='line_1_105' title="bbox 1546 5633 2297 5704; baseline 0.008 -18"><span class='ocrx_word' id='word_1_798' title='bbox 1546 5633 1590 5688; x_wconf 82' lang='lat' dir='ltr'><strong>laic</strong></span> <span class='ocrx_word' id='word_1_799' title='bbox 1607 5633 1720 5688; x_wconf 85' lang='lat' dir='ltr'><strong>laudari</strong></span> <span class='ocrx_word' id='word_1_800' title='bbox 1731 5639 1822 5704; x_wconf 85' lang='lat' dir='ltr'><strong>potest</strong></span> <span class='ocrx_word' id='word_1_801' title='bbox 1829 5655 1840 5702; x_wconf 87' lang='grc'><strong>,·</strong></span> <span class='ocrx_word' id='word_1_802' title='bbox 1858 5635 1923 5702; x_wconf 85' lang='lat' dir='ltr'><strong>qaia</strong></span> <span class='ocrx_word' id='word_1_803' title='bbox 1940 5635 1968 5690; x_wconf 83' lang='lat' dir='ltr'><strong>si</strong></span> <span class='ocrx_word' id='word_1_804' title='bbox 1982 5633 2031 5688; x_wconf 80' lang='lat' dir='ltr'><strong>iste</strong></span> <span class='ocrx_word' id='word_1_805' title='bbox 2048 5641 2097 5686; x_wconf 87' lang='lat' dir='ltr'><strong>etc.</strong></span> <span class='ocrx_word' id='word_1_806' title='bbox 2296 5689 2297 5692; x_wconf 74' lang='grc'>,</span> 
     </span>
    </p>

    <p class='ocr_par' dir='ltr' id='par_1_31' title="bbox 1544 5719 2507 6056">
     <span class='ocr_line' id='line_1_106' title="bbox 1616 5719 2499 5788; baseline 0.002 -14"><span class='ocrx_word' id='word_1_807' title='bbox 1616 5719 1722 5776; x_wconf 77' lang='lat' dir='ltr'><strong>6ilem.</strong></span> <span class='ocrx_word' id='word_1_808' title='bbox 1741 5723 1790 5788; x_wconf 86' lang='lat' dir='ltr'><strong>le,</strong></span> <span class='ocrx_word' id='word_1_809' title='bbox 1819 5723 1862 5776; x_wconf 89' lang='lat' dir='ltr'><strong>ubi</strong></span> <span class='ocrx_word' id='word_1_810' title='bbox 1892 5725 2002 5788; x_wconf 77' lang='lat' dir='ltr'><strong>Vulgata</strong></span> <span class='ocrx_word' id='word_1_811' title='bbox 2030 5719 2148 5776; x_wconf 84' lang='lat' dir='ltr'><strong>uindicta</strong></span> <span class='ocrx_word' id='word_1_812' title='bbox 2174 5737 2223 5788; x_wconf 91' lang='lat' dir='ltr'><strong>pro</strong></span> <span class='ocrx_word' id='word_1_813' title='bbox 2249 5721 2407 5788; x_wconf 83' lang='lat' dir='ltr'><strong>vindictam,</strong></span> <span class='ocrx_word' id='word_1_814' title='bbox 2426 5725 2499 5788; x_wconf 91' lang='lat' dir='ltr'><strong>quod</strong></span> 
     </span>
     <span class='ocr_line' id='line_1_107' title="bbox 1545 5811 2507 5878; baseline 0.004 -18"><span class='ocrx_word' id='word_1_815' title='bbox 1545 5811 1668 5864; x_wconf 86' lang='lat' dir='ltr'><strong>exhibent</strong></span> <span class='ocrx_word' id='word_1_816' title='bbox 1685 5813 1765 5864; x_wconf 87' lang='lat' dir='ltr'><strong>etiam</strong></span> <span class='ocrx_word' id='word_1_817' title='bbox 1784 5811 1926 5864; x_wconf 89' lang='lat' dir='ltr'><strong>Commeat.</strong></span> <span class='ocrx_word' id='word_1_818' title='bbox 1949 5811 1974 5864; x_wconf 92' lang='lat' dir='ltr'><strong>iu</strong></span> <span class='ocrx_word' id='word_1_819' title='bbox 1991 5813 2068 5864; x_wconf 85' lang='lat' dir='ltr'><strong>Rom.</strong></span> <span class='ocrx_word' id='word_1_820' title='bbox 2087 5811 2154 5862; x_wconf 87' lang='lat' dir='ltr'><strong>inter</strong></span> <span class='ocrx_word' id='word_1_821' title='bbox 2177 5825 2258 5876; x_wconf 87' lang='lat' dir='ltr'><strong>opera</strong></span> <span class='ocrx_word' id='word_1_822' title='bbox 2285 5811 2430 5878; x_wconf 68' lang='lat' dir='ltr'><strong>Ambrosii,</strong></span> <span class='ocrx_word' id='word_1_823' title='bbox 2453 5813 2507 5864; x_wconf 87' lang='lat' dir='ltr'><strong>ua·-</strong></span> 
     </span>
     <span class='ocr_line' id='line_1_108' title="bbox 1545 5889 2499 5966; baseline 0.001 -17"><span class='ocrx_word' id='word_1_824' title='bbox 1545 5897 1645 5962; x_wconf 78' lang='lat' dir='ltr'><strong>banm,</strong></span> <span class='ocrx_word' id='word_1_825' title='bbox 1663 5889 1779 5966; x_wconf 79' lang='lat' dir='ltr'><strong>llaym0‚</strong></span> <span class='ocrx_word' id='word_1_826' title='bbox 1797 5901 1863 5952; x_wconf 83' lang='lat' dir='ltr'><strong>Petr.</strong></span> <span class='ocrx_word' id='word_1_827' title='bbox 1883 5899 2037 5966; x_wconf 59' lang='lat' dir='ltr'><strong>lomberd„</strong></span> <span class='ocrx_word' id='word_1_828' title='bbox 2056 5897 2134 5952; x_wconf 87' lang='lat' dir='ltr'><strong>Card.</strong></span> <span class='ocrx_word' id='word_1_829' title='bbox 2152 5901 2229 5964; x_wconf 85' lang='lat' dir='ltr'><strong>Hugo</strong></span> <span class='ocrx_word' id='word_1_830' title='bbox 2243 5899 2411 5962; x_wconf 80' lang='lat' dir='ltr'><strong>elbyrauus3</strong></span> <span class='ocrx_word' id='word_1_831' title='bbox 2431 5901 2499 5952; x_wconf 85' lang='lat' dir='ltr'><strong>Pelr.</strong></span> 
     </span>
     <span class='ocr_line' id='line_1_109' title="bbox 1544 5985 2498 6056; baseline 0.004 -20"><span class='ocrx_word' id='word_1_832' title='bbox 1544 5985 1704 6038; x_wconf 85' lang='lat' dir='ltr'><strong>Lombard.:</strong></span> <span class='ocrx_word' id='word_1_833' title='bbox 1727 5985 1795 6040; x_wconf 77' lang='lat' dir='ltr'><strong>alam</strong></span> <span class='ocrx_word' id='word_1_834' title='bbox 1818 5985 1977 6052; x_wconf 86' lang='lat' dir='ltr'><strong>uindictam,</strong></span> <span class='ocrx_word' id='word_1_835' title='bbox 2001 5987 2151 6050; x_wconf 82' lang='lat' dir='ltr'><strong>reservavi,</strong></span> <span class='ocrx_word' id='word_1_836' title='bbox 2171 5989 2214 6040; x_wconf 80' lang='lat' dir='ltr'><strong>rel</strong></span> <span class='ocrx_word' id='word_1_837' title='bbox 2234 6003 2281 6040; x_wconf 81' lang='lat' dir='ltr'><strong>nos</strong></span> <span class='ocrx_word' id='word_1_838' title='bbox 2298 5995 2430 6040; x_wconf 80' lang='lat' dir='ltr'><strong>reservate</strong></span> <span class='ocrx_word' id='word_1_839' title='bbox 2450 5987 2498 6056; x_wconf 88' lang='lat' dir='ltr'><strong>[ita</strong></span> 
     </span>
    </p>
   </div>
   <div class='ocr_carea' id='block_1_26' title="bbox 1536 6071 2271 6140">
    <p class='ocr_par' dir='ltr' id='par_1_32' title="bbox 1536 6071 2271 6140">
     <span class='ocr_line' id='line_1_110' title="bbox 1536 6071 2271 6140; baseline 0.004 -17"><span class='ocrx_word' id='word_1_840' title='bbox 1536 6071 1674 6140; x_wconf 37' lang='lat' dir='ltr'><strong>,Haym0],</strong></span> <span class='ocrx_word' id='word_1_841' title='bbox 1694 6077 1719 6128; x_wconf 89' lang='lat' dir='ltr'><strong>et</strong></span> <span class='ocrx_word' id='word_1_842' title='bbox 1735 6087 1785 6140; x_wconf 79' lang='lat' dir='ltr'><strong>ego</strong></span> <span class='ocrx_word' id='word_1_843' title='bbox 1802 6081 1851 6126; x_wconf 88' lang='lat' dir='ltr'><strong>etc.</strong></span> <span class='ocrx_word' id='word_1_844' title='bbox 1868 6103 1905 6114; x_wconf 89' lang='lat'>-</span> <span class='ocrx_word' id='word_1_845' title='bbox 1924 6075 2045 6140; x_wconf 84' lang='lat' dir='ltr'><strong>Sequitur</strong></span> <span class='ocrx_word' id='word_1_846' title='bbox 2064 6075 2140 6126; x_wconf 88' lang='lat' dir='ltr'><strong>Dent.</strong></span> <span class='ocrx_word' id='word_1_847' title='bbox 2159 6075 2208 6140; x_wconf 82' lang='lat'><strong>32,</strong></span> <span class='ocrx_word' id='word_1_848' title='bbox 2227 6075 2271 6126; x_wconf 82' lang='lat'><strong>35.</strong></span> 
     </span>
    </p>
   </div>
   <div class='ocr_carea' id='block_1_27' title="bbox 1544 6155 2598 6488">
    <p class='ocr_par' dir='ltr' id='par_1_33' title="bbox 1544 6155 2598 6488">
     <span class='ocr_line' id='line_1_111' title="bbox 1615 6155 2508 6228; baseline 0.004 -18"><span class='ocrx_word' id='word_1_849' title='bbox 1615 6155 1625 6186; x_wconf 69' lang='lat'>²</span> <span class='ocrx_word' id='word_1_850' title='bbox 1646 6159 1721 6212; x_wconf 72' lang='lat' dir='ltr'><strong>Vens.</strong></span> <span class='ocrx_word' id='word_1_851' title='bbox 1739 6163 1767 6212; x_wconf 82' lang='grc'><strong>9.</strong></span> <span class='ocrx_word' id='word_1_852' title='bbox 1785 6167 1810 6214; x_wconf 89' lang='lat' dir='ltr'><strong>et</strong></span> <span class='ocrx_word' id='word_1_853' title='bbox 1831 6163 1871 6214; x_wconf 86' lang='lat' dir='ltr'><strong>ld.</strong></span> <span class='ocrx_word' id='word_1_854' title='bbox 1890 6189 1923 6200; x_wconf 89' lang='lat'>-</span> <span class='ocrx_word' id='word_1_855' title='bbox 1943 6163 2022 6214; x_wconf 74' lang='lat' dir='ltr'><strong>Paculo</strong></span> <span class='ocrx_word' id='word_1_856' title='bbox 2040 6161 2162 6226; x_wconf 90' lang='lat' dir='ltr'><strong>superius</strong></span> <span class='ocrx_word' id='word_1_857' title='bbox 2174 6161 2286 6214; x_wconf 71' lang='lat' dir='ltr'><strong>vocibus</strong></span> <span class='ocrx_word' id='word_1_858' title='bbox 2303 6175 2339 6214; x_wconf 84' lang='lat' dir='ltr'><strong>ea</strong></span> <span class='ocrx_word' id='word_1_859' title='bbox 2356 6159 2508 6228; x_wconf 78' lang='lat' dir='ltr'><strong>afflictione</strong></span> 
     </span>
     <span class='ocr_line' id='line_1_112' title="bbox 1544 6247 2237 6300; baseline 0.007 -2"><span class='ocrx_word' id='word_1_860' title='bbox 1544 6247 1566 6298; x_wconf 83' lang='lat' dir='ltr'><strong>A</strong></span> <span class='ocrx_word' id='word_1_861' title='bbox 1586 6247 1654 6298; x_wconf 91' lang='lat' dir='ltr'><strong>bene</strong></span> <span class='ocrx_word' id='word_1_862' title='bbox 1670 6247 1800 6300; x_wconf 89' lang='lat' dir='ltr'><strong>interserit</strong></span> <span class='ocrx_word' id='word_1_863' title='bbox 1819 6247 1905 6300; x_wconf 85' lang='lat' dir='ltr'><strong>illata.</strong></span> <span class='ocrx_word' id='word_1_864' title='bbox 2233 6247 2237 6254; x_wconf 87' lang='lat'>&#39;</span> 
     </span>
     <span class='ocr_line' id='line_1_113' title="bbox 1615 6331 2598 6390; baseline 0.004 -6"><span class='ocrx_word' id='word_1_865' title='bbox 1615 6331 1722 6388; x_wconf 80' lang='lat' dir='ltr'><strong>lVers.</strong></span> <span class='ocrx_word' id='word_1_866' title='bbox 1740 6335 1783 6388; x_wconf 87' lang='lat' dir='ltr'><strong>le.</strong></span> <span class='ocrx_word' id='word_1_867' title='bbox 1799 6363 1838 6374; x_wconf 96' lang='lat'>-</span> <span class='ocrx_word' id='word_1_868' title='bbox 1854 6337 1904 6388; x_wconf 81' lang='lat' dir='ltr'><strong>Pro</strong></span> <span class='ocrx_word' id='word_1_869' title='bbox 1922 6333 2106 6388; x_wconf 85' lang='lat' dir='ltr'><strong>tribulationes</strong></span> <span class='ocrx_word' id='word_1_870' title='bbox 2125 6333 2238 6388; x_wconf 88' lang='lat' dir='ltr'><strong>ACDH</strong></span> <span class='ocrx_word' id='word_1_871' title='bbox 2258 6333 2454 6388; x_wconf 83' lang='lat' dir='ltr'><strong>retributiones.</strong></span> <span class='ocrx_word' id='word_1_872' title='bbox 2486 6387 2487 6390; x_wconf 71' lang='grc'>,</span> <span class='ocrx_word' id='word_1_873' title='bbox 2597 6385 2598 6388; x_wconf 74' lang='grc'>,</span> 
     </span>
     <span class='ocr_line' id='line_1_114' title="bbox 1557 6419 2508 6488; baseline 0.002 -16"><span class='ocrx_word' id='word_1_874' title='bbox 1557 6421 1558 6426; x_wconf 76' lang='grc'>’</span> <span class='ocrx_word' id='word_1_875' title='bbox 1614 6419 1626 6450; x_wconf 81' lang='lat'>⁹</span> <span class='ocrx_word' id='word_1_876' title='bbox 1649 6423 1720 6474; x_wconf 74' lang='lat' dir='ltr'><strong>Vere.</strong></span> <span class='ocrx_word' id='word_1_877' title='bbox 1738 6423 1830 6474; x_wconf 62' lang='lat'><strong>22-</strong></span> <span class='ocrx_word' id='word_1_878' title='bbox 1843 6421 1960 6476; x_wconf 88' lang='lat' dir='ltr'><strong>Subinde</strong></span> <span class='ocrx_word' id='word_1_879' title='bbox 1977 6423 2103 6486; x_wconf 88' lang='lat' dir='ltr'><strong>allegatur</strong></span> <span class='ocrx_word' id='word_1_880' title='bbox 2122 6425 2198 6474; x_wconf 84' lang='lat' dir='ltr'><strong>llom.</strong></span> <span class='ocrx_word' id='word_1_881' title='bbox 2217 6425 2241 6488; x_wconf 76' lang='lat'><strong>2,</strong></span> <span class='ocrx_word' id='word_1_882' title='bbox 2264 6421 2321 6486; x_wconf 79' lang='lat' dir='ltr'><strong>le,</strong></span> <span class='ocrx_word' id='word_1_883' title='bbox 2339 6419 2385 6472; x_wconf 91' lang='lat' dir='ltr'><strong>ubi</strong></span> <span class='ocrx_word' id='word_1_884' title='bbox 2403 6427 2462 6486; x_wconf 87' lang='lat' dir='ltr'><strong>post</strong></span> <span class='ocrx_word' id='word_1_885' title='bbox 2473 6425 2508 6474; x_wconf 86' lang='lat' dir='ltr'><strong>et·</strong></span> 
     </span>
    </p>
   </div>
   <div class='ocr_carea' id='block_1_28' title="bbox 1451 6491 2500 6578">
    <p class='ocr_par' dir='ltr' id='par_1_34' title="bbox 1451 6491 2500 6578">
     <span class='ocr_line' id='line_1_115' title="bbox 1451 6491 2500 6578; baseline 0 -16"><span class='ocrx_word' id='word_1_886' title='bbox 1451 6491 1452 6494; x_wconf 22' lang='lat'>¹</span> <span class='ocrx_word' id='word_1_887' title='bbox 1543 6507 1774 6578; x_wconf 83' lang='lat' dir='ltr'><strong>iltcorruplionem</strong></span> <span class='ocrx_word' id='word_1_888' title='bbox 1792 6511 1851 6562; x_wconf 83' lang='lat' dir='ltr'><strong>l&#39;at.</strong></span> <span class='ocrx_word' id='word_1_889' title='bbox 1869 6523 1930 6562; x_wconf 91' lang='lat' dir='ltr'><strong>cum</strong></span> <span class='ocrx_word' id='word_1_890' title='bbox 1956 6511 2066 6574; x_wconf 75' lang='lat' dir='ltr'><strong>Vulgata</strong></span> <span class='ocrx_word' id='word_1_891' title='bbox 2091 6511 2163 6562; x_wconf 91' lang='lat' dir='ltr'><strong>addit</strong></span> <span class='ocrx_word' id='word_1_892' title='bbox 2186 6511 2337 6578; x_wconf 84' lang='lat' dir='ltr'><strong>quaerunt,</strong></span> <span class='ocrx_word' id='word_1_893' title='bbox 2354 6507 2438 6562; x_wconf 88' lang='lat' dir='ltr'><strong>eitum</strong></span> <span class='ocrx_word' id='word_1_894' title='bbox 2457 6523 2500 6562; x_wconf 77' lang='lat' dir='ltr'><strong>oe·</strong></span> 
     </span>
    </p>
   </div>
   <div class='ocr_carea' id='block_1_29' title="bbox 1543 6595 2505 6838">
    <p class='ocr_par' dir='ltr' id='par_1_35' title="bbox 1543 6595 2505 6838">
     <span class='ocr_line' id='line_1_116' title="bbox 1544 6595 2345 6662; baseline 0.001 -11"><span class='ocrx_word' id='word_1_895' title='bbox 1544 6601 1665 6662; x_wconf 86' lang='lat' dir='ltr'><strong>ternam,</strong></span> <span class='ocrx_word' id='word_1_896' title='bbox 1686 6603 1713 6650; x_wconf 88' lang='lat' dir='ltr'><strong>et</strong></span> <span class='ocrx_word' id='word_1_897' title='bbox 1730 6605 1789 6662; x_wconf 89' lang='lat' dir='ltr'><strong>post</strong></span> <span class='ocrx_word' id='word_1_898' title='bbox 1803 6599 1925 6652; x_wconf 87' lang='lat' dir='ltr'><strong>animam</strong></span> <span class='ocrx_word' id='word_1_899' title='bbox 1944 6595 2079 6662; x_wconf 84' lang='lat' dir='ltr'><strong>subiungit</strong></span> <span class='ocrx_word' id='word_1_900' title='bbox 2096 6595 2221 6652; x_wconf 74' lang='lat' dir='ltr'><strong>dominiis.</strong></span> <span class='ocrx_word' id='word_1_901' title='bbox 2344 6655 2345 6658; x_wconf 60' lang='grc'>,</span> 
     </span>
     <span class='ocr_line' id='line_1_117' title="bbox 1585 6683 2505 6758; baseline 0 -21"><span class='ocrx_word' id='word_1_902' title='bbox 1585 6729 1586 6732; x_wconf 64' lang='grc'>,</span> <span class='ocrx_word' id='word_1_903' title='bbox 1614 6683 1638 6714; x_wconf 77' lang='lat'><strong>1⁰</strong></span> <span class='ocrx_word' id='word_1_904' title='bbox 1657 6685 1739 6740; x_wconf 85' lang='lat' dir='ltr'><strong>Codd.</strong></span> <span class='ocrx_word' id='word_1_905' title='bbox 1758 6687 1809 6742; x_wconf 68' lang='grc' dir='ltr'>(ΙΙ)</span> <span class='ocrx_word' id='word_1_906' title='bbox 1828 6685 1901 6758; x_wconf 72' lang='lat' dir='ltr'><strong>tacit.</strong></span> <span class='ocrx_word' id='word_1_907' title='bbox 1917 6715 1956 6752; x_wconf 49' lang='grc'><strong>-,</strong></span> <span class='ocrx_word' id='word_1_908' title='bbox 1972 6689 2029 6742; x_wconf 89' lang='lat' dir='ltr'><strong>Duo</strong></span> <span class='ocrx_word' id='word_1_909' title='bbox 2053 6703 2128 6754; x_wconf 89' lang='lat' dir='ltr'><strong>seqq.</strong></span> <span class='ocrx_word' id='word_1_910' title='bbox 2147 6687 2196 6740; x_wconf 89' lang='lat' dir='ltr'><strong>loci</strong></span> <span class='ocrx_word' id='word_1_911' title='bbox 2214 6691 2274 6740; x_wconf 88' lang='lat' dir='ltr'><strong>sunt</strong></span> <span class='ocrx_word' id='word_1_912' title='bbox 2291 6687 2369 6740; x_wconf 88' lang='lat' dir='ltr'><strong>Dent..</strong></span> <span class='ocrx_word' id='word_1_913' title='bbox 2386 6687 2433 6750; x_wconf 79' lang='lat'><strong>32,</strong></span> <span class='ocrx_word' id='word_1_914' title='bbox 2455 6685 2505 6738; x_wconf 67' lang='lat'><strong>43..</strong></span> 
     </span>
     <span class='ocr_line' id='line_1_118' title="bbox 1543 6773 1795 6838; baseline 0.008 -10"><span class='ocrx_word' id='word_1_915' title='bbox 1543 6775 1619 6828; x_wconf 86' lang='lat' dir='ltr'><strong>Eccli.</strong></span> <span class='ocrx_word' id='word_1_916' title='bbox 1639 6773 1684 6838; x_wconf 82' lang='lat'><strong>35,</strong></span> <span class='ocrx_word' id='word_1_917' title='bbox 1706 6775 1795 6830; x_wconf 72' lang='lat'><strong>23-25.</strong></span> 
     </span>
    </p>
   </div>
   <div class='ocr_carea' id='block_1_30' title="bbox 0 0 2962 8260">
    <p class='ocr_par' dir='ltr' id='par_1_36' title="bbox 0 0 2962 8260">
     <span class='ocr_line' id='line_1_119' title="bbox 0 0 2962 8260; baseline 0 0"><span class='ocrx_word' id='word_1_918' title='bbox 0 0 2962 8260; x_wconf 95' lang='lat' dir='ltr'><strong> </strong></span> 
     </span>
    </p>
   </div>
  </div>
 </body>
</html>
