5900 8266
1037 585 1230 654 COMMENT.
1253 587 1293 656 IN
1315 587 1557 656 EVhNGELlUM
1581 585 1697 654 LUChE
1724 589 1753 656 C.
1780 593 1866 658 XVII.

464 771 525 836 Hoc
550 767 630 834 enim
656 757 805 834 haeretiei
821 765 991 852 aliquando
1012 763 1081 832 ausi
1110 771 1184 832 sunt
1205 773 1238 832 et
1259 765 1425 832 andehunt

463 873 585 952 dicere,
611 877 640 938 et
665 871 805 938 maxime
826 871 879 937 ille
901 871 988 938 filins
1010 869 1203 954 perditionis.
1223 871 1308 938 Unde
1324 869 1424 938 Beda:

469 1003 486 1036 «
503 977 588 1044 Multi
615 975 762 1044 haeretici
787 975 918 1042 inerunt
941 979 972 1042 et
988 973 1088 1042 iuturi
1106 983 1196 1054 sunt,
1213 973 1267 1060 qai
1285 993 1317 1042 se
1333 975 1425 1042 Chri-

463 1091 528 1150 stos
552 1089 714 1162 esserunt,
733 1099 870 1168 quorum
893 1081 1017 1166 primus
1043 1081 1146 1148 Simon
1172 1099 1297 1168 magus,
1319 1087 1353 1148 et
1375 1071 1443 1148 ul-¹

394 1277 396 1280 ,
463 1191 562 1256 timus
582 1189 834 1256 antichristus».
860 1187 945 1256 Unde
978 1187 1068 1254 etiem
1103 1189 1154 1254 ille
1186 1189 1241 1272 qui
1263 1187 1323 1254 suit
1355 1189 1424 1254 dux

462 1303 566 1362 sectae
595 1295 867 1372 Manichaeorum,
896 1293 996 1374 dixit,
1020 1311 1055 1362 se
1076 1311 1145 1360 esse
1169 1293 1319 1378 Spiritum
1352 1313 1424 1360 sen-

461 1408 569 1482 atum,
592 1401 675 1468 sicut
703 1399 777 1464 dicit
810 1401 1039 1486 augustinus1.
1064 1399 1151 1468 Unde
1175 1401 1250 1485 quia
1271 1399 1423 1468 haeretici

461 1507 657 1582 discordant3
676 1525 759 1572 unias
775 1505 850 1572 dicit
868 1525 965 1574 unum
979 1559 986 1586 ,
1001 1509 1081 1576 alter
1099 1507 1193 1576 sentit
1208 1507 1422 1586 contrarium3

461 1613 531 1678 ideo
556 1611 646 1690 dicit,
672 1611 756 1696 quod
778 1629 865 1678 uuus
886 1611 984 1679 dicit:
1007 1633 1076 1680 ecce
1091 1611 1164 1690 laic,
1181 1613 1281 1678 alter:
1299 1629 1368 1678 cece
1383 1611 1423 1676 it-

462 1717 514 1782 tic.
538 1717 626 1782 Unde
642 1717 794 1782 ¹Matthaei
811 1717 960 1802 vigesimo
978 1725 1092 1804 quarto
1107 1719 1136 1782 ²:
1160 1715 1278 1782 «Multi
1297 1717 1423 1784 venient

356 1835 359 1840 “
461 1823 495 1888 in
517 1821 642 1888 nomine
668 1841 754 1902 meo,
769 1823 909 1890 dicentes
925 1849 931 1888 :
947 1825 1010 1908 Ego
1026 1841 1097 1890 sum
1115 1823 1276 1900 Christm,
1295 1829 1324 1888 et
1340 1823 1423 1888 mul-

462 1937 510 1996 tos
532 1927 683 1998 seducent
698 1955 729 1994 ».
754 1929 954 1996 seducantur
979 1935 1082 1996 antem
1102 1927 1155 2016 qui
1174 1927 1350 2014 suscipiunt
1371 1945 1425 1996 eo·

461 2053 533 2102 rum
559 2033 733 2102 doctrinam
757 2041 788 2102 et
812 2035 1052 2122 subsequantur
1072 2035 1179 2102 uitam.
1207 2071 1250 2084 -
1275 2035 1423 2100 155555-

460 2143 527 2206 dit:
563 2139 666 2208 hlolite
698 2141 764 2218 ire,
798 2159 870 2206 cum
901 2139 985 2218 illis;
1008 2139 1164 2206 Glossa³z
1193 2167 1208 2196 «
1225 2139 1263 2206 Ut
1288 2137 1423 2206 credatis

461 2263 543 2332 quae
559 2247 667 2314 dieunt
683 2269 712 2324 »;
731 2245 825 2314 isaiae
839 2247 991 2332 vigesimo
1013 2251 1143 2312 octavo:
1168 2271 1183 2304 a
1198 2245 1257 2328 Qui
1282 2245 1422 2310 credide-

429 2377 431 2380 ·
461 2353 504 2416 rit
525 2371 586 2418 non
611 2353 737 2420 festinet
752 2375 780 2430 a;
806 2371 863 2416 nec
884 2351 1053 2418 sectemini
1062 2375 1073 2428 ,·
1097 2351 1251 2416 Glossa4:
1281 2377 1298 2410 «
1318 2351 1422 2416 Vitam

460 2477 570 2524 eorum
587 2483 620 2538 »3
644 2457 886 2526 Proverhiorum
912 2457 1035 2542 primo:
1067 2485 1083 2516 <t
1100 2455 1153 2524 Fili
1187 2455 1249 2536 mi,
1273 2457 1299 2524 si
1322 2463 1354 2524 te
1377 2457 1422 2522 la-

461 2565 616 2632 ctaverint
638 2571 834 2650 peccatores
861 2581 897 2630 ne
923 2563 1104 2648 acquiescas
1120 2561 1164 2630 eis
1181 2589 1210 2626 s.
1230 2561 1300 2628 ideo
1315 2569 1422 2630 antem

461 2679 524 2738 tam
549 2671 711 2758 diiigenter
734 2677 856 2750 monet,
874 2671 948 2754 quia
962 2671 1089 2736 difficile
1106 2669 1167 2736 erit
1183 2669 1310 2734 illorum
1326 2687 1422 2754 pseu-

459 2778 729 2864 doprophetarum
755 2783 785 2844 et
808 2777 1059 2862 praedicatorum
1083 2775 1185 2842 uitare
1201 2775 1420 2856 seductiones;

461 2885 605 2952 Matthaei
631 2885 780 2972 vigesimo
806 2885 966 2970 quarto⁵:
997 2885 1165 2970 «Surgent
1188 2881 1420 2968 pseudochristi

434 3019 435 3022 ¹
461 2999 493 3058 et
517 2991 810 3076 psendoprophetae
839 2997 871 3058 et
902 2989 1023 3058 dabunt
1048 2991 1135 3076 signa
1159 3007 1270 3076 magna
1295 2996 1325 3056 et
1349 3007 1422 3076 pro-

460 3097 561 3182 digia,
584 3099 629 3164 ita
650 3103 689 3162 ut
708 3097 741 3162 in
765 3113 906 3164 errorem
939 3097 1124 3176 mittantur,
1148 3095 1175 3160 si
1197 3095 1266 3162 heri
1301 3103 1421 3180 potest,

461 3201 553 3270 etiam
578 3203 665 3270 electi
684 3231 713 3268 ».
748 3203 833 3268 Unde
857 3203 1146 3286 Chrysostomus·⁶:
1177 3227 1192 3260 (ε
1208 3203 1307 3268 Homo
1337 3201 1422 3268 circa

461 3317 592 3374 {nortem
618 3307 799 3394 phantasias
822 3307 905 3372 sidet
920 3331 927 3386 ;
944 3307 1035 3374 sicet
1052 3305 1191 3373 mundus
1205 3307 1239 3372 in
1255 3307 1345 3372 exitu
1363 3323 1422 3374 suo

462 3413 736 3498 multospatietur
759 3429 885 3478 errores
900 3439 932 3478 a.

659 3639 694 3694 Da
711 3637 815 3694 ratione
831 3637 910 3694 huius
930 3639 1133 3708 reprehensionis
1151 3637 1215 3694 irie.

417 3899 418 3902 ,
548 3835 600 3898 tl.
628 3831 714 3900 Nam
739 3835 826 3900 sicat
839 3831 960 3920 facium·
977 3841 1034 3902 eta.
1054 3835 1125 3902 Post
1139 3833 1419 3922 reprehensionem

460 3937 599 4006 iudaicae
625 3935 814 4006 curiositatis
836 3941 985 4006 subditur
1009 3939 1172 4008 hieratio
1196 3937 1420 4024 reprehensio-

459 4045 558 4124 atet,
589 4063 671 4130 quae
702 4045 838 4114 sumitur
871 4039 912 4114 en
940 4047 1031 4114 modo
1055 4045 1197 4114 veniendi
1222 4045 1322 4132 ipsius
1352 4047 1418 4114 Filii

459 4153 532 4232 Dei,
558 4153 611 4238 qui
636 4171 699 4218 non
722 4153 836 4238 poterit
866 4155 980 4234 latere,
1005 4171 1076 4222 cum
1102 4153 1241 4234 venerit,
1264 4171 1322 4222 nec
1345 4159 1419 4222 ante

459 4259 644 4344 praevideri.
669 4259 825 4326 Dividitur
839 4267 945 4326 antem
962 4261 1038 4326 haec
1055 4279 1128 4344 pars
1145 4261 1177 4326 in
1193 4267 1275 4328 tres:
1293 4261 1323 4326 in
1340 4279 1420 4346 qua-

460 4383 531 4432 rum
557 4363 657 4450 prima
681 4363 744 4450 egit
759 4365 797 4432 de
815 4365 906 4432 modo
923 4367 1114 4450 apparendi
1121 4389 1132 4444 ,·
1147 4367 1179 4432 in
1200 4367 1356 4444 secunda,
1380 4365 1419 4432 de

458 4471 550 4536 modo
573 4469 742 4548 oeniandi,
766 4469 851 4536 ihi⁸:
881 4471 918 4536 t't
934 4471 1020 4536 sicat
1033 4467 1162 4556 factam
1184 4479 1234 4538 est
1250 4471 1285 4536 in
1302 4471 1417 4538 dicias

459 4577 545 4656 Nom
563 4577 593 4644 in
610 4577 712 4656 tertia,
729 4577 768 4644 de
784 4577 878 4644 modo
892 4577 1064 4656 euadendi,
1079 4577 1140 4644 ihi:
1157 4579 1198 4644 In
1215 4579 1273 4644 itta
1290 4577 1342 4644 die
1359 4583 1417 4646 etc.

547 4683 637 4750 Circa
653 4681 779 4750 modum
797 4683 987 4768 apparendi
1001 4683 1064 4750 dae
1079 4681 1341 4762 introducuntur,
1360 4681 1418 4750 sci-

293 4791 531 4876 cannae-licet
554 4789 669 4856 Christi
701 4789 895 4874 apparentis
927 4787 1152 4876 nranifestatio
1178 4795 1208 4856 et
1232 4789 1418 4876 apparitio-

290 4867 383 4922 parendi
395 4867 446 4908 dno·
458 4897 513 4964 ms
533 4897 626 4962 ordo·

547 5005 599 5070 59.
626 5005 726 5088 (Vens.
746 5001 828 5080 ihi.
853 5001 956 5068 Primo
972 5021 1049 5086 ergo
1070 5007 1224 5086 quantum
1249 5001 1288 5068 55
1313 5021 1417 5088 appa-

336 5143 440 5186 ruimus.
458 5111 591 5178 riticnis
616 5107 917 5194 manifestationem
947 5109 1042 5174 dicit:
1075 5107 1165 5174 Nam
1188 5107 1275 5174 sicat
1298 5107 1419 5194 [uigor

458 5235 641 5284 coruscans
662 5215 702 5282 dc
722 5213 784 5280 soh
810 5215 896 5280 coeio
920 5215 956 5280 in
978 5233 1018 5280 ea
1033 5233 1119 5302 qaae
1133 5213 1195 5278 sah
1211 5211 1301 5278 caelo
1322 5221 1416 5292 sant,

458 5323 580 5410 supet,
612 5323 728 5390 scilicet
754 5319 899 5390 uelociter
923 5329 954 5388 et
977 5329 1093 5408 aperto.
1128 5319 1416 5404 Chrysostomus⁹:

528 5659 537 5692 ¹
558 5661 628 5716 Lihr.
647 5663 678 5714 V.
698 5659 813 5716 Contess.
833 5675 855 5712 c.
875 5661 900 5712 5.
919 5677 944 5714 n.
964 5663 994 5728 83
1013 5661 1058 5712 etr.
1077 5661 1157 5726 Epist.
1178 5661 1237 5714 937.
1259 5659 1416 5728 (5155953.)

458 5767 483 5806 5.
504 5755 532 5818 9;
554 5751 587 5802 55
603 5751 714 5804 Utilitate
734 5749 873 5816 credendi,
885 5763 907 5800 5.
922 5751 948 5802 3.
965 5765 993 5800 n.
1011 5749 1045 5812 7;
1065 5755 1152 5800 contra
1168 5749 1248 5814 Epist.
1261 5749 1416 5812 Manichaei,

457 5857 482 5894 r.
500 5841 525 5892 7.
544 5853 570 5890 n.
588 5841 612 5890 8.
633 5853 705 5906 seq.;
733 5841 795 5892 Xltt.
825 5845 915 5890 contra
941 5839 1080 5902 Faustum,
1101 5851 1125 5890 5.
1145 5837 1189 5890 tr.
1208 5845 1233 5890 et
1252 5839 1268 5890 Ι.
1289 5839 1323 5890 55
1346 5837 1418 5890 Actis

392 5953 394 5958 .
457 5943 519 5980 cum
536 5929 620 5980 Felice
639 5929 801 5990 55555555,
821 5941 842 5980 c.
863 5929 888 5978 9.
1210 5981 1211 5984 ,
1268 5911 1372 5980 'l'ers
1391 5927 1416 5980 5.

528 6015 538 6046 ³
560 6017 660 6070 Scilicet
680 6015 881 6070 interlinearis:
908 6013 997 6070 Nolite
1020 6013 1073 6082 irc,
1100 6029 1161 6068 carm
1190 6015 1252 6080 iltis,
1278 6019 1308 6068 ot
1329 6015 1418 6068 creda·

458 6109 489 6160 tis
509 6113 574 6172 etc.;
593 6107 640 6158 cir.
658 6107 777 6170 Hieron,
797 6107 839 6158 tv.
859 6105 1006 6158 Comment.
1023 6105 1049 6156 in
1069 6105 1154 6156 Matth.
1176 6105 1224 6166 95,
1245 6105 1286 6158 95.
1300 6117 1371 6170 seq:
1389 6103 1417 6156 si

458 6197 519 6262 (pois
535 6195 586 6248 suh
610 6197 715 6248 nomine
734 6193 829 6248 Christi
847 6209 876 6246 se
894 6193 992 6248 iactare
1011 6193 1136 6256 voluerit,
1149 6209 1201 6246 non
1215 6193 1302 6246 statim
1316 6205 1417 6244 accom-

459 6271 571 6340 modetis
590 6285 677 6338 5555.
698 6311 732 6324 --
752 6283 875 6348 Sequitur
893 6283 949 6336 lsai.
967 6285 1016 6350 98,
1037 6285 1079 6336 id.

527 6373 538 6400 ‘¹
558 6375 658 6436 Nempe
677 6369 876 6436 interlinearis,
894 6373 939 6424 cui
956 6371 1125 6436 subiungitur
1143 6373 1218 6424 Pron.
1241 6373 1264 6434 t,
1285 6373 1328 6424 ro.

528 6455 539 6484 ⁵
560 6459 635 6510 Vers.
648 6457 696 6520 95,
716 6457 762 6508 rrhi
774 6471 824 6522 pro
836 6457 981 6512 mittuntur
1003 6461 1022 6510 il
1041 6471 1101 6510 curn
1119 6459 1227 6520 Vulgata
1242 6457 1416 6512 insternuntur.
1453 6463 1455 6466 '

528 6543 651 6598 ὃ55551.
671 6547 712 6598 ts.
734 6547 759 6598 in
778 6547 864 6598 Matth.
885 6547 933 6610 95,
952 6547 975 6598 5.
997 6547 1056 6614 (Op.
1078 6545 1243 6614 imperfect).

527 6631 537 6664 i
558 6633 609 6688 Ch.
629 6649 708 6698 supra
725 6649 755 6688 n.
773 6637 816 6688 35.
1165 6621 1167 6624 ¹

528 6721 538 6750 ⁸
562 6723 636 6774 t'ers.
653 6711 705 6790 ‘263
732 6723 806 6776 tertia
835 6723 925 6796 incipit
952 6739 978 6774 v.
1005 6727 1046 6786 31,
1072 6721 1117 6774 uhi
1136 6733 1186 6784 pro
1205 6719 1312 6784 dictita
1336 6721 1413 6772 etiam

457 6811 534 6866 Cerci.
555 6813 646 6876 Ilugo,
664 6813 693 6866 Β.
712 6811 822 6876 albert,
845 6817 976 6866 Gerranus
997 6817 1020 6862 et
1037 6809 1166 6878 Lyranus)
1188 6811 1299 6876 Vulgata
1319 6807 1395 6862 hora.

527 6899 650 6954 ⁹Ilor'nii.
668 6903 713 6956 75.
733 6901 806 6972 (alies
824 6903 879 6970 77.)
899 6903 925 6954 in
945 6903 1029 6954 Matth.
1050 6917 1076 6952 n.
1094 6901 1122 6954 3.

2379 599 2445 664 539

1494 791 1509 824 «
1526 763 1793 832 5555555555
1820 767 1936 854 indiget
1961 785 2131 854 praecone,
2157 769 2267 838 sedin
2288 779 2446 838 momento

1489 871 1519 938 in
1544 871 1689 938 thalamis
1713 879 1743 940 et
1766 873 1798 940 in
1820 875 1968 942 domihus
1990 881 2022 940 et
2045 891 2103 958 per
2123 877 2308 944 universum
2334 877 2442 944 orbem

1488 973 1706 1042 manifestatur
1722 1003 1752 1042 a.
1778 1015 1821 1026 --
1846 981 1899 1048 ita
1922 979 1985 1046 erit
2007 977 2117 1046 Filius
2150 979 2293 1046 hominis
2327 981 2361 1046 in
2393 979 2444 1048 die

1487 1101 1576 1158 saa;
1601 1081 1707 1148 Glossa
1721 1085 1768 1150 ¹⁰:
1799 1087 1960 1152 «Suhitus
1984 1091 2014 1152 et
2039 1101 2207 1164 coruscus,
2231 1092 2268 1152 ut
2290 1086 2398 1154 nullus
2412 1087 2444 1152 in

1487 1207 1546 1256 sua
1566 1193 1671 1256 mente
1694 1189 1793 1258 latere
1819 1193 2040 1276 permittatur,
2071 1191 2148 1276 quin
2179 1191 2292 1258 iudicis
2321 1193 2445 1278 fulgore

1487 1299 1718 1378 penetretur».
1742 1297 1778 1362 Et
1801 1305 1891 1378 nom,
1916 1297 1998 1384 quod
2024 1297 2178 1384 apparitio
2194 1295 2313 1362 Donnini
2341 1297 2371 1362 in
2397 1297 2445 1364 iu-

1487 1399 1566 1466 dicio
1598 1407 1800 1486 eomparatur
1829 1403 2057 1470 coronationi
2082 1401 2250 1492 sulpuris,
2278 1401 2351 1486 quia
2372 1421 2445 1468 ma·
2465 1421 2566 1468 narrans

1486 1503 1631 1590 nifasto;
1656 1507 1858 1576 Psalmusss:
1886 1509 2001 1576 «Deus
2030 1509 2190 1576 manifeste
2216 1507 2337 1588 reniet,
2360 1507 2445 1574 Dens
2490 1479 2543 1520 Μ

1487 1615 1611 1692 noster,
1642 1619 1675 1678 et
1703 1631 1764 1680 non
1795 1615 1897 1682 silehit
1914 1639 1943 1692 »;
1970 1615 2044 1702 qaia
2067 1615 2250 1694 terrionem
2277 1613 2444 1682 Ezechielis

1487 1717 1612 1800 primo:
1641 1745 1659 1778 «
1674 1721 1751 1786 Haec
1777 1727 1846 1786 erat
1868 1721 1944 1786 visio
1970 1721 2169 1802 discurrens,
2185 1721 2334 1806 splendor
2351 1719 2443 1804 ignis

1486 1829 1515 1888 et
1540 1823 1577 1888 de
1601 1825 1673 1910 igne
1693 1823 1803 1908 fulgur
1817 1825 1982 1910 egrediens
1997 1851 2029 1906 »3
2053 1827 2127 1912 quia
2144 1827 2313 1912 repentino
2323 1849 2336 1904 ,·
2352 1825 2445 1892 isaiae

1486 1925 1635 2012 vigesimo
1660 1947 1761 1994 nono:
1793 1957 1808 1988 a
1823 1927 1953 2016 Eritque
1978 1939 2126 2014 repente;
2152 1951 2170 1996 a
2192 1931 2323 1998 Domino
2352 1947 2445 1998 exer-

1487 2031 1608 2100 cituum
1630 2035 1811 2102 visitabitur
1835 2035 1867 2102 in
1890 2035 2031 2102 tonitruo
2054 2043 2085 2104 et
2108 2037 2315 2104 commotione
2340 2045 2443 2104 terrae

1486 2147 1515 2206 et
1547 2159 1623 2206 roco
1655 2159 1766 2226 magna
1797 2141 1934 2208 turhinis
1965 2149 1995 2208 et
2028 2143 2221 2228 tempestatis
2243 2151 2276 2210 et
2299 2145 2444 2210 flammae

1485 2245 1565 2332 ignis
1588 2245 1767 2314 devorantis
1786 2275 1814 2312 a.
1840 2281 1883 2294 —-
1907 2245 1992 2314 Sicut
2007 2245 2106 2332 igitur
2120 2249 2252 2316 stultum
2272 2257 2317 2314 est
2335 2249 2371 2314 de
2389 2267 2444 2314 no
2464 2265 2595 2314 nostrum.

1486 2357 1535 2416 cte
1557 2351 1717 2416 sollicitari
1734 2351 1771 2418 de
1788 2351 1983 2436 apparitione
2005 2353 2097 2432 solie,
2120 2351 2245 2438 quando
2269 2353 2441 2436 apparehit,

1486 2475 1558 2524 cum
1583 2457 1652 2525 eius
1682 2463 1773 2524 ortus
1796 2457 1882 2524 nullo
1907 2457 1999 2524 niodo
2024 2459 2121 2542 possit
2145 2457 2258 2536 latere,
2283 2463 2312 2524 et
2344 2457 2442 2544 magis

1486 2565 1618 2632 stultum
1642 2573 1689 2632 est
1713 2565 1751 2632 de
1775 2563 1970 2650 apparitione
1998 2563 2158 2652 fulguris;
2189 2565 2235 2632 sic
2265 2565 2358 2632 etde
2387 2563 2442 2632 ad-

1484 2676 1581 2738 rentu
1598 2671 1657 2736 diei
1675 2671 1774 2750 iliius,
1799 2669 1986 2756 inquirendo
2009 2681 2130 2740 certum
2157 2679 2349 2738 momentum
2365 2677 2443 2738 tem-

1484 2775 1587 2862 poris,
1613 2793 1686 2842 cum
1709 2775 1788 2842 iilud
1814 2777 1963 2842 omnihus
1987 2779 2149 2844 manifeste
2172 2775 2362 2856 innotescat,
2395 2793 2442 2844 se-

1485 2881 1623 2950 cundum
1636 2881 1715 2948 illud
1728 2881 1925 2968 apocalypsis
1939 2881 2105 2966 primast:
2125 2907 2141 2940 a
2161 2881 2251 2960 Ecce,
2270 2883 2356 2950 venit
2369 2899 2442 2948 cum

1485 2989 1640 3070 nahihuS,
1671 2995 1700 3056 et
1725 2987 1842 3056 ridehit
1866 3005 1937 3054 eum
1962 2989 2063 3056 omnis
2086 2989 2197 3056 oculus
2215 3015 2229 3046 a
2258 2995 2315 3054 etc.
2343 2989 2377 3054 ta
2402 3007 2442 3056 ex

1487 3095 1545 3164 hoc
1566 3097 1731 3164 manifeste
1753 3113 1922 3180 possumus
1943 3095 2121 3162 discernere
2141 3093 2301 3162 Christum
2325 3097 2374 3162 ah
2388 3113 2444 3160 an-

1484 3203 1644 3282 tichristo,
1671 3203 1745 3288 quia
1767 3201 1976 3268 antichristus
1991 3201 2021 3268 in
2041 3207 2197 3270 momento
2215 3201 2364 3286 temporis
2379 3217 2442 3268 non

1487 3309 1602 3394 poterit
1624 3327 1657 3376 se
1681 3309 1803 3376 carnotis
1826 3309 1957 3376 reddere
1982 3309 2191 3376 manifestum.

1571 3415 1626 3482 ts.
1652 3415 1752 3498 (Mers.
1778 3415 1856 3498 95).
1887 3415 2030 3482 Secundo
2060 3419 2214 3501 quantum
2241 3413 2281 3480 ad
2303 3411 2442 3502 appari·
2462 3431 2593 3478 secunaum.

1484 3521 1582 3586 tionis
1607 3521 1754 3588 ordinem
1778 3521 1905 3588 suhdit:
1932 3519 2093 3586 Primam·
2112 3529 2222 3586 antem
2243 3529 2385 3604 oportet,
2405 3517 2441 3586 5-
2677 3517 2679 3522 ’

1485 3625 1555 3692 lana
1585 3625 1692 3692 rraalta
1720 3627 1854 3712 poliat
1875 3625 2055 3712 reprobari
2084 3647 2107 3694 a
2135 3627 2346 3712 generatione
2367 3623 2439 3692 hac.

1484 3733 1545 3798 Hoc
1568 3739 1674 3798 autem
1697 3731 1882 3818 intelligitur
1907 3733 1944 3798 de
1969 3731 2093 3798 Christo
2120 3731 2222 3816 capite
2253 3737 2286 3796 et
2316 3731 2442 3796 lisciaco·

1484 3855 1555 3904 rum
1578 3837 1699 3922 perlida
1723 3839 2048 3922 generationemque
2068 3837 2170 3904 multa
2192 3853 2361 3922 perpessus
2375 3843 2441 3914 est,

1483 3943 1520 4010 de
1537 3961 1600 4030 qna
1616 3943 1847 4010 deuteronomii
1873 3943 2033 4028 trigesimo
2056 3943 2192 4010 secundo
2206 3943 2248 4008 ²³:
2278 3943 2442 4010 «Genera-

1483 4051 1524 4116 tio
1550 4067 1698 4136 peruersa
1721 4057 1786 4130 est,
1810 4055 1842 4116 et
1865 4051 2004 4118 inhdeles
2027 4051 2083 4116 filii
2102 4073 2129 4128 ιη
2153 4057 2183 4116 et
2198 4051 2440 4116 Proverhiorum

1484 4155 1665 4242 trigesimo:
1694 4183 1710 4216 «
1727 4157 1908 4236 Generatim
1933 4173 2014 4244 quae
2042 4157 2120 4240 patri
2145 4173 2203 4222 suo
2222 4155 2394 4234 maledicit,
2413 4159 2442 4222 et

1483 4279 1564 4348 quae
1586 4261 1681 4328 matri
1704 4279 1780 4330 suae
1805 4279 1865 4328 non
1889 4261 2046 4330 henedicit
2061 4289 2091 4326 r.
2110 4261 2153 4328 hh
2170 4261 2229 4326 hac
2243 4261 2442 4344 generatione

1483 4363 1627 4432 Christus
1650 4367 1751 4432 multa
1773 4383 1885 4450 passus
1910 4373 1955 4432 est
1980 4365 2167 4450 opprobria,
2194 4363 2348 4444 convitia,
2370 4383 2440 4432 rer,-

1484 4471 1561 4536 hera
1583 4477 1616 4536 et
1637 4461 1812 4550 tormenta,
1836 4471 2010 4550 secundum
2027 4471 2106 4538 illud
2127 4471 2224 4538 Isaiae
2247 4471 2443 4556 quinquage-

1483 4575 1562 4642 simo
1585 4575 1740 4642 tertio14:
1769 4603 1786 4636 «
1802 4575 1863 4642 Nos
1884 4575 2103 4660 reputavimus
2125 4591 2196 4642 eum
2228 4575 2315 4660 quasi
2342 4577 2442 4660 lepre

1483 4699 1554 4750 sum
1577 4689 1610 4748 et
1632 4699 1818 4766 percussum
1842 4701 1862 4754 a
1883 4681 1948 4750 Dec
1972 4681 2237 4750 ethumiliatum.
2253 4683 2320 4766 lpse
2337 4689 2442 4750 autem

1483 4787 1670 4854 vulneratus
1685 4795 1732 4854 est
1749 4793 1877 4872 propter
1899 4787 2079 4872 iniquitates
2097 4795 2236 4866 nostras,
2251 4787 2379 4853 attritus
2396 4791 2442 4852 est

1482 4901 1613 4980 propter
1635 4893 1755 4960 scelera
1775 4899 1883 4962 nostra
1899 4921 1931 4958 s.

1571 4999 1625 5066 aa.
1642 4999 1722 5066 ilaec
1738 5005 1843 5068 autem
1860 4999 1962 5086 passio
1979 4999 2093 5084 incepit
2115 5017 2132 5066 5
2153 4999 2253 5086 capite
2268 5005 2300 5068 et
2314 4999 2442 5068 descen·
2457 5021 2555 5086 utraqu
2568 5023 2610 5066 aa·

1481 5107 1528 5174 dit·
1551 5107 1580 5172 in
1606 5105 1709 5172 omnia
1726 5105 1839 5172 Christi
1863 5105 2020 5184 memhra;
2039 5125 2102 5192 qua
2117 5113 2351 5186 consummata,
2367 5113 2441 5170 tunc
2487 5081 2562 5122 Μ·

1481 5211 1554 5280 linis
1576 5213 1638 5280 erit
1660 5219 1691 5280 et
1713 5211 2004 5296 tempusadventus
2020 5211 2159 5278 secundi.
2176 5211 2261 5280 Unde
2277 5211 2439 5280 otossa1⁵:
2462 5285 2463 5288 Ἴ

1487 5347 1503 5380 «
1521 5319 1668 5406 Oportet,
1692 5317 1906 5404 reproharia
1921 5319 2129 5406 generatione
2142 5317 2225 5398 visac,
2241 5339 2304 5408 non
2318 5323 2441 5386 tantum

1553 5657 1575 5688 ¹⁰
1595 5659 1698 5712 Scilicet
1715 5657 1913 5722 interlinearis,
1933 5673 2001 5724 quae
2013 5665 2073 5722 post
2084 5655 2195 5712 thitus
2215 5659 2310 5712 omittit
2327 5663 2354 5712 et
2363 5677 2373 5724 ,·
2391 5661 2439 5710 cir.

1481 5749 1520 5800 Du
1541 5749 1643 5814 Conge,
1673 5749 1830 5800 Glossarium
1852 5753 1919 5800 eta:
1946 5745 2096 5812 Corascns,
2123 5749 2304 5812 Fulgetrum...
2325 5747 2439 5800 Plinius:

1479 5839 1630 5902 Fuigetrum
1649 5839 1723 5902 prins
1742 5837 1869 5900 cernitur,
1888 5851 1968 5902 quem
1993 5837 2115 5888 tonitrum
2134 5837 2266 5890 auditur...
2294 5835 2440 5890 Cardacas.
2508 5897 2510 5902 ,

1479 5929 1593 5992 Ugutios
1614 5927 1761 5990 Carcasone,
1781 5925 1950 5992 splendidus,
1970 5925 2088 5990 crispus,
2109 5927 2243 5978 trcnmius

1553 6013 1573 6046 ¹1
1594 6017 1689 6068 Psalm.
1711 6015 1757 6082 te,
1778 6017 1803 6068 3.
1821 6041 1858 6052 --
1877 6015 1933 6066 [ltro
1952 6027 2028 6082 seqq.
2048 6013 2094 6066 ioci
2114 6019 2175 6066 sunt
2192 6015 2284 6066 Ez'ech.
2304 6015 2328 6076 i,
2350 6015 2389 6066 l3.
2417 6017 2440 6066 et

1481 6105 1538 6160 isar.
1559 6107 1607 6168 ee,
1627 6105 1650 6156 e.
2120 6111 2121 6114 ¹
2314 6095 2315 6098 ’

1553 6193 1574 6224 n
1595 6195 1668 6246 vers.
1688 6193 1711 6244 i.
1725 6221 1761 6232 -
1773 6193 1899 6256 Sirpertns
1913 6203 1960 6256 pro
1974 6193 2139 6244 momentum
2154 6187 2283 6256 temporis
2302 6191 2322 6242 D
2340 6203 2439 6244 laomen

1481 6283 1534 6338 loci
1551 6283 1593 6336 oct
1612 6279 1754 6350 temporis,
1775 6281 1798 6332 H
1817 6281 1982 6334 atramentum
2000 6277 2127 6346 temporis
2145 6277 2189 6332 cal
2207 6277 2298 6332 locum
2314 6277 2439 6332 acidiam

1480 6369 1522 6424 ccl
1541 6369 1622 6424 etiam
1636 6381 1794 6436 personam.
1814 6365 1923 6418 interius
1941 6379 1990 6430 nro
2007 6365 2112 6418 attactis
2129 6365 2274 6418 ACDGH
2295 6363 2396 6420 ceteris.

1553 6453 1575 6486 ¹³
1593 6457 1667 6508 Vers.
1689 6457 1739 6518 99,
1757 6461 1817 6520 post
1833 6467 1914 6520 quem
1936 6455 2010 6506 t‘rov.
2030 6455 2078 6514 30,
2103 6455 2141 6506 tt.

1553 6543 1574 6574 ¹⁴
1594 6547 1669 6598 vers.
1681 6545 1703 6596 5.
1715 6551 1741 6598 et
1754 6543 1778 6596 5.
1790 6571 1826 6584 -
1838 6543 1930 6596 Giossa
1942 6539 2124 6598 interlinearis
2138 6543 2296 6606 (secandam
2309 6545 2437 6612 Bedam):

1480 6631 1606 6688 Primam
1625 6637 1715 6686 antem
1735 6639 1799 6696 eta,
1817 6631 1850 6684 ita
1871 6633 1954 6684 clarus
1973 6633 2074 6698 veniet,
2088 6633 2135 6688 sed
2154 6635 2275 6688 adhunc
2295 6635 2436 6686 claritatem

1480 6728 1583 6788 oportet
1601 6721 1694 6776 venire
1711 6735 1759 6786 per
1776 6721 1944 6790 passionem3
1962 6721 2028 6774 etsi
2049 6721 2155 6788 diligitis
2176 6725 2242 6774 harro
2260 6721 2384 6786 gloriam,
2404 6735 2437 6772 ne

1479 6823 1528 6876 pro
1548 6813 1597 6862 hec
1618 6811 1728 6864 timeatis
1748 6811 1800 6878 pati
1819 6817 1941 6864 mortem.
2453 6815 2455 6820 ’

1552 6897 1574 6930 ¹⁵
1594 6901 1695 6956 Scilicet
1712 6899 1910 6968 interlinearis,
1930 6901 1971 6954 eui
1991 6897 2151 6954 subnectitur
2171 6899 2225 6952 Col.
2245 6901 2268 6962 t,
2290 6897 2331 6950 95.
