5900 8266
1010 523 1206 592 cantilena.
1230 527 1269 612 ΙΝ
1291 525 1532 594 arthemium
1553 523 1671 592 nuelli
1697 523 1727 592 C.
1754 527 1830 594 XXI.

432 701 577 786 prim01:
615 699 694 768 «Οο
731 701 810 768 0000
842 719 969 768 causam
1002 701 1166 768 olierimus
1199 703 1231 768 in
1254 703 1394 770 donariis

431 807 546 874 domus
569 805 712 888 Domini,
742 815 781 874 ut
806 805 985 892 depreceris
1016 825 1074 894 pro
1105 805 1195 874 00οἰ0
1226 809 1265 874 00
1288 809 1394 874 Domi-

432 931 510 982 num
525 941 554 978 n.
569 913 706 982 -item
723 931 782 1000 pro
803 915 998 1000 pretiorum
1024 915 1168 994 celicum
1191 915 1278 982 0000
1298 915 1395 1000 primi

432 1021 688 1106 Paralipomenon
714 1021 843 1088 altimo:
871 1045 888 1080 «
905 1021 1049 1090 laetatus
1073 1027 1119 1090 est
1136 1021 1274 1108 populas
1289 1021 1395 1102 lsrael,

434 1145 506 1196 cum
533 1135 605 1194 rota
626 1133 737 1212 sponte
759 1125 989 1210 promitteret»
1019 1133 1077 1194 etc.

526 1235 555 1300 3.
580 1233 681 1326 (Vens.
707 1233 762 1314 2.).
788 1233 928 1300 Secundo
959 1237 1113 1318 quantam
1137 1233 1176 1300 ad
1200 1231 1396 1300 allationem

285 1355 369 1402 onnam
386 1357 417 1398 vi·
433 1339 555 1408 uiduae
577 1337 804 1426 pauperculae
827 1339 951 1406 subdit:
981 1339 1068 1404 Vidit
1099 1345 1211 1404 000000
1232 1345 1263 1402 00
1288 1357 1396 1426 quau-

271 1413 516 1512 ⁶⁰²iui¹ii¹ff³⁰‘'riam
545 1443 685 1510 uiduam
719 1443 966 1528 pauperculam
998 1443 1176 1512 mittentem
1211 1443 1277 1510 000
1310 1463 1395 1510 0000

434 1551 577 1616 minuto.
609 1547 711 1626 Vidit,
735 1547 880 1634 inquam,
905 1549 995 1614 oculo
1024 1549 1239 1634 benignitatis,
1264 1565 1329 1632 quo
1355 1547 1395 1614 00
1419 1597 1420 1600 ,

434 1669 592 1740 pauperes
613 1653 754 1738 respicit,
780 1653 953 1722 secundum
977 1653 1055 1721 illud
1079 1655 1173 1722 isaiae
1198 1653 1395 1738 sexagesimo

435 1759 566 1828 sextoiz
598 1759 672 1826 «00
695 1775 790 1844 quem
813 1759 979 1844 respiciam
1003 1759 1062 1826 nisi
1095 1759 1134 1826 ad
1163 1759 1395 1846 pauperculum

434 1873 468 1932 et
489 1865 660 1936 contritum
683 1863 797 1958 spiritu
819 1873 851 1932 et
874 1871 1060 1932 trementem
1079 1881 1238 1932 sermones
1262 1881 1347 1932 meos
1358 1871 1395 1930 »0

435 1971 558 2040 Talium
583 1971 671 2038 audit
692 1969 846 2038 Dominus
872 1987 1000 2056 precem
1028 1971 1183 2038 Psalmus:
1214 1995 1228 2028 c
1245 1969 1395 2056 Respexit

435 2077 469 2144 in
498 2077 672 2144 orationem
702 2077 870 2142 humilium
904 2083 933 2144 et
965 2095 1029 2144 non
1059 2077 1178 2162 sprevit
1208 2095 1320 2162 preces
1343 2095 1395 2144 eo-

435 2201 508 2250 rum
527 2209 556 2264 »3
581 2189 612 2250 et
636 2181 841 2264 Ecclesiastici
863 2183 1026 2268 trigesimo
1048 2183 1176 2268 quinto:
1200 2182 1395 2250 «0000010-

435 2307 561 2374 crymae
587 2289 699 2356 viduae
732 2289 773 2356 ad
801 2289 966 2355 maxillam
995 2287 1190 2356 descendunt
1221 2293 1251 2354 et
1279 2305 1296 2354 a
1328 2307 1395 2356 ma-

436 2397 514 2464 xilla
536 2397 835 2482 ascendentesque
857 2395 897 2460 00
920 2395 1041 2462 caelum
1056 2401 1096 2462 »t
1118 2393 1239 2460 Talium
1265 2395 1396 2480 suscipit

435 2509 732 2590 quantumcumque
755 2519 869 2588 parvas
893 2499 1083 2582 0010010000,
1106 2501 1200 2586 quia,
1223 2501 1305 2568 sient
1321 2503 1396 2568 dicit

435 2609 579 2692 0100001,
601 2629 691 2678 «non
717 2607 882 2696 perpendit
898 2609 996 2686 0000,
1022 2617 1174 2692 quantum
1193 2607 1224 2672 in
1240 2607 1395 2674 sacrificio

344 2737 359 2804 '.
436 2717 588 2796 effertur,
611 2715 665 2784 sed
688 2733 730 2782 ex
758 2719 876 2800 quanto
907 2713 999 2782 detur
1014 2741 1043 2778 a.
1068 2713 1155 2782 Unde
1185 2719 1218 2782 et
1247 2713 1395 2780 Matthaei

435 2821 573 2890 decimo:
604 2821 695 2908 «Qui
719 2821 840 2890 dederit
862 2821 918 2888 uni
950 2839 990 2888 ex
1026 2821 1164 2888 minimis
1194 2819 1243 2886 his
1268 2819 1394 2894 calicem

436 2947 538 3014 aquae
559 2929 709 3014 frigidae,
732 2947 795 2996 non
827 2929 937 3014 perdet
963 2929 1140 2996 mercedem
1163 2945 1253 2994 suam
1270 2953 1299 3010 a..
1326 2927 1395 2994 ldeo

436 3033 512 3100 dicit
535 3033 705 3118 Gregorius
716 3035 742 3098 4:
775 3059 790 3094 c
805 3033 971 3100 Exteriore
986 3039 1095 3100 nostra
1109 3031 1283 3120 quamlibet
1297 3051 1397 3118 parva

436 3139 501 3204 Deo
527 3139 705 3220 sufficiunt;
728 3157 783 3206 cor
798 3157 935 3224 namque
953 3145 982 3206 et
998 3159 1060 3208 non
1090 3139 1295 3208 substantiam
1320 3157 1396 3226 pen-

437 3249 526 3324 sat»;
543 3249 574 3310 et
590 3253 676 3330 post:
701 3247 865 3332 «Regnum
880 3247 1038 3312 caelorum
1052 3253 1175 3314 tantum
1188 3247 1280 3326 valet,
1295 3265 1397 3332 qaan-

437 3359 506 3418 tum
531 3349 637 3418 habes.
662 3351 767 3418 Valuit
788 3367 925 3436 namque
951 3353 1090 3420 Zachaeo
1111 3351 1275 3420 dimidium
1298 3353 1397 3418 bono-

437 3475 531 3538 rum,
564 3457 665 3522 valuit
699 3457 840 3522 0000000
866 3461 900 3522 00
928 3457 1020 3522 Petro
1049 3455 1185 3524 dimissis
1217 3457 1398 3524 00000000

438 3563 528 3642 nati,
552 3561 653 3628 valuit
674 3561 788 3628 viduae
810 3561 936 3628 duobus
959 3561 1105 3640 minutis,
1130 3561 1229 3628 001010
1253 3567 1284 3628 00
1306 3565 1396 3630 010001
1422 3645 1424 3650 Ι

438 3667 567 3736 calicem
584 3685 683 3754 aquae
707 3667 846 3754 frigidae.
863 3667 1005 3752 Regnum
1030 3667 1137 3752 itaque
1154 3669 1313 3734 caelorum
1330 3675 1397 3734 tan-

290 3787 419 3834 0000000.
434 3781 508 3840 tum
523 3775 630 3852 ualet,
656 3779 809 3858 quantum
845 3773 942 3840 habes
959 3801 987 3838 a.
1013 3811 1057 3820 -
1083 3773 1231 3852 litania,
1257 3773 1341 3858 quod
1363 3773 1397 3840 in

301 3909 303 3916 v
399 3871 401 3874 ’
438 3881 498 3948 000
523 3877 606 3964 quod
629 3879 720 3960 dicit,
743 3879 828 3964 quod
851 3877 935 3946 misit
959 3877 1116 3946 0000000
1141 3877 1278 3958 minata,
1302 3879 1398 3972 simul

434 3991 668 4072 paupertatem
684 3985 824 4054 insinuat
839 3991 869 4054 et
886 3985 1112 4052 liberalitatem
1124 4007 1134 4050 .·
1148 3991 1396 4072 paupertatem,

438 4091 514 4178 quia
537 4109 599 4158 non
622 4091 759 4158 habebat
788 4091 849 4158 nisi
880 4091 961 4158 duos
989 4090 1115 4170 obolos;
1147 4089 1395 4172 liberalitatem,

437 4197 531 4284 quia,
554 4213 627 4264 cum
644 4203 748 4282 posset
772 4197 911 4264 alterum
931 4195 1063 4276 offerre,
1082 4195 1195 4264 obtulit
1211 4201 1396 4282 utramque,

437 4309 475 4372 ut
498 4303 645 4390 impleret
666 4303 744 4370 illud
770 4303 884 4372 Tobiae
907 4303 1065 4390 quarto⁵:
1094 4303 1153 4370 «Si
1168 4303 1323 4388 exiguum
1340 4303 1396 4370 tibi

437 4409 551 4486 fuerit,
576 4405 669 4474 etiam
695 4405 774 4474 illud
795 4407 930 4476 libenter
955 4407 1109 4504 impartiri
1135 4407 1269 4490 stude».

528 4513 557 4578 0.
584 4511 684 4596 (Vens.
711 4511 767 4594 3.).
791 4511 1074 4598 Tertioquantum
1097 4513 1136 4578 ad
1153 4511 1285 4578 laudem
1308 4509 1359 4578 001
1382 4549 1396 4558 -

275 4637 426 4738 010000ον0ὲῖοᾱ
439 4619 539 4686 tionis
562 4637 585 4686 a
607 4619 714 4686 uiclua
735 4615 847 4704 factae
869 4617 1073 4704 adiungitur:
1096 4621 1137 4684 Et
1158 4617 1287 4684 diuiti:
1322 4619 1398 4686 Vere

287 4747 363 4792 000.
437 4727 511 4792 000
545 4723 656 4804 uadis,
692 4725 774 4814 quia
802 4725 909 4792 uidem
932 4723 1013 4792 0000
1037 4743 1171 4810 pauper
1192 4723 1271 4812 plus
1292 4743 1397 4814 quum

437 4851 548 4900 omues
572 4831 677 4912 misit,
702 4831 808 4912 idest,
827 4831 981 4918 copiosius
1005 4831 1098 4900 dedit.
1123 4831 1284 4918 Copiosius
1308 4851 1396 4900 nam-

437 4957 500 5026 que
524 4939 617 5006 donat
642 4939 696 5026 qui
720 4939 896 5006 ex'maiori
919 4939 1015 5008 eorde
1041 4939 1146 5006 donat.
1170 4935 1397 5024 1100000000-

438 5047 507 5112 rius
521 5047 549 5112 ⁷:
581 5071 596 5106 ‹<
611 5045 676 5114 Non
701 5053 748 5114 est
772 5065 870 5114 vacua
895 5065 1007 5114 manus
1022 5065 1040 5112 a
1055 5063 1206 5126 munere,
1229 5061 1303 5112 cam
1325 5063 1397 5114 arca

437 5149 540 5218 cordis
564 5151 682 5236 repleta
706 5149 801 5218 inerit
836 5151 917 5218 bona
953 5151 1112 5218 voluntate
1130 5177 1158 5216 a.
1184 5149 1228 5216 De
1264 5167 1397 5248 numero

509 5589 728 5646 11100060-
749 5593 867 5646 Subinde
888 5593 1020 5660 allegatur
1046 5595 1066 5646 1.
1090 5593 1201 5658 Paralip.
1224 5593 1272 5656 20,
1296 5595 1328 5658 9,
1346 5593 1395 5646 nbi

437 5693 486 5746 pro
501 5679 672 5748 promitteret
689 5683 748 5734 Vnt.
768 5695 830 5736 cnm
848 5683 962 5746 Vulgata
976 5683 1173 5750 0000000000.

509 5767 615 5822 101000.
635 5773 788 5824 2.·-1)00
807 5785 884 5838 seqq.
904 5773 956 5824 loci
981 5777 1042 5824 snm
1067 5773 1107 5824 Ps.
1129 5773 1194 5838 101,
1214 5773 1257 5824 18.
1274 5775 1299 5824 00
1319 5773 1394 5824 Eccli.

398 5867 400 5870 ·
438 5859 623 5926 3010000.
1359 5873 1363 5878 ·

510 5947 521 5978 ³
539 5947 642 6002 Scilicet
659 5947 841 6004 interlinearis
871 5949 910 6010 lex
935 5949 1020 6014 0000,
1037 5949 1084 6016 qui
1102 5947 1221 6016 sequitur
1239 5949 1356 6012 Gregor,
1378 5949 1395 6000 l.

437 6037 533 6090 Hamil.
551 6037 580 6090 iu
606 6039 708 6102 Erang.
734 6037 827 6092 homil.
856 6039 881 6090 5.
902 6051 926 6088 0.
946 6039 997 6104 2.);
1018 6037 1074 6096 cir„
1091 6041 1155 6088 tom.
1180 6037 1209 6088 ll.
1237 6049 1299 6100 pag.
1328 6037 1395 6100 006,

437 6131 498 6178 noto
520 6127 543 6186 0.
563 6133 589 6182 00
605 6141 667 6192 pag.
688 6111 755 6194 020,
774 6133 836 6180 0000
854 6127 882 6180 3.
899 6127 925 6178 10
946 6127 1002 6192 ipsa
1022 6129 1082 6190 post
1098 6137 1135 6178 em
1152 6127 1255 6190 000000
1274 6123 1334 6176 Vat.
1352 6123 1395 6176 ad·

438 6215 654 6286 0100010000.-
673 6217 797 6284 Sequitur
818 6217 904 6270 ltatth.
923 6217 972 6276 10,
992 6215 1034 6266 02.

397 6301 399 6306 ’
509 6301 607 6356 iLibr.
627 6307 646 6358 l.
663 6303 761 6356 Homil.
779 6303 804 6354 in
824 6307 921 6366 Evaag.
943 6301 1032 6352 homil.
1051 6301 1076 6352 5.
1101 6313 1129 6352 a.
1148 6301 1172 6352 2.
1194 6301 1243 6352 Pro
1262 6313 1318 6352 000
1335 6297 1395 6352 000-

435 6389 565 6444 emnium
584 6391 605 6442 0
623 6403 678 6444 000
698 6389 804 6442 libram.
824 6389 888 6458 1010.
908 6387 1019 6440 habetur
1036 6387 1115 6440 etiam
1135 6399 1190 6454 seq.
1208 6385 1348 6450 sententia,
1368 6385 1395 6436 in

437 6489 489 6542 qua
509 6475 684 6538 respiciantur
703 6477 765 6528 Lae.
785 6477 833 6542 10,
852 6475 879 6526 8.
898 6473 944 6540 (de
961 6473 1099 6540 Zachaeo),
1120 6475 1208 6524 llatth.
1226 6471 1257 6536 0,
1281 6475 1326 6524 20.
1350 6469 1395 6534 (00

436 6565 513 6616 Petro
531 6565 557 6612 et
575 6559 700 6628 Andrea),
719 6565 781 6616 Luc.
800 6563 846 6628 20,
860 6563 886 6612 2.
901 6561 945 6628 (de
963 6559 1054 6626 viduo)
1076 6565 1100 6610 et
1118 6561 1206 6612 llatth.
1227 6559 1275 6622 00,
1295 6559 1335 6610 02.
1350 6557 1395 6626 (00

437 6651 519 6706 calice
535 6663 620 6718 aquae
639 6649 1020 6718 01010000000000000.
1039 6647 1105 6712 063,
1125 6653 1188 6700 nota
1208 6647 1232 6700 0.

509 6737 520 6768 ⁵
538 6739 612 6792 Vens.
634 6739 663 6802 0;
675 6739 722 6790 cir.
741 6751 822 6804 snpra
839 6751 902 6802 pag.
920 6735 986 6802 300,
1007 6739 1071 6788 nota
1088 6737 1134 6794 12.

509 6823 521 6856 1
538 6823 623 6880 Codd.
642 6823 691 6880 AC
702 6827 754 6878 llG
773 6825 895 6880 omittunt
911 6823 947 6880 El
964 6823 1041 6880 aicit.

544 6931 576 6986 S.
594 6933 745 6988 110000.-
759 6933 904 6988 00001111.

2344 529 2404 592 021

1457 703 1539 770 enim
1564 703 1692 768 illorum
1723 707 1791 768 erat
1823 703 1900 770 haec
1922 701 2034 780 vidua,
2059 701 2236 786 dequibus
2261 703 2413 768 secundae

1457 811 1494 876 ad
1520 807 1697 876 Corinthios
1719 815 1846 874 octavo:
1877 835 1893 868 c
1908 805 2087 874 Secundum
2108 807 2259 872 virtutem
2276 807 2413 874 testimo-

1457 917 1544 982 nium
1568 913 1823 1000 perhibendis,
1846 913 1919 1000 quia
1944 929 2040 996 supra
2064 911 2214 980 virtutem
2246 911 2412 978 voluntarii

1459 1021 1632 1088 fuerunt».
1655 1021 1741 1088 Unde
1766 1015 2049 1104 Chrysostemusi:
2073 1015 2212 1084 «Nullus
2234 1017 2331 1084 dicat:
2346 1017 2411 1082 Non

1458 1143 1587 1210 possum
1610 1127 1823 1210 eleemosynas
1844 1125 1957 1192 iacere.
1988 1123 2055 1188 Non
2087 1139 2121 1188 es
2144 1121 2238 1188 sidua
2262 1121 2412 1204 1110000-

1445 1231 1584 1314 perior,
1604 1249 1667 1298 000
1692 1249 1725 1300 00
1763 1231 1850 1296 Petro
1886 1237 1915 1296 et
1950 1229 2062 1294 Ioanne
2095 1225 2256 1294 rusticior.
2285 1227 2412 1292 Talente

1459 1335 1710 1420 uniuscuiusque
1740 1343 1815 1404 sunt
1843 1337 1908 1402 sive
1931 1333 2176 1420 praeeminentia
2199 1333 2229 1398 in
2255 1333 2412 1412 doctrina,

1459 1441 1579 1508 sivein
1601 1443 1749 1528 pecunia,
1775 1441 1841 1510 sive
1863 1441 1896 1508 in
1919 1441 2061 1526 quolibet
2078 1439 2202 1528 negotio
2216 1465 2249 1520 »3
2270 1445 2301 1504 et
2325 1444 2411 1524 post:

1463 1547 1577 1614 «Nihil
1606 1555 1654 1614 est
1684 1549 1727 1616 ita
1760 1549 1824 1614 Deo
1853 1549 2010 1626 amicum,
2033 1547 2115 1614 siout
2143 1547 2181 1614 ad
2216 1563 2412 1614 commanem

1458 1653 1623 1722 utilitatem
1647 1653 1752 1720 vivere
1769 1681 1797 1718 o.
1826 1657 1956 1740 Propter
1977 1653 2064 1738 quod
2086 1655 2181 1720 etiam
2197 1653 2316 1738 primae
2332 1651 2412 1720 Petri

1458 1759 1614 1846 quarto⁹:
1646 1759 1916 1846 «Unusquisque,
1942 1759 2023 1828 sicut
2053 1759 2172 1846 accepit
2204 1759 2352 1846 gratiam,
2382 1759 2412 1826 in

1458 1863 1649 1932 alterutrum
1680 1863 1766 1930 illam
1794 1863 2049 1930 administrantes
2063 1893 2091 1930 a.
2117 1867 2220 1946 Unde,
2255 1867 2335 1934 sicut
2358 1865 2411 1952 qui

1458 1969 1586 2036 dimittit
1607 1987 1709 2052 pauca
1730 1969 1764 2034 in
1793 1987 1830 2034 re
1859 1975 1892 2036 00
1912 1969 1992 2036 nihil
2016 1971 2085 2038 nult
2107 1973 2224 2040 habere
2248 1975 2278 2038 in
2303 1973 2413 2040 volun-

1460 2081 1522 2144 tate
1544 2075 1658 2140 omnia
1681 2073 1797 2140 dicitur
1822 2075 1998 2154 dimittere,
2021 2077 2102 2144 sieut
2123 2079 2253 2158 Petrus,
2269 2079 2413 2146 Matthaei

1458 2183 1730 2250 decimonono10:
1754 2181 1878 2262 «Ecce,
1894 2199 1951 2248 nos
1967 2181 2154 2266 reliquimus
2170 2183 2273 2250 omnia
2284 2209 2316 2264 »3
2333 2185 2414 2254 siout

1459 2289 1514 2374 qui
1535 2287 1614 2354 nulli
1638 2285 1803 2356 subiicitur
1828 2287 1942 2354 ananie
1963 2287 2059 2354 habet
2074 2295 2104 2356 et
2132 2287 2286 2368 abundat,
2306 2307 2413 2374 quem-

1459 2395 1627 2460 admodum
1662 2395 1795 2474 Paulus‚
1830 2395 1983 2462 secandae
2020 2395 2058 2460 00
2092 2393 2271 2462 Corinthios
2306 2401 2412 2462 sento:

1464 2503 1656 2586 «Tanquam
1682 2499 1953 2580 hiartharum,
1976 2507 2009 2566 00
2037 2501 2143 2566 carnia
2172 2499 2366 2584 possidentes
2382 2525 2412 2580 »;

1459 2611 1489 2674 et
1513 2605 1550 2674 00
1584 2605 1796 2698 Philippenses
1828 2605 1956 2674 ultimo:
1993 2633 2010 2666 0
2029 2607 2133 2674 Habeo
2162 2609 2268 2674 omnia
2298 2615 2330 2674 et
2360 2609 2414 2676 00-

1460 2713 1542 2780 0000
1559 2737 1590 2778 »ε
1615 2713 1659 2780 sio
1683 2713 1736 2798 qni
1763 2729 1875 2800 magno
1898 2711 1992 2780 corde
2016 2711 2069 2780 dat
2097 2711 2214 2780 dicitur
2239 2711 2413 2780 0000000-

1460 2827 1509 2886 000
1530 2819 1632 2898 aare,
1663 2818 1837 2886 secundum
1870 2819 1947 2884 illud
1977 2819 2203 2886 0000000000
2237 2819 2413 2886 Corinthios

1460 2929 1626 2994 octar011:
1655 2953 1670 2986 «
1688 2927 1720 2992 ln
1736 2927 1836 2994 multo
1852 2925 2072 3010 experimento
2088 2923 2299 2992 tribulationis
2315 2925 2413 2992 abun-

1442 3033 1565 3108 dantia
1593 3033 1700 3120 galidii
1728 3033 1872 3118 ipsorum
1901 3031 1978 3112 luit,
2004 3037 2034 3100 00
2066 3031 2215 3100 altissima
2246 3037 2414 3118 paupertas

1460 3157 1572 3208 eorum
1593 3139 1765 3208 abundarit
1787 3139 1820 3208 in
1842 3139 1965 3206 divitias
1991 3139 2197 3224 simplicitatis
2213 3163 2244 3202 0.

1550 3249 1580 3314 0.
1604 3247 1705 3334 (Vens.
1727 3247 1784 3334 0.).
1811 3247 1928 3332 000000
1958 3253 2111 3332 quantum
2141 3247 2181 3312 00
2214 3247 2413 3334 00000000-
2435 3249 2568 3348 ,130ῗέ00013,

1460 3373 1533 3418 aeut
1556 3355 1701 3420 rationis
1723 3361 1755 3418 et
1776 3373 1899 3422 causuc
1923 3351 2100 3436 subiungit:
2128 3351 2215 3418 illam
2248 3371 2358 3418 omues
2382 3349 2416 3418 lu'
2456 3367 2540 3402 causac.

1460 3477 1500 3524 00
1530 3459 1719 3526 abundanti
1749 3457 1815 3530 sibi
1841 3459 2007 3526 miserunt
2035 3457 2073 3522 iu
2101 3475 2247 3524 taurtera
2277 3457 2361 3532 Dei;
2384 3463 2415 3526 00

1455 3563 1671 3648 impleverunt
1706 3571 1920 3648 praeceptum
1953 3561 2030 3628 illud
2063 3579 2160 3646 supra
2192 3563 2356 3628 undecimo
2370 3565 2413 3626 12:

1466 3667 1720 3736 «Verumtamen
1745 3669 1830 3754 quod
1860 3673 2007 3752 superest
2036 3667 2108 3734 date
2140 3667 2367 3752 eleemosynam
2383 3693 2414 3746 »;

1461 3793 1524 3858 quo
1545 3775 1740 3858 praecipitur
1775 3775 1849 3842 dare
1882 3793 1920 3840 ea
1945 3771 2143 3854 obrcadaati,
2177 3773 2259 3840 sicut
2288 3775 2416 3840 loannes

1460 3879 1582 3948 dicebat
1604 3897 1703 3964 supra
1724 3879 1836 3948 tertio:
1868 3879 1959 3964 «Qui
1982 3877 2079 3946 habet
2109 3879 2188 3946 duas
2218 3879 2340 3946 tunicas
2365 3881 2416 3946 det

1460 4003 1557 4054 unam
1580 4005 1641 4054 non
1672 3985 1801 4054 habenti
1818 4015 1847 4054 a.
1874 4025 1914 4038 -
1940 3987 2164 4054 Haerentem
2196 4005 2235 4054 ecc
2263 4005 2298 4052 00
2329 3987 2418 4074 0000

1461 4091 1545 4160 deest
1569 4093 1636 4172 illi,
1659 4111 1785 4160 omnem
1810 4093 1934 4162 uictum
1956 4111 2076 4174 suum,
2099 4111 2195 4182 quem
2211 4089 2337 4172 00000,
2355 4091 2416 4160 mi-

1460 4199 1523 4278 sit;
1545 4205 1578 4266 et
1600 4201 1645 4266 sic
1667 4199 1810 4284 implevit
1833 4199 2028 4280 consilium,
2054 4199 2129 4286 qaia
2143 4199 2221 4266 nihil
2240 4199 2297 4268 sihi
2315 4217 2416 4266 reser-

1460 4305 1563 4384 vavit,
1586 4305 1641 4372 sed
1671 4310 1773 4372 totum
1804 4307 1905 4386 dedit,
1931 4311 1966 4374 ut
1997 4305 2111 4372 mulier
2141 4305 2320 4390 evangelica
2348 4323 2417 4372 esse

1460 4411 1631 4494 inciperet,
1653 4411 1786 4496 implens
1811 4411 1887 4478 illud
1911 4411 2077 4478 eonsilium
2093 4411 2235 4490 Domini,
2253 4429 2348 4496 supra
2366 4409 2418 4478 00-

1460 4515 1539 4582 aimo
1565 4519 1672 4582 octavo
1687 4517 1730 4580 1³:
1762 4543 1776 4574 «
1793 4517 1823 4582 Si
1840 4519 1888 4584 vis
1902 4515 2062 4602 perlectus
2076 4533 2161 4596 esse,
2181 4515 2256 4582 rade
2271 4523 2304 4582 et
2319 4515 2418 4584 rende

1460 4617 1582 4698 omnia,
1604 4635 1687 4706 quae
1710 4619 1807 4686 00000
1823 4647 1852 4686 a.
1880 4623 1941 4688 lam
1963 4639 2026 4690 non
2051 4626 2118 4688 erat
2141 4621 2271 4688 sollicita
2294 4621 2332 4688 00
2348 4639 2417 4688 000-

1460 4725 1560 4804 stino,
1583 4725 1664 4796 sicut
1680 4725 1794 4794 dicitur
1811 4727 1955 4796 llatthaei
1979 4733 2071 4794 sexto
2084 4729 2127 4792 14:
2147 4753 2163 4786 c<
2181 4727 2277 4794 Nolite
2296 4727 2416 4794 solliciti

1460 4849 1527 4900 esse
1550 4831 1584 4900 in
1606 4831 1779 4898 crastinum
1794 4857 1827 4914 »ς
1856 4859 1873 4892 «
1889 4831 2007 4900 sufficit
2027 4831 2087 4900 diei
2113 4831 2231 4900 malitia
2254 4851 2355 4910 sua».

1550 4939 1580 5002 0.
1604 4937 1663 5024 Sed
1688 4937 1813 5006 ridetur
1835 4939 1911 5006 0000
1937 4937 2030 5006 vidua
2055 4957 2095 5008 ex
2128 4941 2187 5006 hac
2210 4939 2330 5006 ratione
2353 4957 2416 5004 non
2435 4945 2540 4992 Obiecto·

1460 5061 1527 5112 esse
1562 5043 1734 5124 laudanda,
1766 5045 1821 5110 sed
1853 5043 1959 5132 potius
1995 5045 2217 5130 vituperanda,
2248 5047 2416 5132 0010000-

1461 5149 1555 5218 dium
1568 5149 1593 5192 11
1626 5169 1689 5218 000
1720 5151 1875 5234 serravit,
1905 5151 1980 5236 quia
2009 5151 2158 5236 periculo
2191 5169 2223 5218 se
2251 5151 2415 5240 exposuit,

1529 5591 1539 5624 ⁷
1559 5595 1630 5650 Libr.
1647 5595 1664 5646 l.
1684 5595 1776 5648 ilomil.
1796 5593 1822 5648 in
1840 5597 1941 5658 Evang.
1959 5593 2048 5648 homil.
2068 5593 2090 5646 5.
2113 5609 2139 5646 n.
2161 5595 2186 5648 3.
2200 5577 2241 5636 -’
2255 5595 2372 5650 Subinde
2384 5595 2417 5646 al-

1457 5685 1560 5748 legatur
1577 5687 1605 5736 ll.
1625 5683 1684 5738 Cor.
1705 5685 1783 5756 8,3,
1805 5683 1848 5736 uhi
1869 5695 1917 5748 pro
1933 5681 2060 5752 perhibeo
2078 5681 2133 5738 illis
2152 5681 2212 5752 [cir.
2232 5683 2284 5738 Col.
2307 5683 2333 5752 0,
2349 5683 2415 5752 03],

1457 5771 1522 5842 quia
1540 5773 1599 5826 Vnt.
1620 5785 1682 5824 eum
1700 5773 1814 5836 Vulgata
1832 5771 1887 5826 illis
1905 5769 1989 5826 reddo
2009 5775 2039 5824 et.

1529 5857 1653 5914 ⁸ilomil.
1672 5859 1715 5912 78.
1736 5859 1810 5926 (01100
1836 5861 1891 5928 73.)
1921 5861 1948 5910 10
1976 5863 2065 5914 010000.
2092 5875 2118 5912 0.
2147 5861 2179 5928 3,
2198 5861 2244 5914 ubi
2262 5863 2339 5914 etiam
2361 5875 2415 5928 seq.

1457 5949 1582 6002 sententia
1600 5949 1741 6000 invenitur.
1817 5977 1818 5980 =
2246 5931 2355 6002 lueis.
2374 5949 2414 6000 00.

1528 6033 1552 6066 ¹⁰
1571 6037 1645 6106 Vens.
1665 6037 1707 6088 27.
1721 6061 1758 6074 -
1769 6033 1827 6088 000
1845 6049 1920 6100 seqq.
1939 6035 1990 6086 loci
2008 6037 2069 6086 0000
2087 6037 2116 6086 11.
2135 6031 2195 6088 Cor.
2213 6037 2243 6104 6,
2258 6037 2299 6088 10.
2313 6043 2337 6088 00
2351 6035 2414 6090 Phil.

1460 6123 1491 6190 a,
1512 6123 1555 6176 rs.
2079 6127 2083 6136 ’
2177 6147 2179 6154 ,

1528 6209 1550 6240 ¹²
1571 6211 1646 6262 Vers.
1666 6209 1762 6264 21100.
1781 6211 1899 6274 Gregor,
1918 6211 1966 6262 loe.
1985 6209 2028 6262 eit.
2048 6223 2072 6262 0.
2090 6209 2118 6260 3.
2193 6243 2194 6246 =

1529 6295 1553 6328 11
1574 6299 1647 6352 Vers.
1667 6299 1709 6350 01.
1728 6303 1755 6352 00
1772 6297 1871 6350 deinde
1889 6299 1919 6364 3,
1941 6297 1981 6350 11.

1529 6383 1553 6416 ¹³
1572 6387 1647 6440 Pers.
1667 6389 1714 6450 22,
1727 6383 1773 6440 0οῑ
1786 6385 1894 6454 quidem
1907 6385 2001 6438 eadem
2015 6385 2130 6438 occurrit
2142 6387 2282 6454 sententio,
2304 6387 2350 6442 000
2363 6403 2415 6442 000

1458 6471 1556 6540 00000,
1575 6487 1644 6540 qnae
1662 6481 1750 6526 sumta
1768 6479 1828 6526 sunt
1847 6487 1878 6528 ex
1895 6475 1985 6526 hlatth.
2006 6475 2055 6538 13,
2073 6475 2118 6526 21.

1529 6557 1554 6590 11
1572 6561 1647 6614 Vers.
1667 6563 1710 6614 30.
1728 6561 1813 6616 Codd.
1830 6561 1958 6616 AGDG:
1977 6563 2012 6616 El
2030 6561 2062 6616 de
2079 6561 2199 6616 crastiua
2225 6561 2291 6634 quid
2308 6561 2418 6620 solliciti

1459 6647 1540 6704 aslis?
1561 6649 1611 6706 Cir.
1630 6649 1695 6706 ibid.
1712 6665 1740 6704 v.
1759 6651 1809 6704 28:
1827 6651 1857 6708 m
1875 6651 1908 6706 de
1928 6651 2082 6706 vestimento
2102 6651 2166 6720 qnid
2186 6651 2286 6706 solliciti
2307 6653 2384 6706 estis?

1529 6735 1554 6770 1⁵
1573 6739 1624 6794 Cir.
1642 6755 1722 6808 snpra
1751 6753 1813 6808 pag.
1835 6739 1901 6806 370,
1920 6745 1981 6796 0000
2002 6739 2024 6794 l.
2044 6769 2079 6782 -
2097 6739 2214 6796 Subinde
2243 6743 2370 6808 allegatur
2386 6743 2414 6796 ll.

1459 6823 1518 6880 Cor.
1538 6829 1569 6896 8,
1588 6829 1631 6884 13.
1649 6843 1705 6898 seq.

2274 6941 2308 6994 66
