5908 8266
679 587 734 640 ille
1057 505 1097 574 [Ν
1118 503 1411 574 connttnrittlos
1433 507 1464 572 S.
1487 505 1714 574 sceleratae
2033 595 2087 650 lilii
2276 527 2277 530 ’
2315 507 2380 572 765

384 677 431 730 Vii
451 675 501 728 767
523 675 716 732 6-:Crcdens
734 677 821 730 omnia
841 681 926 744 potest
942 675 1027 742 irnpe-
1116 709 1154 722 -
1172 681 1263 734 incidit
1282 679 1308 732 in
1328 685 1439 734 mortem
1460 681 1568 746 culpae,
1588 681 1616 734 in
1640 695 1707 734 mor·
1742 681 1814 734 tione
1833 683 1880 736 luit
1898 683 2045 736 coniunctio
2060 681 2156 736 77777777
2168 681 2323 736 distantium
2336 683 2383 734 Vll

387 771 458 818 trare
476 765 508 836 Vi
530 765 574 818 307
601 767 634 818 77
1063 773 1116 822 777
1129 783 1231 836 777777
1244 769 1410 836 temporalis,
1428 769 1460 822 in
1475 773 1588 822 mortem
1604 781 1707 834 poenae
1742 769 1793 822 796
1814 771 1847 822 60
1865 797 1902 810 -
1919 773 1948 824 ln
1974 771 2152 824 incarnatione
2179 771 2251 824 carni
2275 773 2384 824 unitum

439 853 522 906 iurrus
545 883 575 892 —
595 859 632 908 est
656 853 712 908 sine
738 853 853 908 caritatis
878 841 978 908 unitate
1001 861 1030 910 et
1064 863 1185 912 aeternae
1216 857 1247 910 lli
1278 857 1328 910 778
1355 869 1385 910 7.
1408 857 1440 908 76
1460 883 1491 896 -·
1513 857 1635 920 impietas
1653 869 1707 908 777
1741 863 1782 908 777
1799 855 1918 910 Verbum
1939 857 1991 910 537
2012 859 2082 912 3·-
2098 855 2218 910 Verbum
2247 857 2273 912 in
2295 857 2383 912 innan

385 941 494 996 vinculo
514 943 547 994 Vl
566 944 617 996 737
636 959 665 996 v.
683 941 699 994 3
719 971 754 980 -
773 941 912 996 Doctrinae
928 947 1029 1006 etone·
1063 945 1176 998 salvabit
1194 945 1306 1010 777777
1327 945 1360 998 66
1380 947 1435 998 7.8
1456 971 1490 984 --
1510 943 1536 998 iu
1553 943 1597 998 die
1614 943 1707 998 iudicii
1740 943 1848 998 natione
1866 943 1989 1010 apparuit
2006 949 2034 998 ut
2054 945 2177 998 maiestas
2196 945 2384 1010 burnilis,im·

385 1031 501 1082 rationes
521 1027 663 1096 impiorum
690 1033 781 1082 carent
806 1031 921 1084 caritatis
944 1033 1030 1098 perle·
1063 1047 1118 1088 non
1137 1039 1224 1100 potest
1239 1047 1271 1088 se
1288 1033 1411 1088 simulare
1428 1033 1530 1088 bonurn
1547 1031 1706 1088 tuit-an
1741 1033 1867 1086 marsitas
1886 1031 1992 1094 brevis,
2012 1031 2151 1086 aeternitas
2171 1035 2237 1084 iacta
2258 1031 2327 1088 775
2378 1073 2381 1076 .

386 1119 474 1172 ctione
491 1119 543 1172 733
561 1133 592 1174 v.
611 1119 627 1170 5
647 1145 682 1160 ·-
701 1123 773 1172 caret
789 1119 885 1184 pietate
905 1121 1031 1176 inDeum.
1064 1121 1188 1176 oneribus
1208 1123 1457 1177 condemnatuerl
1471 1121 1569 1174 70777
1583 1121 1707 1186 -77777
1793 1147 1831 1160 -
1847 1121 1992 1174 incarnatio
2021 1121 2173 1186 mysterium
2195 1127 2232 1172 est
2252 1133 2381 1186 magnum

386 1215 414 1260 et
430 1207 582 1272 77777777
604 1209 654 1260 718
673 1221 702 1260 7.
725 1209 787 1260 7-
803 1209 975 1274 neglexerunt
992 1209 1030 1264 iu·
1064 1211 1154 1264 lassati
1170 1215 1232 1262 sunt
1249 1211 1348 1262 uirtute
1373 1225 1422 1264 sua
1451 1211 1477 1264 in
1500 1211 1543 1262 via
1563 1211 1707 1276 iniquitatis
1741 1217 1769 1264 et
1784 1209 2026 1276 imperscrutabile,
2044 1215 2072 1262 et
2088 1209 2149 1262 ideo
2166 1207 2322 1262 admirabile
2335 1211 2380 1262 Vll

387 1295 485 1350 stitiam
503 1301 531 1348 et
548 1295 636 1360 ipsum
664 1295 747 1348 Deum
773 1297 868 1352 7797.
897 1299 928 1350 70
950 1327 983 1338 -
1001 1301 1029 1356 77
1065 1301 1270 1366 quoadculpam
1281 1299 1446 1364 inpraesenti
1457 1299 1581 1364 etquoad
1592 1311 1706 1364 poenam
1742 1301 1777 1352 37
1794 1299 1830 1352 97
1847 1327 1884 1336 -
1902 1301 1930 1352 77
1949 1297 2126 1352 incarnatione
2153 1295 2202 1350 luit
2219 1299 2379 1350 miraculum

386 1385 441 1438 vita
459 1397 506 1438 sna
525 1381 591 1452 sibi,
615 1397 669 1436 uon
696 1385 750 1436 Deo
779 1385 845 1440 77777
872 1387 923 1438 790
948 1403 975 1442 v.
993 1391 1029 1444 77
1066 1387 1095 1440 77
1106 1391 1193 1442 iuturo
1214 1385 1244 1440 Vi
1268 1387 1316 1440 tes
1336 1401 1362 1440 7.
1382 1387 1399 1440 7
1416 1415 1454 1426 —·-
1471 1385 1647 1442 insaturabilis
1657 1387 1706 1440 erit
1741 1401 1869 1454 magnum
1882 1393 1906 1440 et
1915 1387 1989 1452 pium
2001 1385 2105 1440 divinae
2114 1385 2246 1450 polentiae
2260 1385 2330 1454 77777,
2343 1387 2378 1440 93

386 1501 423 1516 ·-
439 1471 469 1526 in
486 1473 658 1538 prosperitate
678 1479 785 1538 negant,
803 1487 834 1528 se
846 1475 928 1528 ileum
942 1491 1029 1546 nosse,
1065 1481 1092 1528 et
1109 1477 1233 1530 contusus
1255 1475 1296 1528 vll
1316 1475 1349 1528 33
1370 1475 1404 1528 98
1421 1503 1459 1518 ·-
1475 1475 1548 1542 impii
1562 1475 1706 1542 punientur
1793 1505 1831 1514 -
1847 1477 1896 1530 Per
1912 1475 2096 1530 incarnationis
2115 1475 2271 1540 mysterium
2288 1477 2376 1530 visita·

385 1561 475 1628 ipsum
490 1565 637 1626 agnoscunt
655 1565 742 1614 eutem
762 1577 809 1628 per
829 1577 927 1630 poenas
945 1569 1029 1622 coacti
1065 1577 1113 1628 777
1135 1563 1210 1616 malis
1221 1565 1277 1618 suis
1289 1563 1504 1628 cogitationibus,
1517 1563 1706 1630 locutionibus,
1740 1565 1780 1618 777
1796 1565 1867 1618 Deos
1886 1565 1992 1630 piebem
2012 1579 2086 1618 suam
2105 1565 2150 1616 Vli
2168 1565 2204 1616 39
2218 1563 2379 1618 777-777

362 1645 363 1650 ’
389 1649 434 1702 797
469 1667 495 1702 v.
518 1649 551 1702 76
570 1679 606 1692 -
624 1657 774 1716 agnoscunt
791 1655 890 1718 Deum,
908 1655 956 1708 sed
975 1669 1029 1710 non
1065 1651 1264 1720 operationibus
1290 1655 1325 1706 vl
1352 1655 1404 1706 778
1430 1669 1459 1706 v.
1493 1655 1524 1706 10
1541 1683 1579 1692 -
1596 1655 1706 1720 Propria
1741 1653 1924 1708 incarnationis
1943 1655 2095 1718 mysterium
2117 1653 2378 1706 creritDeuscornn

387 1739 534 1804 glorificant
550 1735 611 1792 77777.
629 1753 730 1794 -777
746 1741 846 1796 habent
857 1743 1028 1808 cogitationes
1065 1741 1197 1808 7777777777,
1211 1755 1266 1794 777
1282 1741 1364 1794 777777
1385 1741 1434 1794 7777
1453 1755 1545 1804 causa,
1565 1755 1611 1794 cur
1631 1741 1706 1806 impii
1740 1743 1832 1794 salutis
1849 1741 1877 1794 in
1894 1741 1974 1794 domo
1997 1741 2079 1796 David
2102 1739 2137 1796 77.
2165 1739 2217 1794 777
2236 1769 2271 1778 -
2288 1743 2319 1794 in
2340 1741 2380 1792 in·

386 1835 414 1880 et
433 1827 583 1882 7777777777
596 1827 621 1880 in
641 1829 741 1882 777777
762 1831 914 1894 tendentes,
932 1831 980 1884 sed
998 1831 1027 1882 in
1067 1827 1093 1880 in
1116 1829 1245 1882 internum
1275 1829 1455 1892 perducentur
1482 1829 1533 1880 777
1562 1845 1590 1880 7.
1617 1829 1651 1880 77
1670 1857 1706 1868 -
1740 1831 1892 1884 7777777777
1907 1831 2103 1884 demonstratur
2123 1829 2243 1884 sublimis
2260 1829 2377 1896 bonitas,

388 1921 457 1970 tarra
476 1917 574 1972 deliras
595 1917 644 1970 733
663 1931 689 1972 v.
711 1919 726 1970 3
817 1971 818 1974 ,
846 1945 848 1948 -
1065 1915 1131 1980 ipsis
1158 1917 1215 1970 suis
1240 1915 1368 1980 operibus
1384 1907 1533 1980 77777777
1553 1917 1599 1970 787
1625 1931 1653 1970 7.
1669 1919 1700 1970 77
1740 1917 1883 1984 sapientia,
1901 1919 2061 1984 7777777777
2079 1919 2172 1971 iustitia
2193 1919 2239 1972 Dei
2258 1919 2286 1972 57
2312 1919 2344 1972 79

440 2019 576 2072 -saepe
594 2005 727 2060 itosecuri
745 2007 852 2072 vivunt,
873 2005 951 2072 quasi
969 2005 1028 2068 iusti
1065 2029 1101 2042 -
1118 2009 1231 2056 777777
1251 2009 1366 2056 meretur
1395 2003 1545 2056 iniustitiam
1571 2003 1705 2070 iaciendo,
1793 2007 1915 2058 77777777
1935 2033 1970 2046 -·
1988 2007 2155 2072 7777777777
2169 2009 2379 2060 reconciliatione

388 2099 475 2148 essent
492 2095 528 2146 Vl
546 2095 581 2144 58
601 2107 627 2146 7.
650 2093 681 2144 73
695 2081 796 2144 -7777
811 2093 954 2158 impiorum
968 2105 1026 2156 pro·
1065 2089 1226 2142 familiariter
1238 2091 1366 2152 amando,
1386 2089 1598 2156 inseparabiliter·
1611 2091 1706 2144 adilae
1741 2093 1836 2146 iudieis
1853 2093 1946 2146 otlensi
1964 2093 1999 2146 Vl
2018 2095 2070 2146 776
2088 2109 2118 2146 7.
2137 2095 2163 2146 77

389 2187 510 2246 speratur
535 2177 597 2234 77777.
614 2209 652 2218 -
677 2181 827 2246 frequenter
846 2177 943 2232 babent
969 2195 1029 2246 pro·
1065 2177 1163 2242 rende,
1190 2177 1288 2232 sortiter
1314 2177 1479 2230 defendendo
1495 2171 1551 2228 iti
1571 2193 1598 2230 v.
1618 2177 1651 2230 75
1668 2181 1706 2218 4
1793 2181 1913 2232 7777777777
1932 2207 1965 2218 -
1984 2179 2102 2234 Christus
2132 2181 2245 2234 ostendit
2268 2197 2296 2236 se
2317 2183 2379 2236 inci·

390 2269 541 2334 speritatem
560 2267 733 2332 temporalem
753 2267 786 2320 50
805 2281 834 2320 v.
852 2269 916 2318 3-
928 2267 956 2318 77
968 2281 1028 2332 pro·
1067 2267 1141 2332 impii
1159 2265 1234 2320 ibunt
1259 2267 1284 2318 77
1311 2267 1469 2330 supplicium
1497 2271 1635 2318 aeternum
1653 2267 1704 2318 779
1740 2267 1874 2330 pientinus
1891 2267 1915 2318 in
1936 2269 2023 2332 777777
2041 2269 2171 2320 7777777777
2190 2271 2223 2322 lli
2240 2271 2289 2324 677
2304 2285 2331 2324 7.
2344 2273 2379 2324 ld

389 2357 512 2422 speritate
525 2357 661 2420 temporali
674 2369 748 2420 spem
769 2361 870 2420 ponunt
890 2355 934 2408 777
955 2371 980 2408 7.
995 2355 1029 2408 75
1067 2369 1094 2408 v.
1114 2355 1149 2408 70
1166 2353 1318 2420 -impios
1336 2359 1607 2420 sequeturpersonae
1627 2353 1706 2406 777777-
1740 2383 1776 2392 -
1793 2353 1908 2408 Christus
1937 2357 1965 2406 in
1991 2349 2174 2420 incipientibus
2201 2357 2298 2420 7777777
2321 2371 2380 2422 ger·

318 2435 319 2438 ’
390 2473 425 2484 -
447 2449 546 2510 patant,
564 2457 594 2496 se
611 2443 722 2510 impune
738 2457 849 2508 peccare
869 2445 920 2496 777
946 2459 973 2498 7.
995 2443 1029 2496 76
1067 2443 1146 2508 citae,
1164 2443 1221 2510 spei
1240 2445 1373 2506 vacuitas,
1392 2441 1488 2496 laboris
1502 2441 1705 2508 infructuositas,
1742 2443 1813 2496 mina
1832 2441 1959 2494 virtutum
1977 2441 2040 2498 77777.

446 2561 480 2574 —-
491 2531 717 2598 increpationibus
733 2545 788 2586 non
800 2537 861 2586 7777
873 2533 982 2588 77777777
995 2531 1030 2584 ab
1067 2533 1155 2600 operis
1173 2531 1296 2586 inutilitas
1316 2531 1348 2586 77.
1370 2531 1398 2582 77
1793 2543 1863 2582 —a
1883 2531 1965 2596 gratia
1984 2531 2094 2598 Spiritus
2123 2531 2204 2584 sancti
2232 2534 2289 2586 iacti
2316 2539 2378 2588 7777

392 2621 541 2676 infidelitate
553 2627 580 2674 77
592 2635 716 2688 77777777
725 2621 922 2676 7777777777777
933 2623 969 2678 Vi
979 2621 1025 2674 797
1118 2625 1312 2676 7777777777
1325 2647 1359 2660 -
1372 2619 1553 2674 obstinationis
1573 2623 1611 2672 777
1631 2621 1705 2686 quasi
1743 2621 1897 2674 meditantes
1908 2625 1937 2672 et
1949 2627 2083 2684 gementes
2096 2619 2162 2672 sicut
2182 2621 2388 2678 columbaevll

392 2727 418 2766 7.
437 2713 471 2764 76
483 2741 521 2750 -
533 2711 635 2776 iiageila
648 2711 735 2764 divina
749 2711 913 2776 impatienter
925 2715 1032 2778 7777777
1068 2711 1160 2764 ioedus
1178 2709 1353 2778 inseparabile
1373 2709 1580 2774 desponsationis
1596 2723 1657 2762 curu
1671 2711 1707 2762 in·
1744 2709 1780 2762 37
1796 2709 1830 2762 77
1847 2735 1884 2748 ·-·
1901 2707 2001 2762 debent
2025 2715 2115 2774 petere
2142 2709 2242 2762 orando
2266 2711 2319 2762 785
2344 2711 2379 2764 77

393 2799 498 2854 77777.-
511 2799 932 2866 obilageilamurmurantcontra
945 2801 1029 2854 Deum
1069 2801 1162 2854 iustitia
1183 2801 1215 2856 Vi
1237 2801 1286 2854 778
1306 2815 1332 2852 v.
1353 2801 1436 2852 ld-
1449 2799 1522 2864 impii
1540 2799 1707 2864 inmaiigni·
1742 2827 1776 2840 -
1797 2797 1952 2864 incipientes
1969 2801 2106 2852 transeunt
2126 2811 2140 2850 a
2158 2797 2229 2850 vitiis
2248 2799 2280 2852 ad
2299 2799 2381 2852 virtu·

393 2887 456 2942 77777.
472 2915 510 2928 -
527 2895 597 2942 errat
606 2903 660 2942 non
671 2889 842 2942 considerans
854 2891 933 2942 linem
954 2891 1032 2942 iusto·
1069 2895 1120 2944 tate
1140 2895 1328 2944 consumentur
1344 2901 1393 2954 per
1408 2889 1633 2954 impoenitentiam
1645 2887 1707 2940 iina-
1744 2893 1781 2942 tes
1801 2889 1833 2942 Vl
1854 2887 1905 2940 397
1927 2889 1942 2940 7
1961 2913 1998 2926 ·-·
2015 2885 2057 2938 ab
2075 2885 2260 2952 incipientibus
2270 2887 2382 2954 requiri·

393 2991 467 3044 rum,
484 2977 533 3030 sed
550 2981 652 3028 tantum
674 2981 839 3042 praesentem
865 2979 1031 3032 ailiictionem
1069 2981 1120 3032 lem
1142 2979 1187 3032 777
1214 2993 1240 3030 7.
1267 2979 1308 3030 73.
1328 3003 1365 3016 -ι
1382 2977 1451 3030 ilors
1474 2969 1644 3040 peccatorum
1668 2981 1707 3030 esi
1745 2983 1785 3030 tur
1806 2981 1903 3028 tructus
1923 2975 2097 3042 poenitentiae
2117 2975 2159 3026 Vii
2180 2975 2230 3026 370
2254 2977 2283 3026 78

395 3065 444 3116 730
459 3077 483 3116 7.
505 3065 538 3114 75
550 3093 587 3102 -—
598 3065 675 3116 Error
689 3065 833 3128 impiorum
845 3079 897 3118 non
910 3071 951 3118 esi
962 3065 1030 3120 deie-
1070 3081 1142 3120 mors
1159 3065 1245 3120 7777777
1264 3065 1473 3132 impoenitentiae
1493 3065 1543 3116 589
1565 3065 1581 3116 6
1594 3095 1632 3104 -
1643 3065 1707 3116 iina-
1797 3067 1975 3118 7777777777
1991 3091 2022 3102 -·
2036 3063 2223 3116 inconstantiae
2243 3069 2325 3118 maier
2342 3069 2383 3116 esi

395 3157 453 3204 ctus
470 3167 501 3204 ex
521 3159 594 3218 parta
611 3153 673 3214 Dei,
692 3153 739 3206 sed
758 3169 788 3206 ex
808 3159 882 3220 parte
899 3155 1032 3220 ipsorum,
1070 3155 1100 3208 iis
1118 3157 1203 3208 anlert
1223 3155 1338 3208 reditum
1364 3155 1546 3220 intelligentiae
1565 3159 1589 3206 77
1607 3155 1707 3220 gratiae
1744 3153 1869 3220 superbia
1886 3153 1931 3206 Vll
1950 3153 2001 3206 779
2020 3155 2034 3204 8
2055 3179 2091 3194 -
2109 3153 2137 3204 in
2165 3151 2283 3206 adversis
2307 3159 2383 3220 parat

396 3239 559 3294 intenebris
588 3239 725 3292 iacentium
745 3255 793 3294 nec
813 3257 922 3308 surgere
942 3243 1032 3296 volen-
1070 3241 1243 3310 tata-Qui
1257 3245 1383 3310 perdurat
1395 3243 1419 3294 in
1434 3243 1514 3296 corde
1526 3243 1707 3308 impoenitenti
1745 3243 1878 3296 hominem
1897 3243 1931 3296 ad
1950 3243 2056 3296 ruinam
2069 3241 2121 3296 379
2140 3241 2174 3294 37
2192 3267 2234 3280 -·
2247 3241 2385 3298 Calumnia

287 3353 292 3364 ·
394 3329 460 3380 7777
483 3341 533 3380 nec
549 3329 641 3380 oculos
658 3329 762 3392 aperire
779 3329 961 3396 quaerentium
980 3331 1031 3382 739
1070 3345 1208 3398 nunquam
1226 3331 1335 3384 habebit
1351 3331 1533 3386 remissionem
1547 3331 1590 3384 Vll
1604 3331 1655 3384 377
1674 3333 1706 3384 73
1745 3331 1878 3384 bominem
1895 3331 2084 3386 inconstantem
2108 3329 2195 3384 reddit
2211 3331 2246 3384 Vi
2264 3331 2299 3384 56
2318 3333 2379 3384 78

395 3431 422 3468 v.
443 3417 458 3468 6
476 3441 512 3454 -·
530 3415 591 3468 laisa
609 3429 658 3478 pro
677 3415 748 3468 veris
767 3415 899 3490 approbat
915 3415 977 3470 told.
1073 3447 1104 3458 -
1125 3421 1294 3470 perseverare
1315 3419 1338 3470 in
1357 3419 1440 3470 corde
1456 3419 1638 3484 impoenitenti
1654 3433 1707 3470 non
1798 3415 2380 3484 7777777777-Β777ο777777777,777777

449 3531 483 3542 -
502 3503 624 3566 impietas
643 3503 783 3568 spiritualis
794 3503 911 3556 consistit
922 3505 950 3556 in
962 3517 1033 3556 scau·
1071 3511 1108 3558 est
1136 3509 1295 3568 bunranurn,
1322 3507 1369 3560 sed
1394 3507 1554 3560 diabolicum
1583 3503 1645 3560 ibid.
1673 3535 1708 3544 --
1745 3521 1803 3560 esse
1821 3519 1934 3570 poenam
1953 3507 2151 3560 incontinentiae
2178 3507 2208 3558 lii
2231 3507 2280 3560 730
2301 3521 2326 3558 v.
2346 3507 2380 3560 76

396 3593 456 3646 dalo
474 3591 655 3656 proximorum
674 3591 717 3654 Vll
738 3591 788 3644 776
810 3593 835 3656 7,
854 3591 870 3644 7
889 3593 1033 3660 -estqui
1073 3593 1263 3648 concomitatur
1274 3595 1309 3648 ad
1322 3593 1522 3648 obdurationem
1536 3593 1626 3648 cordis
1643 3593 1706 3648 77777.
1745 3623 1779 3634 -
1797 3593 1853 3644 Filii
1873 3593 2052 3648 adulterorum
2064 3601 2125 3648 sunt
2135 3593 2278 3648 imitatores
2297 3599 2381 3660 pater·

396 3681 482 3746 magis
510 3681 639 3746 ponderat
664 3681 770 3746 cuipam
788 3681 815 3734 in
833 3679 884 3734 aiio
902 3695 982 3746 quana
1010 3681 1033 3732 in
1127 3685 1274 3736 inrossrena
1299 3709 1338 3722 -
1364 3685 1438 3750 Quae
1455 3681 1627 3748 impossibilia
1648 3687 1708 3735 sunt
1745 3695 1794 3734 nae
1813 3683 2013 3734 incontinentiae
2029 3681 2066 3738 77.
2086 3683 2118 3734 76

396 3783 425 3822 77
444 3769 501 3836 7777
522 3767 567 3820 767
593 3767 625 3818 33
1073 3771 1170 3824 7777777
1192 3783 1239 3836 777
1258 3771 1381 3826 virtutem
1397 3773 1496 3824 virium
1520 3785 1629 3824 suarum
1647 3785 1708 3836 pos·
1799 3773 1992 3824 lncoaereranns
2008 3798 2045 3810 —
2069 3777 2130 3824 sunt
2156 3769 2265 3824 feriendi
2294 3771 2381 3836 gladio

449 3887 485 3896 -
505 3857 558 3908 iius
578 3861 615 3908 777
629 3857 716 3920 777777
727 3857 890 3924 impietatem
902 3871 976 3908 suam
989 3871 1035 3910 au·
1073 3857 1156 3914 sibilia
1169 3861 1235 3912 liunt
1248 3873 1295 3926 per
1311 3859 1471 3920 ¹adiutorium
1491 3859 1536 3912 Dei
1553 3861 1594 3912 Vll
1610 3859 1660 3912 767
1676 3859 1707 3912 76
1745 3857 2019 3912 excommunicationis
2038 3859 2071 3912 Vi
2091 3859 2125 3912 37
2141 3859 2202 3912 7.8

398 3959 462 4010 gere
479 3945 595 3998 devisis
614 3945 741 4010 operibus
764 3947 867 4010 pietatis
886 3946 929 3998 Vil
949 3947 1034 3998 3877
1127 3951 1300 4002 7777777777
1327 3977 1362 3986 -
1389 3963 1515 4000 manuum
1538 3949 1708 4000 adseverem
1799 3945 1962 4000 luconnurrro
1976 3945 2108 4000 -Causa
2117 3947 2319 4010 incorruptionis
2331 3947 2382 4014 spi·

395 4061 432 4074 ·—
451 4031 600 4100 opprimere
619 4033 711 4086 volunt
728 4031 1035 4100 iustumquemcumque
1075 4037 1149 4100 vulgi
1165 4033 1281 4090 tribuere
1300 4043 1338 4088 est
1357 4037 1467 4090 simonia
1488 4037 1518 4090 Vi
1539 4035 1590 4088 777
1612 4037 1644 4088 aa
1746 4035 1908 4088 ritualistam
1923 4037 2018 4088 montis
2036 4049 2118 4102 quarn
2136 4035 2384 4102 corporisinprae-

399 4123 432 4176 Vi
454 4122 498 4174 777
524 4135 548 4172 v.
567 4121 814 4176 77777777-
834 4121 1035 4188 pronuntiastis
1127 4127 1275 4178 luroraurn
1293 4127 1395 4178 -Per
1414 4125 1595 4190 impotentiam
1625 4123 1710 4178 intelli·
1748 4123 1812 4178 senti
1830 4133 1871 4178 est
1887 4123 2028 4176 custoditio
2048 4124 2135 4190 legum
2150 4123 2184 4176 Vl
2200 4121 2383 4178 779779-

399 4211 450 4264 737
468 4225 496 4262 7.
516 4211 530 4262 3
549 4217 589 4250 -’
603 4223 654 4262 777
673 4217 819 4276 exsurgunt
838 4211 866 4262 in
886 4211 980 4264 iudicio
1003 4211 1035 4264 ad
1074 4213 1144 4278 gitur
1169 4215 1249 4278 plaga
1267 4213 1311 4266 Vll
1329 4211 1434 4266 77676
1454 4241 1488 4252 -
1506 4215 1644 4266 Peccantes
1661 4227 1710 4278 per
1748 4211 1808 4264 iacit
1820 4227 1878 4266 esse
1889 4211 2040 4276 proximum
2056 4213 2109 4264 Deo
2121 4209 2155 4264 77.
2168 4227 2195 4264 7.
2207 4211 2242 4264 70
2254 4239 2291 4254 ·-
2303 4215 2385 4268 incor-

396 4297 561 4352 accusandos
578 4299 660 4352 iustos
680 4295 729 4352 737
751 4301 806 4352 7.7
832 4327 865 4336 -
878 4301 1037 4352 07777777-
1074 4301 1254 4364 impotentiam
1273 4301 1454 4366 significantur
1481 4315 1528 4368 per
1551 4301 1708 4354 claudosVl
1747 4299 1878 4364 ruptibiiis
1895 4313 1991 4352 777777
2009 4299 2088 4352 debet
2108 4301 2284 4354 esse‘eiiectus
2304 4301 2385 4354 incor-

398 4387 502 4454 piorum
521 4391 581 4440 sunl
592 4385 718 4452 sapientia
737 4393 870 4450 carentes,
889 4387 970 4442 attilii
990 4403 1036 4454 pa·
1076 4389 1128 4442 305
1142 4389 1175 4442 77
1188 4417 1222 4430 -·
1235 4391 1326 4442 Claudi
1345 4403 1393 4456 per
1406 4391 1587 4454 impotentiam
1601 4393 1710 4456 peccaut
1747 4387 1877 4454 mptibiiis
1895 4389 1930 4442 37
1948 4403 1977 4454 7.

398 4475 464 4528 77777
486 4477 591 4526 77777777
613 4475 757 4530 imitatores
778 4475 830 4528 779
848 4471 879 4526 v,
898 4477 933 4528 77
946 4503 980 4514 -
1000 4477 1035 4528 in·
1074 4487 1162 4532 contra
1184 4477 1265 4530 Patris
1289 4477 1435 4542 potentiam
1457 4477 1509 4528 560
1529 4491 1557 4530 7.
1574 4477 1589 4528 3
1610 4505 1643 4518 --
1662 4481 1711 4530 lna·
1800 4479 1980 4530 lucnanutrrss
1997 4505 2032 4516 -
2051 4481 2158 4542 Propter
2177 4477 2383 4532 incredulitatem

399 4569 564 4618 sensatorum
584 4553 723 4616 'inlantium
745 4577 819 4618 7777
836 4565 931 4618 777777
949 4565 1035 4630 quoad
1074 4571 1167 4630 potens
1186 4565 1305 4618 redditur
1318 4569 1398 4618 iromo
1410 4565 1446 4618 ad
1457 4565 1628 4618 imitationem
1641 4563 1710 4618 Cirri-
1733 4609 1734 4612 ,
1749 4567 1891 4616 immanem
1905 4565 1997 4618 aberat
2008 4571 2124 4630 potestas
2135 4565 2242 4618 divinae
2253 4567 2385 4620 efficaciae

344 4697 347 4702 .
398 4655 507 4718 peccata
524 4651 550 4702 in
571 4651 690 4704 7777777
709 4651 759 4706 790
777 4667 805 4704 v.
827 4651 860 4706 77
881 4679 913 4690 -
933 4653 993 4706 Vita
1013 4657 1036 4706 et
1074 4655 1105 4706 777
1125 4667 1172 4720 777
1190 4655 1389 4718 perversitatem
1402 4653 1554 4706 intentionis
1566 4657 1590 4706 et
1604 4653 1711 4706 intirmi-
1748 4659 1945 4718 superterram
1976 4655 2016 4708 Vll
2047 4653 2097 4706 770
2116 4653 2149 4706 ts
2169 4681 2204 4694 -
2223 4655 2293 4708 Deus
2311 4655 2385 4720 punit

398 4745 479 4794 status
499 4741 644 4812 impiorum
672 4739 768 4794 dicitur
794 4755 851 4794 esse
872 4743 960 4794 lamus
978 4755 1037 4806 pro
1075 4745 1153 4796 tatem
1173 4743 1276 4796 virtutis
1295 4739 1346 4796 787
1367 4741 1395 4808 7-
1422 4749 1424 4754 ·
1748 4739 1894 4796 7777777777
1916 4743 1947 4792 78
1967 4741 2001 4794 37

398 4835 457 4896 7777
474 4829 605 4882 77777777
632 4827 857 4894 7777777777777,
882 4829 1038 4882 assimilatur
1128 4833 1263 4884 7777777777
1281 4857 1317 4870 -
1334 4831 1435 4882 malum
1452 4835 1494 4884 est
1511 4829 1668 4884 maledicere
1681 4829 1712 4882 Vi
1803 4831 1948 4882 7777777777
1967 4835 2061 4882 -esi
2078 4831 2172 4896 culpae
2189 4831 2234 4884 Vll
2252 4831 2286 4884 73
2307 4831 2385 4884 77-

398 4919 472 4970 77777
489 4923 597 4984 7777777
617 4919 760 4982 inquietam
784 4919 921 4972 irascibilis
941 4925 1038 4984 pertur-
1076 4921 1109 4970 83
1129 4935 1155 4974 7.
1175 4919 1208 4972 70
1750 4917 1815 4972 dura
1832 4919 1936 4982 expellit
1953 4919 2042 4972 cordis
2060 4919 2183 4970 duritiam
2201 4919 2248 4972 777
2272 4919 2308 4972 77

398 5007 547 5070 77777777,
567 5007 692 5060 7777777777
709 5013 818 5076 propter
829 5007 1039 5076 concupiscibilis
1130 5011 1299 5062 7777777777
1322 5033 1358 5048 -
1382 5009 1491 5074 Propter
1508 5007 1711 5072 imprudentiam
1803 5005 1936 5060 —debet
1958 5007 2013 5060 lieri
2039 5021 2085 5072 per
2114 5007 2307 5072 correptionem
2324 5009 2388 5062 arni·

389 5097 648 5162 7777777777777,
677 5097 731 5150 adri
758 5103 866 5166 propter
888 5099 1040 5152 intentionis
1077 5101 1157 5152 bomo
1178 5097 1349 5162 deprimitur,
1370 5103 1393 5150 ct
1412 5099 1477 5150 alins
1496 5097 1667 5152 exaltaturVi
1682 5097 1707 5150 71
1750 5094 1863 5150 cubilem
1889 5095 1935 5148 ilii
1964 5095 2013 5148 773
2036 5097 2106 5148 8-
2123 5109 2177 5148 non
2194 5095 2274 5148 debet
2300 5097 2387 5150 777777

399 5187 574 5250 vacuitatem,
602 5187 684 5240 cineri
704 5191 813 5254 propter
830 5201 941 5252 operum
959 5189 1041 5241 inlru-
1076 5201 1104 5240 v.
1126 5187 1156 5240 73
1170 5215 1203 5226 -
1217 5185 1424 5252 imprudentiam
1443 5185 1562 5254 sequitur
1576 5187 1676 5238 maium
1688 5187 1713 5238 in
1751 5199 1782 5238 ex
1802 5183 1853 5248 ira,
1871 5185 1920 5236 sed
1937 5197 1967 5236 ex
1986 5183 2136 5250 clementia,
2162 5197 2212 5234 non
2233 5197 2262 5238 er
2280 5185 2386 5238 libidine

399 5275 579 5340 ctuositatem,
596 5275 661 5328 nubi
681 5275 796 5330 densiori
815 5281 923 5342 propter
942 5277 1041 5342 gratiae
1077 5275 1209 5342 praesenti
1231 5275 1263 5326 70
1281 5291 1309 5328 7.
1328 5275 1362 5326 73
1383 5303 1415 5314 —-
1435 5279 1473 5328 est
1487 5273 1623 5340 culpabilis
1634 5279 1661 5326 et
1674 5275 1715 5330 de·
1751 5271 1896 5338 vindictae,
1916 5273 1962 5324 sed
1982 5287 2010 5324 cx
2031 5285 2121 5324 amore
2141 5271 2252 5324 iustitiae
2270 5273 2333 5326 idid.
2354 5303 2387 5312 -

400 5363 610 5428 oppositionem,
624 5363 736 5416 nebulae
749 5363 840 5418 leviori
850 5369 957 5430 7777777
970 5379 1042 5418 men·
1079 5365 1195 5420 testanda
1214 5363 1276 5418 idid.
1752 5363 1778 5414 iu
1798 5361 1976 5426 increpatione
1994 5363 2060 5416 ordo
2078 5361 2225 5414 servandus
2243 5367 2283 5414 est
2300 5359 2333 5414 77.
2355 5363 2370 5414 3

400 5449 435 5504 777
452 5451 615 5514 elationem,
629 5453 739 5504 umbrae
758 5459 867 5520 propter
885 5453 1041 5508 exteriorem
1132 5455 1285 5506 7777777777
1305 5479 1339 5492 -
1359 5453 1583 5506 Aconsuetudine
1597 5453 1716 5518 perveni·
1806 5451 1954 5504 incunvnrro
1973 5477 2008 5490 -
2027 5451 2074 5502 l‘er
2094 5449 2300 5504 incurvationem
2315 5449 2389 5504 intel·

401 5537 597 5612 simulationem
618 5539 668 5592 770
689 5543 754 5594 ab
974 5573 977 5576 -
1069 5527 1122 5594 Ι777
1139 5543 1169 5594 in
1187 5541 1287 5606 peccati
1307 5541 1498 5606 impudentiam
1516 5543 1569 5594 339
1588 5543 1622 5594 30
1752 5539 1842 5606 ligitur
1862 5537 1971 5590 morbus
1990 5537 2115 5592 avaritiae
2132 5543 2159 5592 et
2177 5537 2326 5602 cupiditatis
2346 5537 2388 5590 Vii

453 5653 489 5666 -··
507 5625 629 5690 impietas
646 5627 734 5680 reddit
752 5629 889 5682 bominem
903 5629 1041 5694 stupidum
1131 5631 1281 5684 7777777777
1300 5655 1335 5668 -
1355 5629 1605 5696 bostisintelligitur
1622 5629 1648 5682 in
1672 5629 1717 5682 ad·
1754 5627 1807 5680 377
1820 5627 1855 5678 77
1867 5655 1902 5664 -·-
1915 5639 1969 5678 non
1983 5627 2043 5678 sinit
2060 5625 2191 5690 respicere
2209 5639 2313 5678 sursum
2326 5623 2390 5680 7777.

403 5715 431 5768 in
444 5717 535 5768 allecte
548 5713 680 5768 etdurum
693 5715 726 5766 Vi
741 5715 773 5768 39
787 5715 910 5768 7.77-
929 5715 1044 5770 Crudeli·
1079 5717 1201 5770 versitate
1220 5717 1254 5770 Vi
1272 5717 1323 5768 779
1339 5731 1368 5768 v.
1380 5715 1662 5782 te-rnpugnantes
1675 5731 1716 5768 ve·
1806 5717 1932 5768 77777777
1949 5741 1987 5754 -·
2003 5729 2145 5780 77777777
2160 5729 2243 5780 usque
2261 5715 2296 5768 ad
2313 5715 2389 5778 iilud,

401 5809 444 5858 ter
468 5803 549 5868 agere
572 5807 611 5854 est
635 5801 715 5868 impie
741 5797 820 5870 agere
844 5805 879 5856 60
896 5819 924 5856 v.
950 5801 983 5854 77
1007 5831 1043 5844 ·-·
1078 5805 1316 5870 ritatemagnitam
1334 5809 1505 5858 excaecantur
1524 5805 1614 5856 7777
1654 5839 1655 5842 ¹
1754 5805 1790 5858 ad
1815 5801 1887 5868 quod
1916 5813 1944 5854 se
1972 5801 2085 5854 extendit
2111 5803 2199 5854 iumen
2225 5801 2285 5854 fidei
2303 5803 2337 5854 Vl
2357 5801 2390 5852 37

402 5891 524 5958 impietas
536 5889 625 5942 reddit
636 5903 744 5942 caecum
758 5891 914 5944 intellectum
928 5891 999 5946 777.
1010 5893 1041 5944 78
1133 5893 1266 5946 7777777777
1283 5919 1320 5930 -
1337 5891 1414 5956 77777
1438 5897 1524 5944 777777
1544 5891 1593 5944 7777
1613 5891 1719 5956 promit·
1754 5907 1781 5958 q.
1801 5891 1815 5940 7
1834 5917 1869 5930 -
1886 5891 1953 5942 veile
1974 5891 2028 5962 iiia,
2054 5889 2088 5942 ad
2113 5903 2181 5954 qnae
2198 5895 2288 5942 nostra
2306 5889 2391 5956 inqui·

400 6009 440 6020 -
451 5981 573 6046 impietas
584 5979 672 6032 reddit
684 5979 818 6032 crudelem
827 5979 854 6030 in
865 5983 925 6032 actu
935 5977 997 6032 ibici.
1008 6007 1045 6018 -
1079 5981 1157 6034 tendo
1177 5979 1360 6044 impunitatem
1379 5979 1413 6032 Vl
1434 5981 1485 6030 778
1502 5993 1530 6032 7.
1553 5979 1584 6030 70
1754 5979 1813 6030 sitio
1831 5991 1884 6030 non
1904 5977 2042 6040 pertingit,
2060 5977 2169 6028 stultum
2188 5985 2229 6030 est
2245 5977 2308 6032 7777.

402 6071 501 6136 777777
519 6069 658 6122 comitatur
671 6081 752 6120 77777
763 6067 828 6120 77777
841 6069 927 6120 lamae
946 6065 998 6120 770
1016 6081 1044 6120 v.
1133 6071 1159 6122 in
1184 6095 1219 6104 -
1248 6067 1372 6132 importat
1394 6067 1523 6120 essentiae
1547 6065 1672 6120 unitatem
1692 6067 1719 6120 in
1808 6065 1952 6116 7777777777
1975 6091 2004 6102 -
2025 6063 2074 6130 Qui
2087 6077 2139 6116 non
2153 6061 2232 6116 habet
2243 6065 2316 6130 77777
2329 6065 2392 6128 uruit,

404 6159 434 6212 77
453 6187 488 6196 —-
508 6157 566 6212 Vita
583 6155 726 6222 impiorum
746 6155 876 6210 laboriosa
894 6161 935 6208 est
954 6155 1005 6208 779
1016 6169 1044 6206 v.
1080 6155 1176 6210 divinis
1193 6167 1255 6208 cum
1273 6155 1491 6210 distinctioneVi
1511 6153 1561 6206 739
1582 6155 1615 6206 70
1756 6153 1876 6206 777777777
1895 6151 2048 6218 indignatur
2065 6151 2101 6202 Vi
2120 6151 2154 6200 79
2174 6165 2198 6202 7.
2221 6153 2251 6202 78
2271 6179 2307 6190 -
2325 6151 2395 6216 parit

404 6247 435 6300 77
452 6275 488 6286 ·-
507 6247 603 6300 Omnes
623 6245 696 6310 77777
716 6249 776 6296 7777
796 6245 885 6298 777777
903 6243 954 6296 703
971 6243 1044 6296 7.78
1134 6247 1270 6298 lucianum
1288 6271 1322 6284 -
1342 6243 1405 6296 dicit
1429 6245 1557 6296 actionem
1577 6249 1604 6296 et
1621 6243 1721 6296 relatio·
1755 6241 1821 6306 legis
1840 6239 1944 6294 divinae
1964 6237 2196 6304 transgressionem
2227 6239 2268 6290 Vll
2290 6239 2340 6290 373
2359 6241 2393 6290 78

401 6361 441 6374 -
467 6341 578 6386 777777
597 6335 688 6386 utilem
714 6347 764 6386 nec
787 6333 942 6386 damnosam
971 6337 1046 6398 77777
1080 6347 1141 6386 777
1162 6334 1196 6386 Vl
1215 6334 1266 6386 370
1289 6331 1424 6386 73-777
1441 6331 1722 6398 praefigurandamin·
1755 6359 1793 6370 —
1810 6329 1890 6380 77777
1904 6333 1943 6380 777
1956 6329 1982 6382 77
1994 6329 2073 6382 multa
2087 6325 2213 6390 sapientia
2226 6325 2256 6376 Vi
2273 6329 2393 6380 797-,73

405 6421 457 6472 777
488 6437 513 6472 v.
543 6423 575 6474 76
600 6419 763 6474 -intendit
789 6433 888 6486 negare
916 6419 1046 6474 internum
1081 6421 1259 6474 carnationem
1272 6419 1611 6476 dicitursoiretrocessisse
1628 6419 1721 6474 decem
1809 6419 1905 6470 inorenr
1920 6425 1959 6456 2-
1979 6425 2039 6470 sunt
2061 6415 2109 6482 qui
2135 6413 2289 6468 haesitando
2306 6421 2394 6480 postu·

405 6509 456 6559 778
477 6509 534 6560 7.7
560 6535 592 6544 -
617 6509 739 6560 desinunt
764 6521 823 6560 esse
846 6509 970 6564 continuo
999 6523 1047 6576 per
1080 6509 1155 6562 lineis
1175 6509 1218 6562 ilii
1240 6509 1292 6562 387
1313 6509 1344 6560 76
1370 6537 1405 6550 -
1430 6509 1572 6562 incarnatio
1594 6509 1722 6576 liguratur
1756 6509 1824 6568 iant,
1844 6505 1905 6572 quia
1935 6505 1971 6560 de
1997 6503 2115 6572 largitate
2142 6503 2188 6554 Dei
2215 6503 2337 6558 diffidunt
2360 6505 2395 6558 Vl

363 6623 364 6626 ¹
404 6595 532 6660 peccandi
551 6595 762 6650 accelerationem
784 6597 830 6650 777
854 6613 880 6650 v.
902 6599 981 6650 73-
995 6599 1046 6650 7777
1082 6599 1110 6650 77
1127 6595 1194 6650 rubo
1207 6599 1376 6652 7777777373
1391 6597 1425 6650 77
1442 6597 1504 6652 Virta
1515 6611 1542 6652 e.
1556 6595 1678 6652 07777777
1690 6593 1721 6654 2.
1757 6595 1845 6650 7709
2092 6669 2093 6672 ¹

403 6689 433 6734 et
450 6683 557 6734 faciliter
575 6689 645 6736 extra
669 6683 795 6736 terminos
813 6687 882 6740 77777
900 6687 1047 6752 7777777777
1135 6715 1172 6724 -
1190 6689 1216 6740 in
1241 6687 1418 6740 incarnatione
1444 6685 1539 6740 Christi
1566 6687 1635 6738 unita
1663 6691 1723 6740 sunt
1811 6685 1973 6740 innascituras
1997 6711 2034 6726 -ι-
2056 6683 2196 6736 ludiscrete
2222 6695 2274 6734 uon
2293 6689 2333 6734 est
2351 6697 2399 6736 ro-

405 6775 434 6822 77
450 6777 572 6824 aeternae
584 6777 714 6836 ponentur
735 6773 745 6824 7
754 6773 786 6826 73
806 6789 831 6828 7.
852 6779 885 6830 77
1082 6775 1135 6830 777
1165 6777 1287 6830 summis-
1302 6779 1331 6830 lii
1354 6779 1403 6830 760
1424 6791 1448 6830 7.
1470 6779 1480 6830 7
1502 6777 1585 6830 -in
1605 6777 1722 6830 incarna-
1755 6773 1872 6830 rendum
1895 6777 1927 6832 Vl
1946 6775 1980 6830 77
1997 6791 2025 6842 q.
2045 6777 2055 6828 7
