5900 8266
621 689 684 754 494

618 863 650 928 in
667 879 730 946 qua
745 857 906 924 habitabat
921 859 1024 928 trihus
1041 859 1131 934 luda,
1149 857 1198 922 cai
1218 859 1391 940 promissus
1403 865 1471 926 erat
1486 857 1576 922 Chri

618 973 703 1044 stus,
728 963 902 1030 secundnm
925 963 1002 1030 illud
1028 963 1137 1030 Psalmi
1153 967 1183 1026 1:
1207 989 1222 1018 a
1238 965 1276 1030 Et
1292 963 1409 1030 tribum
1426 963 1575 1048 Ephraim

618 1089 680 1136 non
705 1067 813 1152 elegit,
839 1067 893 1132 sed
915 1067 1007 1152 elegit
1026 1067 1143 1132 tribum
1160 1067 1281 1132 luda».
1300 1105 1341 1114 -
1357 1067 1469 1152 Tangit
1484 1073 1515 1154 et
1532 1067 1576 1132 ei-

617 1173 750 1240 oitatem
782 1173 909 1260 reptem
934 1171 1190 1252 interemtam,
1215 1173 1271 1240 ubi
1293 1171 1431 1240 maxime
1457 1171 1578 1240 habita-

616 1281 693 1348 bant
716 1279 876 1358 doctores‚
902 1279 1074 1348 secundnm
1099 1279 1176 1346 illud
1201 1277 1295 1348 lsaiae
1319 1279 1477 1348 secundo:
1500 1281 1577 1348 «De

617 1387 690 1452 Sion
714 1383 814 1452 exibit
839 1387 909 1462 lex,
939 1392 971 1452 et
992 1385 1127 1452 verbam
1151 1385 1274 1452 Domini
1296 1385 1336 1452 de
1358 1383 1575 1452 Ierusalem».

618 1527 660 1540 --
684 1489 721 1556 nt
743 1489 904 1576 signanter
926 1491 1004 1558 haec
1029 1491 1089 1558 tria
1111 1489 1269 1570 nominat,
1292 1491 1367 1578 qnia
1391 1491 1420 1556 in
1443 1489 1577 1558 Galilaea

617 1597 763 1662 Christus
785 1597 999 1684 concipitur,
1016 1597 1096 1664 sieut
1112 1613 1212 1680 supra
1233 1597 1385 1682 prim023
1409 1597 1441 1663 in
1464 1595 1576 1664 ledaea

617 1703 790 1782 44444444,
813 1703 896 1770 sicut
910 1721 1008 1788 supra
1024 1702 1178 1780 secundm
1196 1703 1296 1770 sedin
1315 1703 1481 1770 Ierusalem
1499 1723 1576 1770 era·-

618 1807 785 1894 44444444,
810 1809 891 1876 siout
913 1807 994 1874 inira
1018 1807 1167 1894 vigesimo
1193 1809 1432 1876 tentantium
1455 1811 1577 1878 habita-

618 1915 741 1982 toribus
765 1915 880 1982 horum
903 1915 1002 1982 triam
1025 1915 1166 1988 locorum
1192 1921 1260 1982 erat
1282 1915 1428 1984 Christus
1443 1917 1576 2002 promis-

618 2039 690 2100 sus,
714 2025 745 2086 et
768 2021 827 2106 ipsi
847 2039 920 2086 eum
938 2023 1179 2106 exspectabant,
1196 2029 1227 2088 et
1243 2023 1313 2088 idea
1328 2023 1365 2088 ad
1383 2023 1486 2106 ipsum
1503 2041 1575 2090 coa-

618 2125 793 2194 veniebant.
1205 2183 1209 2194 .

706 2233 759 2300 43.
784 2233 927 2302 Secundo
950 2251 1025 2302 rero
1049 2233 1086 2300 ad
1111 2233 1317 2302 denotandam
1338 2233 1575 2320 promptitudi-

492 2357 691 2408 secutionem
713 2339 848 2406 44444444
873 2339 1044 2406 liberantis
1067 2339 1228 2426 adiungit:
1255 2343 1294 2406 ut
1315 2341 1425 2406 444444
1444 2341 1576 2408 Domini

617 2455 707 2524 erat,
740 2447 857 2512 scilicet
887 2451 1050 2530 prompta,
1073 2447 1119 2512 act
1140 2449 1335 2512 sanandam
1362 2467 1433 2526 444,
1457 2447 1575 2514 seilicet

617 2551 776 2630 infirmos,
801 2551 876 2638 quia
897 2551 956 2636 ipsi
980 2557 1070 2618 erant
1093 2551 1230 2636 prompti
1254 2551 1292 2618 ad
1309 2551 1508 2620 audiendam.
1529 2551 1574 2620 De

617 2677 681 2742 qua
702 2657 820 2724 virtute
851 2657 889 2724 ad
921 2659 1074 2726 Hebraeos
1100 2657 1249 2742 primoss:
1277 2683 1294 2716 «
1311 2659 1440 2726 Portans
1470 2657 1575 2724 omnia

617 2763 713 2830 verbo
737 2763 864 2832 virtutis
886 2781 1008 2844 suae.»;
1034 2783 1116 2850 quae
1138 2765 1265 2848 quidem
1290 2765 1399 2832 444444
1423 2773 1470 2832 est
1486 2765 1575 2830 Chri-

617 2877 702 2950 stus
727 2871 780 2956 qai
805 2881 852 2938 est
875 2871 1013 2938 Verbum
1039 2871 1154 2950 Patris3
1178 2873 1305 2956 primae¹
1328 2873 1368 2938 ad
1397 2871 1574 2940 Corinthios

617 2979 740 3064 primo:
769 3005 784 3036 «
798 2967 960 3044 'Christum
986 2977 1120 3046 dicimus
1143 2977 1199 3046 Dei
1223 2977 1373 3044 virtutem
1396 2985 1429 3044 et
1450 2977 1503 3044 Dei
1526 2995 1574 3044 sa-

453 3101 598 3154 Virtusanta-
617 3083 811 3172 pientiam».
845 3085 880 3148 Et
911 3085 988 3150 haec
1010 3083 1120 3150 at'rtaa
1143 3091 1225 3168 apta
1248 3091 1296 3150 est
1318 3081 1358 3148 ad
1380 3083 1573 3162 sanandum,

610 3209 679 3258 ‘uon
701 3191 741 3258 ad
763 3189 980 3276 perdendam3
1008 3194 1041 3256 et
1063 3189 1131 3256 ideo
1156 3207 1270 3256 nomen
1301 3189 1368 3256 eius
1391 3197 1440 3256 est
1466 3191 1573 3268 44444,

616 3297 648 3364 id
672 3303 719 3364 est
742 3299 882 3364 Salvator
895 3297 918 3360 4.
935 3295 1022 3364 Unde
1038 3295 1265 3376 animasanota
1282 3295 1311 3362 io
1329 3297 1469 3364 Psalmo:
1487 3323 1501 3354 «
1514 3295 1574 3362 Do-

615 3403 698 3470 mine
730 3403 831 3484 Deus,
863 3403 966 3470 virtus
996 3401 1107 3470 salutis
1130 3419 1234 3478 meae,
1257 3401 1454 3470 obumbrasti
1479 3421 1575 3486 snper

616 3517 711 3596 eaput
734 3529 840 3576 meam
864 3509 895 3574 in
920 3509 969 3576 die
992 3509 1064 3576 belli
1082 3535 1098 3568 »
1126 3515 1184 3576 eta.
1211 3509 1245 3574 Et
1269 3509 1338 3576 ideo
1361 3511 1494 3576 hctaum
1520 3509 1575 3576 de-

616 3617 717 3684 cimo:
746 3643 762 3676 «
779 3617 875 3684 Uonit
899 3633 971 3682 eum
994 3615 1080 3684 Deus
1103 3613 1221 3700 Spiritu
1238 3623 1346 3682 sancto
1360 3625 1393 3682 et
1410 3617 1528 3682 virtute
1542 3643 1575 3694 4,

613 3725 717 3790 idest
746 3725 864 3791 virtute
896 3723 1032 3810 Spiritus
1058 3721 1175 3802 sanati,
1205 3747 1221 3780 4
1237 3721 1291 3808 qai
1314 3723 1497 3808 pertransiit
1522 3723 1575 3790 be·-

614 3829 795 3898 nefaoiendo
826 3837 857 3898 et
889 3829 1026 3898 sanando
1049 3847 1158 3898 amnes
1179 3847 1347 3914 oppressos
1362 3857 1378 3888 »
1407 3831 1488 3898 liano
1513 3831 1576 3898 vir-

615 3943 716 4006 tutem
730 3945 921 4024 promptam
938 3937 1040 4006 reddit
1054 3937 1133 4004 tides
1157 3937 1370 4018 credentiam3
1396 3937 1478 4006 unde
1494 3937 1577 4006 inira

337 4091 338 4094 ,
451 4041 753 4110 Virtusque-sento5:
784 4043 1110 4120 «santabarenum
1142 4041 1288 4108 audirent
1319 4059 1392 4108 eum
1409 4067 1440 4120 »;
1469 4067 1484 4100 4
1502 4043 1577 4128 quia

504 4111 549 4162 ota·
638 4149 644 4160 .
803 4151 809 4162 .
922 4149 927 4160 .

614 4159 718 4216 virtus
740 4151 780 4216 de
802 4151 855 4216 illo
878 4149 985 4216 exibat
1009 4154 1040 4216 et
1062 4149 1191 4216 sanabat
1222 4167 1331 4216 ornnes
1346 4173 1377 4230 »3
1407 4149 1461 4216 sed
1483 4167 1576 4216 econ-

615 4261 665 4324 tra
688 4249 803 4324 dicitur
827 4255 864 4324 de
890 4255 1014 4324 civitate
1043 4275 1099 4324 sua
1130 4257 1277 4324 llatthaei
1308 4255 1429 4324 decimo
1461 4257 1575 4324 tertio:

620 4389 636 4422 α
651 4365 717 4430 Non
740 4365 814 4432 lecit
844 4363 887 4428 ibi
917 4363 1052 4432 virtutes
1076 4363 1191 4430 multas
1221 4369 1350 4450 propter
1376 4363 1576 4432 incredulita-

616 4475 677 4538 tem
702 4489 813 4538 eorum
830 4497 859 4534 ».
1175 4543 1177 4546 ,

704 4579 757 4642 44.
776 4579 876 4662 (Vers.
897 4575 970 4660 l8.).
989 4575 1092 4644 Tertio
1108 4595 1185 4644 vero
1201 4577 1239 4642 ad
1255 4577 1478 4646 ostendendam
1494 4597 1576 4664 pra-

518 4691 597 4734 rena.
617 4685 763 4752 44444444
785 4683 895 4750 raorbt'
917 4683 1135 4768 opprimeretis
1149 4683 1308 4770 adiungit:
1334 4687 1374 4750 ut
1396 4703 1483 4764 4444,
1509 4685 1578 4750 oiri

613 4799 784 4880 portantes
808 4791 843 4858 ia
869 4789 945 4858 tecto
968 4789 1150 4872 4444444444,
1175 4789 1234 4878 qttt'
1250 4801 1323 4858 erat
1341 4791 1575 4878 paralyticam

500 4895 503 4900 ’
617 4903 648 4966 44
662 4897 705 4964 ita
720 4897 846 4964 omnino
860 4897 1032 4980 impotens,
1046 4897 1121 4984 qnia
1133 4897 1284 4984 paralysis
1297 4897 1424 4964 omnino
1436 4897 1576 4964 dissolvit

617 5005 834 5072 membrorum
857 5003 1026 5084 virtatem,
1052 5005 1134 5072 sicut
1156 5003 1272 5090 legitur
1289 5005 1327 5070 de
1343 5005 1458 5072 Atalmo
1482 5005 1575 5088 primi

616 5109 878 5176 blachabaeorum
907 5111 1037 5176 nonai:
1068 5137 1083 5170 «
1100 5109 1270 5178 Ooolusum
1295 5115 1341 5176 est
1366 5129 1398 5178 as
1427 5109 1513 5190 eius,
1545 5117 1575 5178 et

616 5217 787 5284 dissolutus
818 5223 864 5284 est
893 5219 1028 5302 paralysi
1061 5235 1119 5284 nec
1149 5217 1235 5284 ultra
1262 5219 1365 5302 potuit
1388 5217 1473 5302 loqui
1504 5237 1575 5286 ner-

617 5323 693 5394 bum
709 5351 741 5390 ».
772 5325 882 5410 Magna
908 5341 984 5392 rere
1014 5323 1183 5392 infirmitas
1213 5333 1244 5392 et
1266 5323 1461 5404 miseranda,
1494 5343 1575 5412 qaae

617 5435 738 5498 motum
761 5429 842 5496 tellit
858 5437 888 5498 et
904 5431 1049 5498 verbnm.
1075 5433 1116 5496 Et
1130 5431 1166 5498 44
1184 5431 1259 5498 aeto
1275 5431 1478 5516 portabatur,
1493 5449 1573 5512 oon,

617 5537 762 5622 inquam,
786 5539 818 5602 in
842 5533 923 5604 lecto
945 5537 1077 5622 quietis,
1103 5537 1158 5604 sed
1188 5539 1294 5622 potius
1324 5537 1440 5606 laboris
1467 5543 1498 5604 et
1520 5539 1574 5604 do-

616 5643 690 5710 loris
703 5669 711 5722 ;
743 5645 827 5710 unde
859 5649 981 5730 poterat
1010 5643 1050 5710 de
1080 5661 1118 5712 eo
1140 5643 1247 5710 orari:
1277 5645 1459 5710 «Dominus
1484 5663 1573 5730 opem

616 5751 694 5818 ferat
718 5749 761 5816 illi
786 5767 882 5836 saper
914 5751 1031 5816 lectam
1055 5749 1172 5816 doloris
1194 5749 1262 5816 eius
1279 5775 1294 5808 >›
1323 5755 1380 5816 etc.
1408 5749 1574 5834 Propterea

1313 5939 1503 5946 -—....-—-

686 6043 695 6076 ²
716 6045 810 6100 Psalm.
827 6043 877 6110 77,
898 6043 939 6098 67.
960 6073 993 6082 -
1013 6043 1130 6098 Subinde
1149 6043 1275 6108 allegatur
1294 6045 1350 6098 lsai.
1375 6047 1404 6110 9,
1424 6043 1448 6094 3.

686 6131 696 6164 ⁹
718 6135 792 6188 Vers.
811 6135 860 6200 96,
878 6139 939 6200 post
956 6147 1038 6200 quem
1057 6135 1089 6198 9,
1109 6133 1132 6186 l.
1153 6135 1244 6200 4493,
1265 6133 1307 6186 33.

685 6219 696 6252 ⁸
716 6223 792 6276 Vers.
809 6223 834 6274 3.
854 6251 889 6262 -
909 6221 1033 6288 Sequitur
1051 6223 1068 6274 l.
1088 6219 1146 6274 Cor.
1169 6223 1191 6282 l,
1211 6221 1252 6274 94.

684 6307 765 6364 ‘Cla
785 6325 864 6376 snpra
884 6325 945 6378 pag.
965 6309 1012 6376 87,
1032 6313 1092 6362 nota
1111 6309 1136 6360 9.
1154 6335 1189 6348 -·
1209 6309 1266 6360 Doo
1285 6323 1358 6376 seqq.
1383 6307 1434 6360 loci
1453 6313 1513 6360 sont
1531 6309 1572 6360 Ps.
1601 6287 1603 6290 ⁵

617 6401 681 6466 439,
702 6401 727 6454 8.
746 6405 772 6454 et
789 6401 845 6454 444.
866 6403 913 6464 lb,
933 6397 975 6448 38.
995 6427 1031 6438 -
1049 6397 1176 6462 Superius
1205 6411 1252 6460 pro
1276 6401 1341 6464 apta
1359 6399 1398 6450 est
1415 6397 1464 6448 BF
1478 6409 1575 6464 prom-

611 6493 660 6560 pta
679 6493 791 6634 {StVers
810 6579 852 6632 48.
872 6585 898 6632 44
919 6573 960 6628 49.
977 6601 1014 6614 -
1032 6571 1151 6628 Subinde
1168 6573 1293 6640 allegatur
1313 6575 1401 6626 blatth.
1417 6573 1464 6638 l3‚
1477 6575 1521 6628 69.
1538 6601 1575 6612 -

614 6669 724 6722 lnlerius
741 6681 791 6732 pro
809 6667 843 6722 de
860 6663 967 6722 44444444
985 6675 1038 6716 aaa
1056 6659 1198 6716 ACDFG
1219 6661 1245 6714 t'a
1266 6659 1370 6714 civitate
1389 6661 1575 6726 4444441444-

614 6775 732 6826 congrue
751 6759 773 6812 si
791 6757 917 6820 retinetur
936 6751 1097 6804 vocabulum
1116 6749 1161 6804 tat.

685 6847 696 6878 ⁶
716 6847 789 6902 Vens.
808 6847 852 6902 55.
869 6873 906 6886 -
924 6841 1047 6906 Sequitur
1066 6841 1106 6892 Ps.
1127 6841 1175 6902 44,
1197 6841 1221 6892 4.

686 6937 695 6968 ²
717 6937 790 6992 Vens.
810 6941 836 6990 9.
854 6967 889 6974 -
910 6933 966 6984 Duo
984 6943 1059 6996 seqq.
1087 6928 1136 6982 loci
1160 6935 1221 6982 suot
1238 6929 1316 6982 Eroti.
1337 6927 1386 6994 44,
1406 6927 1447 6978 ta.
1467 6933 1492 6982 et
1518 6925 1573 6980 lsai.

616 7031 649 7084 49
658 7071 664 7096 ,
685 7033 726 7084 99.

1219 683 1412 750 cantarunt.
1437 685 1475 750 IN
1499 683 1735 750 annuentium
1759 681 1875 748 tuctu
1901 681 1929 746 C.
1958 681 1989 746 V.

1640 857 1883 926 misericorditer
1906 857 2038 942 agebant
2060 857 2139 936 riri,
2162 859 2217 942 qui
2240 877 2314 926 enm
2339 857 2523 940 portabant,
2547 871 2595 920 se·

1640 963 1779 1030 eundum
1808 963 2034 1030 documentum
2064 963 2199 1054 Apostoli
2229 967 2269 1032 ad
2298 961 2421 1030 Galatas
2456 965 2547 1030 sexto
2561 961 2594 1028 ⁷:

1645 1069 1760 1134 «hlter
1790 1069 1920 1138 alterius
1952 1087 2046 1136 onera
2078 1075 2248 1154 portate»;
2279 1069 2363 1136 unde
2397 1074 2521 1156 poterat
2551 1069 2595 1136 eis

1640 1179 1816 1260 competere
1847 1173 1923 1240 illud
1956 1173 2158 1242 Ecclesiastioi
2191 1175 2429 1260 quadragesimo
2459 1179 2594 1261 quarto:

1645 1283 1711 1348 «Hi
1742 1287 1817 1348 snnt
1846 1281 1905 1348 tiri
1935 1283 2185 1360 inisericordiae,
2209 1301 2345 1370 quorum
2371 1285 2502 1370 pietates
2531 1301 2594 1350 non

1639 1387 1807 1456 defuerant
1830 1411 1860 1468 »;
1893 1397 1923 1456 et
1953 1389 2015 1456 iam
2046 1391 2226 1456 verificatur
2259 1391 2288 1456 in
2321 1390 2379 1456 hoc
2405 1389 2487 1456 iacto
2518 1387 2594 1456 illud

1640 1495 1733 1562 lsaiae
1758 1495 1997 1580 quadragesimo
2024 1513 2128 1562 nono:
2157 1521 2173 1554 «
2190 1495 2325 1564 ltierent
2353 1495 2435 1564 tilios
2465 1503 2536 1562 taos
2564 1495 2594 1562 in

1640 1601 1722 1666 alnis
1745 1607 1776 1666 et
1799 1601 1880 1666 [ilias
1902 1605 1971 1666 tuas
1997 1619 2091 1684 super
2116 1603 2265 1670 humeros
2288 1601 2458 1686 portabunt
2475 1627 2505 1666 ».

1727 1707 1780 1772 ab.
1807 1709 1925 1792 Quarto
1949 1723 2023 1774 vero
2047 1707 2085 1774 ad
2101 1707 2319 1774 insinuandam
2342 1697 2595 1774 solticitudinem
2615 1723 2701 1778 auaro.

1638 1813 1716 1900 patet
1739 1811 1901 1900 4444444444
1926 1813 2108 1898 subiungit:
2141 1815 2182 1880 nt
2210 1813 2414 1906 quaerebant
2440 1831 2514 1882 4444
2546 1813 2595 1880 44-

1638 1919 1728 2006 44444
1752 1927 1781 1984 44
1800 1939 1922 2006 ponere
1945 1929 2019 1986 4444
2034 1939 2136 2012 ¹tratre,
2160 1927 2197 1986 at
2219 1919 2336 1988 scilicet
2357 1939 2397 1988 ex
2414 1921 2484 1988 eins
2505 1937 2596 2006 prae-

1639 2025 1738 2092 sentia
1767 2033 1943 2092 sanaretur.
1967 2023 2056 2092 Unde
2077 2025 2223 2092 volebant
2247 2025 2378 2110 implere
2400 2025 2596 2092 exhortatio-

1638 2149 1709 2198 nem
1736 2131 1846 2196 Psalmi
1861 2131 1893 2196 8:
1922 2131 2101 2214 «Quaerite
2117 2131 2285 2196 Dominam
2302 2137 2331 2198 et
2350 2131 2595 2212 confirmamini;

1638 2237 1781 2322 quaerite
1812 2239 1922 2304 taciem
1945 2235 2013 2304 eius
2038 2255 2161 2322 semper
2177 2263 2206 2302 4,
2232 2239 2294 2304 Nec
2316 2239 2490 2318 immerito,
2521 2237 2596 2324 qaia

1637 2347 1691 2412 lob
1712 2345 1833 2412 decimo
1858 2347 2008 2430 septimo:
2040 2371 2056 2404 «
2071 2347 2181 2412 hibera
2204 2363 2271 2424 me,
2297 2345 2444 2424 Domine,
2470 2353 2499 2412 et
2514 2363 2595 2432 pone

1637 2467 1688 2516 me
1710 2449 1803 2518 iaxta
1824 2457 1874 2530 te,
1897 2457 1929 2518 et
1950 2449 2091 2518 cuiusvis
2111 2467 2223 2548 manps
2239 2455 2358 2536 pugnet
2372 2455 2483 2518 contra
2498 2467 2548 2518 me
2563 2477 2595 2512 »-

1727 2557 1780 2624 44.
1806 2559 1906 2638 (Vers.
1935 2557 2008 2636 49,).
2036 2557 2070 2624 94
2085 2559 2161 2644 quia
2176 2557 2340 2644 quaerenti
2356 2575 2413 2642 per
2428 2557 2522 2624 tidem
2539 2557 2597 2624 im-

1637 2663 1815 2750 pedimenta
1845 2665 2027 2752 frequenter
2054 2671 2244 2742 occurrant,
2269 2665 2339 2732 ideo
2363 2665 2531 2732 subditur:
2555 2665 2598 2730 Et

1637 2791 1703 2836 4444
1728 2771 1941 2848 4444444444,
1975 2789 2042 2858 qua
2070 2779 2169 2854 parte
2197 2767 2362 2856 444444444
2388 2773 2488 2838 eaoa9
2510 2791 2597 2858 prae

1637 2877 1761 2954 tra·ba‚·
1785 2893 1866 2962 quae
1889 2875 1968 2944 solet
1990 2875 2141 2962 impedire
2165 2875 2333 2942 adventum
2357 2877 2396 2942 ad
2420 2877 2747 2958 Christumpmpoamea

1637 2983 1720 3048 siout
1736 2981 1852 3048 dicitnr
1868 2981 2012 3046 Matthaei
2030 2981 2178 3066 vigesimo
2194 2989 2226 3048 et
2241 2983 2322 3048 inira
2339 2983 2460 3050 decimo
2475 2991 2595 3064 octavo,
2613 2955 2742 3000 ‘emm'em'

1637 3087 1723 3172 qood
1751 3115 1767 3146 «
1785 3079 1896 3154 turbae
1919 3085 2121 3172 increpabant
2146 3103 2292 3168 caecam,
2317 3097 2354 3154 nt
2369 3095 2487 3156 taceret
2502 3115 2534 3168 »;
2551 3089 2596 3156 sio

1637 3199 1669 3262 et
1692 3195 1862 3274 Zachaeus,
1886 3193 1968 3260 inira
1988 3193 2109 3262 decimo
2132 3211 2231 3272 nono,
2261 3219 2277 3252 a
2293 3195 2465 3280 quaerebat
2489 3195 2596 3264 videre

1638 3301 1757 3382 lesum,
1790 3307 1821 3366 et
1852 3317 1914 3366 non
1944 3307 2067 3384 poterat
2098 3319 2172 3386 prae
2197 3301 2338 3368 turba».
2363 3301 2487 3370 -Sed
2513 3309 2595 3370 certe

1637 3425 1744 3474 reram
1770 3407 1862 3474 fidem
1886 3405 2106 3490 impedimenta
2129 3425 2191 3472 oon
2216 3407 2401 3486 retrahunt,
2417 3407 2472 3474 sed
2486 3425 2596 3476 accen-

1637 3513 1737 3592 dant3
1762 3515 1791 3582 io
1817 3511 1908 3580 coins
1938 3511 2150 3580 testimoniam
2174 3513 2341 3584 subditur:
2366 3515 2596 3580 Aeaeoderaot

1637 3639 1745 3706 capra
1778 3625 1896 3686 44444444
1919 3627 1949 3686 at
1967 3639 2028 3704 per
2059 3619 2185 3706 tepulae
2208 3619 2435 3688 arabotiseraot
2462 3619 2558 3686 444444
2572 3621 2596 3660 ¹⁰

1640 3745 1716 3794 44444
1739 3727 1825 3794 teoto.
1850 3727 1899 3792 Sic
1921 3735 1953 3794 et
1976 3727 2136 3794 Zachaeus
2159 3725 2252 3806 secit',
2275 3727 2355 3796 sieut
2379 3727 2495 3794 dieitur
2516 3727 2597 3794 infra

1639 3835 1760 3902 decimo
1783 3853 1881 3914 nono,
1906 3833 1989 3918 quod
2019 3833 2189 3900 «aseendit
2219 3835 2251 3900 in
2282 3835 2427 3902 arborem
2456 3851 2597 3916 sycomo-

1640 3959 1730 4018 rum,
1764 3947 1798 4006 ut
1831 3941 1931 4006 lesum
1963 3947 2178 4006 transeuntem
2203 3941 2323 4006 rideret
2338 3967 2370 4020 4,
2395 3955 2488 4024 quem
2521 3957 2595 4024 prae

1640 4045 1734 4112 turba
1751 4045 1856 4112 ridere
1874 4063 1935 4110 noa
1952 4051 2084 4128 poterat.
2102 4081 2143 4094 ·-·-
2161 4045 2288 4112 Talibus
2304 4045 2503 4113 adiutoribus
2516 4043 2596 4110 indi·
2625 4063 2736 4128 triptota

1640 4153 1729 4240 gebat
1762 4153 1812 4218 ille
1844 4151 2028 4236 languidas,
2066 4149 2120 4236 qai
2151 4151 2273 4218 dicebat
2308 4151 2429 4218 loannis
2463 4121 2747 4236 quinto:s¹ti·{⁴1¹t¹r¹r'a'¹oi‘²ii

1646 4259 1826 4338 «Domine,
1849 4259 2008 4324 hominem
2031 4277 2093 4324 non
2118 4257 2235 4338 haheo,
2264 4257 2336 4344 qui,
2370 4277 2442 4326 cunt
2470 4259 2596 4326 turbata
2615 4225 2741 4282 ⁵p¹¹⁸¹m³1e⁸'

1640 4365 1735 4432 luerit
1760 4383 1857 4450 aqua,
1890 4369 1985 4450 ponat
2012 4383 2063 4432 me
2083 4363 2118 4432 in
2141 4365 2290 4450 piscinam
2309 4393 2337 4430 4.
2364 4365 2452 4432 'Pales
2475 4365 2596 4432 adiuto-

1640 4489 1692 4538 res
1726 4477 1800 4538 sant
1835 4469 1893 4534 viri
1928 4469 2110 4554 simptteea,
2142 4471 2316 4538 secundnm
2347 4471 2432 4556 qood
2462 4471 2595 4538 heluam

1640 4595 1722 4642 nono
1736 4577 1762 4616 ¹1
1784 4573 1922 4642 dicitur:
1945 4601 1959 4634 4
1976 4573 2166 4660 accipientes
2183 4575 2325 4662 discipuli
2342 4575 2474 4642 Paulum
2491 4581 2594 4656 noete,

1640 4699 1841 4768 parmarum
1859 4681 2045 4750 dimiserant
2061 4699 2151 4762 eum,
2169 4683 2388 4750 submittentes
2399 4681 2433 4748 in
2444 4687 2553 4768 sporta
2564 4709 2594 4750 4.

1640 4789 1728 4856 Tales
1752 4793 1825 4856 sunt
1847 4789 1907 4856 tiri
1932 4789 2142 4874 4444444444,
2168 4789 2220 4876 qui
2240 4789 2380 4858 infirmos
2400 4807 2457 4874 per
2481 4789 2596 4858 oratio-

1639 4915 1710 4962 nem
1744 4895 1867 4960 Domini
1897 4897 2076 4978 conspectui
2109 4903 2364 4982 repraesentant3
2393 4896 2594 4964 Threnorum

1639 5003 1797 5070 secundo:
1827 5029 1843 5062 «
1860 5003 1989 5068 Effunde
2011 5003 2093 5068 sicat
2116 5021 2230 5088 aquam
2253 5011 2415 5070 cortuum
2435 5011 2506 5070 ante
2523 5023 2596 5072 oon-

1640 5117 1782 5196 spectum
1806 5109 1929 5176 Domini
1952 5109 2007 5176 Dei
2031 5109 2087 5176 tui.
2113 5113 2192 5178 Lena
2215 5129 2327 5178 manus
2357 5117 2426 5178 tuas
2447 5131 2507 5196 pro
2530 5113 2596 5178 ani-

1638 5219 1751 5284 mabus
1778 5217 2003 5302 passiolorum,
2036 5215 2090 5302 qui
2119 5217 2301 5284 defecerant
2327 5217 2409 5284 lame
2438 5217 2597 5304 incapite
2685 5287 2689 5296 ,

1638 5323 1779 5390 omnium
1805 5323 2012 5410 compitorum
2030 5351 2059 5388 4.
2077 5323 2113 5389 Et
2127 5323 2196 5392 ideo
2222 5329 2502 5408 praesentaverunt
2522 5341 2596 5390 earn

1638 5429 1826 5516 conspectui
1848 5429 1989 5508 Domini,
2005 5437 2043 5494 ut
2057 5447 2129 5496 eum
2151 5429 2290 5508 videret,
2306 5435 2338 5494 et
2353 5429 2453 5508 44444,
2471 5435 2506 5496 ut
2522 5447 2597 5496 eum

1638 5541 1790 5620 tangeret.
1808 5575 1850 5584 -
1868 5537 1902 5602 Et
1926 5543 2093 5620 propterea
2114 5535 2280 5602 subditur:
2303 5537 2344 5602 44
2359 5535 2503 5602 taedium
2521 5545 2596 5602 aate

1637 5643 1766 5720 lerant,
1792 5643 1866 5728 qnia
1889 5641 2030 5708 Salvator
2053 5641 2175 5726 semper
2199 5641 2338 5708 medium
2354 5641 2493 5726 quaerit;
2512 5641 2596 5708 ande

1639 5749 1759 5814 loannis
1784 5749 1884 5832 primo
1899 5747 1944 5810 12:
1976 5747 2124 5814 «Medius
2153 5754 2292 5814 vestrum
2318 5747 2404 5812 stetit
2418 5769 2451 5824 »3
2468 5751 2498 5814 et
2515 5745 2595 5812 inira

1709 6037 1721 6070 ⁸
1740 6043 1834 6094 Psalm.
1856 6041 1921 6104 404,
1942 6039 1972 6104 4,
1991 6047 2049 6106 post
2067 6055 2148 6108 quem
2167 6039 2213 6094 lob
2233 6039 2279 6104 47,
2298 6041 2324 6092 3.
2345 6069 2380 6076 -
2400 6039 2526 6106 Superius
2544 6055 2594 6104 pro

1637 6129 1699 6202 ridet
1718 6129 1851 6200 4444444444
1871 6129 1928 6198 (etr.
1947 6143 2028 6196 sopra
2044 6143 2070 6180 n.
2092 6127 2144 6196 44.)
2164 6127 2223 6182 Vat.
2240 6127 2304 6198 444444
2321 6127 2499 6198 offerentiam.

1709 6215 1720 6248 ⁹
1731 6221 1843 6286 Vulgata
1854 6219 1932 6274 ittam
1942 6217 2081 6286 44444444.
2089 6217 2247 6270 -Subinde
2256 6219 2493 6282 allegantorltlatth.
2502 6221 2543 6282 99,
2551 6221 2593 6286 34;

1638 6309 1700 6360 Lae.
1721 6307 1768 6372 ts,
1788 6307 1832 6358 39.
1849 6313 1874 6358 et
1896 6307 1942 6370 49,
1962 6307 1986 6358 3.
2005 6333 2040 6346 -
2060 6307 2169 6358 lotarius
2181 6319 2230 6372 pl'D
2247 6303 2393 6358 4444444444
2410 6307 2429 6358 E
2448 6319 2593 6360 accessam.

1711 6389 1731 6426 ¹⁰
1752 6395 1863 6460 Vulgata
1882 6405 1953 6446 4444.
1970 6421 2004 6430 -
2025 6393 2082 6444 Duo
2100 6405 2173 6460 seqq.
2194 6391 2243 6446 loci
2268 6397 2328 6444 sant
2353 6393 2417 6444 Luc.
2447 6393 2494 6454 49,
2521 6393 2544 6446 4.
2570 6397 2595 6446 44

1638 6485 1708 6534 loen.
1726 6481 1757 6548 5,
1776 6481 1801 6532 7.

1710 6567 1730 6598 ¹¹
1752 6571 1827 6622 Vers.
1846 6571 1889 6622 95.
1903 6595 1937 6608 -
1950 6569 2073 6636 Sequitur
2091 6571 2188 6622 Thren.
2207 6571 2237 6630 9,
2254 6567 2294 6620 49.
2309 6565 2357 6620 Ctr.
2373 6567 2510 6634 Ambrae,
2522 6571 2554 6622 V.
2569 6569 2593 6620 in

1638 6661 1700 6714 Luc.
1727 6673 1754 6712 n.
1782 6661 1822 6712 ta.
1841 6687 1877 6698 -
1896 6657 2004 6730 lnterias
2030 6671 2080 6722 pro
2108 6655 2218 6712 Domini
2244 6655 2397 6724 conspectat
2424 6657 2475 6708 ΕΗ
2504 6655 2593 6712 divina

1638 6747 1797 6816 conspectat.

1709 6833 1730 6868 ¹²
1750 6837 1825 6890 Vere.
1844 6839 1891 6904 96,
1910 6841 1968 6902 post
1986 6849 2068 6904 cratem
2086 6837 2147 6888 Luc.
2166 6837 2214 6898 99,
2234 6833 2277 6886 97.
2303 6841 2328 6910 et
2351 6835 2392 6886 Pe.
2413 6833 2461 6896 47,
2483 6835 2523 6886 40.
2543 6833 2576 6886 Cl
2587 6871 2594 6884 .

1637 6939 1716 6992 supra
1745 6939 1806 6992 pag.
1836 6925 1902 6988 404,
1931 6931 1991 6976 nota
2020 6925 2043 6976 3.
2063 6951 2097 6964 -
2117 6923 2244 6988 Superius
2267 6925 2327 6986 post
2345 6919 2501 6988 aorrspactai
2516 6919 2594 6972 codd.

1637 7015 1760 7066 omittunt
1775 7013 1893 7066 Damiat'.
