5900 8266
508 623 571 688 stu

505 801 651 871 Patribus
666 803 849 886 praedictis,
864 805 1052 892 mysterium
1067 805 1315 874 incarnationis
1334 807 1365 872 in
1381 809 1464 874 rubo

503 909 653 978 ardonu1
682 919 714 978 et
741 911 837 980 etiam
860 913 1052 998 mysterium
1066 913 1257 996 passionis,
1282 921 1312 978 et
1337 913 1366 976 in
1402 918 1481 980 taa-

504 1017 690 1086 anctoritate
726 1017 913 1102 mysterium
939 1015 1212 1096 resurrectionis,
1240 1015 1344 1084 etita
1373 1017 1464 1102 quasi

356 1137 486 1184 roardum·
505 1129 607 1192 tolum
629 1123 816 1208 mysterium
839 1123 918 1210 fidet
939 1121 1165 1200 christianum·
1187 1123 1263 1208 quia
1279 1121 1380 1188 omnis
1397 1121 1464 1206 my-

504 1231 675 1298 steriorum
704 1231 806 1314 figura
830 1235 860 1296 61
883 1229 1054 1296 verborum
1080 1227 1216 1294 variatas
1246 1233 1464 1294 consummata

504 1343 552 1404 661
587 1337 618 1402 16
642 1335 745 1402 Verbo
781 1337 960 1414 incarnato,
984 1333 1161 1402 secundum
1195 1333 1275 1414 illud
1297 1333 1394 1400 lsaiae
1416 1333 1464 1398 61-

504 1443 621 1532 666166
650 1441 802 1510 octavae:
833 1467 849 1500 «
864 1439 1173 1508 Consummationem
1197 1445 1228 1506 et
1255 1439 1464 1508 abbreviatio-

503 1567 576 1618 nem
608 1549 750 1616 audiri.»
780 1555 856 1626 eto.;
881 1553 912 1614 61
934 1547 975 1612 61
1004 1545 1161 1612 Hebraeos
1192 1543 1308 1630 primo:
1330 1543 1464 1612 «116111-

503 1657 613 1722 16616»
644 1663 702 1722 etc.
960 1709 961 1714 ,

593 1761 646 1828 te.
670 1761 772 1846 (Vers.
800 1759 877 1842 311).
903 1759 1022 1842 Quarto
1044 1763 1201 1844 quantum
1223 1757 1263 1824 ad
1285 1757 1464 1844 66616666-

341 1881 485 1978 conflrmytir
504 1869 603 1936 tionis
632 1867 908 1934 collaudationem
942 1865 1104 1950 adiungit:
1133 1865 1370 1948 Respondentur
1402 1885 1464 1930 un-

359 1945 431 2030 11111
449 1945 484 1978 Μ’
505 1981 567 2042 tem
584 1973 721 2062 66161666
743 1973 939 2038 scribarum
955 1971 1113 2038 diruerunt
1137 1971 1180 2036 ei:
1202 1969 1371 2056 Magister,
1390 1969 1464 2038 bene

503 2079 629 2148 dimisti.
655 2081 717 2146 lloc
746 2077 1008 2146 commendabant
1034 2077 1173 2158 scribae,
1199 2077 1275 2164 quia
1304 2083 1395 2146 erant
1423 2079 1464 2148 de

503 2195 588 2254 secla
604 2187 858 2266 Pharisaeorum,
884 2185 938 2270 661
955 2185 1080 2264 dieunt,
1103 2185 1368 2254 resurrectionem
1385 2203 1462 2254 esse.

503 2293 589 2360 Unde
604 2293 749 2358 llatthaei
765 2293 915 2378 vigesimo
932 2291 1234 2374 666661611161166,
1252 2293 1337 2380 qnod
1357 2319 1374 2354 (ι
1385 2295 1464 2362 Pha-

503 2397 597 2464 risaei
628 2397 784 2478 ridentes,
814 2399 899 2484 qnod
922 2399 1082 2466 silentium
1112 2401 1314 2484 imposuisset
1344 2401 1463 2468 Saddu-

503 2503 601 2584 caeis,
627 2511 841 2572 convenerunt
863 2503 897 2572 16
920 2523 1020 2572 unum
1044 2533 1077 2586 »,
1100 2507 1175 2592 quia
1192 2525 1233 2572 ex
1251 2509 1310 2572 hoc
1332 2509 1462 2592 applau-

503 2611 618 2678 debant
641 2611 677 2678 ei.
703 2611 747 2678 De
772 2611 831 2678 hoo
854 2611 938 2678 euim
962 2617 1029 2680 erat
1057 2613 1215 2680 contentio
1238 2613 1462 2680 1616686116-

504 2735 593 2784 caeos
616 2725 647 2786 et
669 2719 870 2800 Pharisaeos;
887 2719 971 2786 unde
992 2721 1127 2786 1616666
1150 2719 1300 2804 vigesimo
1325 2719 1461 2786 tertios:

509 2823 647 2890 «Sciens
674 2825 807 2902 Paulus,
832 2825 906 2908 quia
929 2841 993 2888 una
1024 2841 1098 2908 pars
1131 2829 1178 2890 est
1208 2821 1461 2888 Sadducaeorum

504 2935 534 2996 et
557 2929 654 2996 altera
677 2929 935 3006 Pharisaeorum,
958 2927 1148 3006 exclamavitw
1169 2927 1203 2992 in
1226 2925 1371 2992 concilio:
1394 2925 1461 2992 Viri

503 3033 632 3112 iratres,
655 3051 712 3118 ego
728 3033 915 3099 Pharisaeus
936 3049 1023 3110 sum3
1040 3031 1080 3096 de
1103 3049 1158 3114 spe
1174 3037 1206 3098 61
1228 3031 1461 3096 6666666611666

503 3145 703 3204 mortuorum
725 3155 783 3220 ego
806 3137 938 3202 iudicor.
964 3135 1000 3200 ut
1022 3151 1095 3202 curn
1121 3135 1198 3202 haec
1221 3133 1364 3214 dixisset,
1381 3133 1461 3200 lauta

503 3251 549 3310 est
572 3241 722 3310 dissensio
747 3241 828 3308 16166
853 3241 1036 3308 Pharisaeos
1065 3247 1095 3308 et
1120 3241 1332 3322 Sadducaem,
1358 3247 1389 3308 et
1411 3259 1461 3308 so·

503 3349 570 3414 luta
592 3347 769 3412 multitudo.
795 3345 964 3412 Sadducaei
989 3345 1073 3412 enirn
1096 3347 1222 3424 6116661,
1248 3365 1311 3412 666
1327 3363 1395 3412 6666
1410 3365 1461 3414 re·

503 3453 729 3520 surrectionem
754 3457 953 3520 mortuorum
977 3469 1080 3538 neque
1104 3453 1256 3538 11666166]
1278 3469 1383 3538 66666
1397 3453 1461 3538 661-

503 3559 618 3640 ritum,
643 3551 801 3628 Pharisaei
824 3567 930 3626 autem
953 3565 1131 3646 utrumque
1154 3559 1344 3628 confitentur
1363 3587 1392 3626 6.

590 3667 769 3746 duillers.
803 3667 881 3750 111).
905 3667 1061 3752 Quoniam
1094 3685 1171 3752 ergo
1205 3675 1360 3754 utrosque
1387 3687 1461 3736 con-

283 3785 286 3790 *
348 3781 483 3878 Uuyyyyta·
501 3771 660 3852 luderat⁵,
686 3773 755 3838 ideo
777 3773 906 3858 utrique
938 3773 1096 3852 tacebant3
1121 3773 1205 3840 unde
1229 3773 1394 3840 subditur:
1421 3775 1461 3840 ltt

502 3879 647 3964 amplias
671 3899 737 3946 666
753 3879 920 3946 eredebant
936 3899 1009 3946 eum
1026 3879 1211 3970 quidquam
1232 3879 1442 3966 interrogare
1448 3903 1460 3958 ‚·

502 4003 543 4052 ex
567 4003 630 4070 quo
653 3991 794 4070 apparet,
818 3985 902 4070 quod
927 4003 990 4052 666
1019 3985 1257 4072 interrogabant
1280 3985 1384 4054 studio
1407 3985 1461 4054 ad-

501 4091 652 4170 discendi,
678 4091 731 4156 sed
755 4091 897 4158 vincendi
923 4097 954 4158 61
986 4091 1173 4174 superacta
1196 4091 1281 4160 unde
1310 4091 1459 4158 Glossatz

506 4223 522 4256 r
538 4197 693 4264 Confutati
716 4197 750 4264 in
772 4197 990 4276 6666661666,
1013 4217 1076 4264 666
1096 4199 1233 4284 amplius
1254 4199 1460 4286 interrogant,

501 4305 556 4372 sed
577 4311 686 4390 aperte
701 4305 966 4390 conlprehensum
986 4305 1139 4372 Romanae
1155 4307 1302 4392 potestati
1320 4307 1458 4372 tradunt.

501 4413 549 4480 Ex
572 4431 635 4498 quo
657 4411 880 4498 intelligimus,
903 4429 1024 4480 venena
1049 4411 1182 4480 invidiae
1198 4429 1290 4498 66666
1305 4411 1460 4498 superari,

501 4517 555 4584 sed
576 4517 702 4584 dillicile
726 4519 888 4602 quiescere
904 4543 936 4582 6.
961 4517 1031 4584 1166
1055 4537 1118 4584 666
1140 4517 1299 4586 audebant
1325 4517 1484 4586 interra·

501 4641 576 4712 6666
599 4641 690 4702 eum,
716 4623 791 4710 quia
813 4623 961 4692 ridebant
984 4623 1104 4712 aliquid
1126 4623 1268 4694 divinum
1293 4625 1324 4692 in
1349 4643 1381 4692 se
1405 4625 1461 4692 ha·

500 4733 592 4810 bere,
617 4749 690 4800 cum
714 4749 778 4816 quo
802 4729 964 4816 disputare
988 4739 1095 4800 tutum
1112 4751 1174 4798 666
1189 4737 1251 4814 est;
1269 4731 1321 4798 lob
1339 4731 1458 4798 nonolz

457 4885 460 4888 -
506 4863 521 4898 (ι
539 4839 682 4924 Quantus
705 4855 795 4920 sum,
818 4845 856 4906 ut
878 4839 1084 4924 respondeam
1109 4839 1136 4906 ei
1167 4843 1197 4906 61
1218 4839 1330 4924 loquar
1355 4839 1461 4906 6661616

500 4943 578 5010 meis
591 4963 665 5010 oum
677 4951 738 5010 661
753 4945 824 5028 Qui,
841 4943 933 5010 etiam
951 4945 978 5010 si
994 4945 1136 5012 habuero
1154 4943 1314 5030 quippiam
1328 4943 1459 5022 iustum,

386 5039 405 5070 *¹
499 5065 562 5114 666
585 5049 798 5134 6666661666,
822 5049 876 5116 sed
911 5067 1015 5116 meum
1045 5049 1179 5116 iudicem
1217 5049 1412 5134 deprecabor
1427 5043 1481 5112 ».'

498 5153 700 5222 Verilicatum
726 5163 771 5222 est
795 5155 891 5244 igitur
917 5155 946 5220 in
973 5155 1022 5222 his
1046 5155 1122 5222 illud
1151 5153 1308 5220 PsalmiS:
1338 5179 1355 5212 c
1370 5153 1430 5218 Del
1445 5191 1462 5200 -

501 5267 615 5326 666661
649 5267 825 5327 scrutantes
861 5259 1014 5327 scrutinio
1035 5287 1065 5342 »;
1103 5265 1134 5326 61
1169 5259 1259 5326 ideo:
1298 5257 1461 5326 «accedat

499 5367 594 5432 homo
616 5365 655 5432 ad
679 5383 733 5432 cor
756 5367 873 5444 altura,
899 5373 930 5434 61
953 5365 1147 5434 exaitabitur
1171 5365 1254 5432 Deus
1271 5393 1301 5432 ».
1365 5443 1368 5450 q

569 5877 579 5908 1
601 5879 631 5932 Ul
650 5877 756 5944 exponit
775 5881 900 5944 Gregor,
920 5881 1038 5936 xltl'ttt.
1055 5881 1146 5934 lloral.
1166 5893 1188 5932 c.
1210 5883 1233 5934 t.
1253 5885 1318 5948 68,
1342 5881 1367 5934 16
1379 5895 1461 5950 quan·

498 5973 554 6022 lum
573 5967 671 6022 scilieet
691 5987 705 6016 a
719 5981 748 6020 ex
767 5969 809 6022 illo
828 5971 927 6034 populo
947 5971 1028 6022 exiret
1045 5961 1136 6038 qnith
1160 5973 1222 6038 1666
1243 5971 1350 6026 Deitatis
1373 5971 1460 6026 earnis

497 6065 603 6112 nostrae
620 6065 729 6124 peccata
746 6057 824 6126 quasi
848 6057 908 6112 rubi
929 6061 1020 6124 spinas
1043 6063 1188 6126 susciperet
1215 6069 1240 6116 61
1265 6061 1460 6116 inconsnmtam

497 6149 667 6202 humanitatis
678 6153 785 6202 6661666
797 6149 971 6204 substantiam
984 6151 1062 6202 etiam
1083 6151 1109 6204 in
1121 6151 1179 6218 ipsa
1192 6151 1340 6204 Dii-initulis
1351 6153 1459 6202 llamma

497 6239 615 6290 seruaret
626 6253 653 6288 n.
672 6237 811 6304 Quomodo
830 6237 985 6304 mysterium
998 6235 1135 6306 passionis
1154 6253 1203 6304 per
1224 6239 1313 6304 ipsum
1332 6239 1460 6304 exprima-

497 6331 548 6392 tur,
566 6325 678 6379 ostendit
697 6329 724 6378 S.
741 6325 856 6392 Bonam,
874 6325 965 6382 Collat.
983 6327 1009 6380 3.
1028 6327 1053 6378 in
1073 6325 1196 6380 Hexaiim.
1216 6341 1243 6380 6.
1267 6329 1276 6380 t
1285 6329 1308 6380 3.

569 6413 579 6444 ²
599 6413 675 6466 Vers.
695 6415 736 6466 13.
756 6419 783 6466 61
800 6413 898 6466 deinde
915 6415 994 6466 Hehr.
1018 6417 1041 6478 t,
1061 6417 1087 6468 t.
1101 6441 1137 6454 -
1151 6415 1278 6480 Superius
1295 6427 1344 6480 666
1362 6415 1459 6484 myste-

497 6501 605 6558 riorum
621 6503 716 6572 16666
733 6501 793 6556 Vat.
812 6501 1023 6572 mysteriorum,
1040 6503 1207 6574 1166666666.

569 6593 580 6622 ³
599 6593 675 6646 Vers.
694 6591 739 6654 31,
761 6589 807 6646 ubl
826 6605 874 6658 pro
887 6589 1008 6658 61166166,
1025 6593 1084 6646 161.
1102 6605 1162 6644 cum
1186 6591 1298 6658 Vulgata
1310 6589 1457 6646 uariantes.

566 6681 748 6748 4Vers.'ti-8.

568 6769 580 6800 ⁵
598 6769 663 6824 God.
680 6769 701 6836 C
719 6769 921 6838 confutarunt,
941 6769 964 6820 ll
981 6767 1092 6836 utrique
1109 6765 1242 6836 consumti
1259 6771 1333 6822 sant.

568 6857 702 6912 6Scilicet
727 6857 870 6912 ordinaria
901 6857 943 6924 (cx
969 6855 1061 6922 Beda).
1087 6855 1269 6922 -Superius
1295 6855 1348 6910 uae
1376 6857 1455 6910 codd.

497 6943 681 7010 supplevimus
699 6955 734 6996 en
753 6957 806 7010 qao
825 6945 953 7010 apparet,
973 6939 1046 7008 qaod
1062 6955 1118 6994 non
1136 6937 1349 7008 interrogabunt.

1094 631 1286 698 COMMENT.
1310 633 1350 700 IN
1370 631 1610 700 attrabatum
1634 631 1750 698 tuest
1777 631 1806 698 C.
1835 631 1896 696 tx.

1577 805 1690 862 Secundo
1710 805 1860 860 6661616166
1880 819 1950 858 error
1968 801 2037 856 eirca
2055 803 2209 876 mysterium
2227 803 2432 874 incarnationis,

1857 941 1859 946 .
1914 889 1944 946 16
1964 907 2010 960 quo
2029 889 2093 946 1616.
2156 935 2158 944 .

1616 1123 1669 1188 tt.
1697 1123 1795 1202 (Vers.
1814 1119 1892 1204 tl).
1910 1123 2004 1190 utcu
2019 1129 2130 1188 661666
2146 1123 2192 1188 ud
2207 1121 2297 1188 illos:
2318 1119 2486 1202 Quomodo

1529 1227 1646 1294 dicunt
1665 1235 1724 1294 etc.
1750 1229 1916 1312 Postquam
1950 1227 2121 1294 confutarit
2144 1235 2286 1294 errantes
2311 1227 2484 1312 6166666-

1529 1331 1660 1398 sterium
1683 1331 1941 1414 66666666116616,
1965 1333 2018 1402 hic
2039 1331 2194 1420 confutat
2214 1339 2364 1398 66666166
2393 1333 2487 1398 circu

1528 1435 1725 1526 6661661666
1748 1437 1992 1506 incarnationis
2006 1439 2036 1520 ⁹,
2054 1439 2109 1526 qui
2126 1439 2244 1506 scilicet
2260 1456 2322 1505 666
2338 1435 2487 1516 credunt,

1529 1543 1689 1612 Christum
1714 1561 1781 1612 esse
1804 1563 1916 1612 rerum
1949 1545 2105 1614 hominem
2136 1553 2165 1614 et
2190 1547 2299 1612 Deum.
2324 1543 2486 1612 1661166-

1529 1651 1675 1716 16661166
1701 1647 1844 1716 Christus
1867 1651 2046 1736 quaerendo
2078 1659 2108 1718 et
2140 1633 2368 1720 introducendo
2391 1667 2488 1734 6666-

1529 1755 1679 1836 stionem,
1706 1773 1799 1840 quam
1825 1757 2016 1842 impossibile
2045 1764 2093 1824 est
2122 1751 2310 1840 1166616666,
2333 1757 2393 1826 6161
2418 1775 2487 1826 cre-

1528 1861 1623 1930 datur
1646 1871 1677 1930 et
1701 1861 1894 1948 intelligatur
1916 1863 2063 1930 Christus
2091 1863 2226 1948 duplicis
2252 1881 2319 1932 esse
2341 1871 2485 1930 naturae.

1528 1969 1561 2036 ln
1578 1971 1637 2040 hac
1652 1971 1749 2058 igitur
1765 1971 1947 2056 quaestione
1962 1969 2124 2050 Christos,
2140 1969 2288 2056 magister
2306 1953 2487 2056 lideipro-
2507 1991 2595 2038 6666.

1524 2079 1620 2166 ponit
1650 2081 1750 2166 ipsius
1780 2077 1897 2146 Christi
1922 2077 2167 2164 persecutionem
2199 2077 2413 2146 carnulenta
2438 2077 2487 2144 lu-

1527 2187 1613 2256 daeis
1637 2187 1845 2256 communiter
1871 2185 2037 2266 creditam3
2063 2185 2199 2254 secundo
2222 2185 2370 2254 66666111
2392 2173 2488 2272 6666-

1527 2295 1692 2362 rationem
1721 2293 1923 2364 6616666166
1955 2311 1973 2362 6
2009 2293 2162 2380 Propheta
2195 2293 2423 2380 praedicatam3
2455 2297 2488 2360 et

1527 2401 1695 2470 concludit
1716 2409 1933 2488 apparentem
1955 2401 2138 2488 utriusque,
2153 2401 2426 2468 controuersiam.

2439 2507 2445 2518 Ι
2483 2507 2490 2520 0

1618 2509 1719 2576 Primo
1745 2509 1841 2594 161166
1866 2517 2021 2594 quantum
2045 2509 2083 2576 ad
2098 2507 2342 2596 generationem
2363 2503 2487 2574 Cinara
2505 2527 2634 2590 6161666

1526 2617 1699 2684 carnale-ra
1721 2617 1941 2682 comrrranr'ler
1962 2617 2125 2680 creditum
2147 2615 2236 2680 dicit:
2263 2597 2355 2680 Dinit
2375 2623 2487 2680 661666
2501 2587 2638 2696 risibilia

1526 2721 1573 2786 acl
1595 2721 1688 2786 illos:
1713 2721 1882 2800 Quomodo
1912 2721 2043 2796 (licant,
2079 2719 2250 2786 Claistnm
2278 2719 2387 2802 filiam
2420 2739 2488 2786 esse
2539 2689 2602 2734 Μ’

1526 2825 1662 2892 Dauid?
1698 2825 1761 2890 lloc
1795 2827 2006 2892 communiter
2035 2827 2143 2892 dicunt
2180 2823 2282 2890 ludaei
2313 2843 2424 2890 omncs
2453 2833 2487 2892 et

1525 2931 1620 2998 etiam
1637 2947 1746 2996 omnes
1761 2929 1821 2996 riri
1838 2929 2011 2998 christiani.
2034 2931 2112 2998 Nam
2133 2929 2192 3014 ipsi
2213 2929 2311 2996 David
2333 2929 2416 2998 16616
2439 2939 2487 2998 661

1525 3035 1566 3102 de
1595 3035 1719 3102 Christo
1749 3035 1968 3118 repromissio,
2001 3037 2082 3104 sicut
2105 3037 2135 3102 16
2161 3035 2281 3102 Psalmo
2296 3037 2321 3076 ¹⁰
2352 3037 2485 3102 dicitur:

1530 3143 1605 3210 «De
1628 3141 1736 3208 fructa
1759 3141 1947 3208 6661616161
1973 3159 2085 3228 ponam
2111 3159 2205 3226 super
2222 3141 2325 3208 sedem
2354 3149 2486 3222 tuam»;

1526 3253 1559 3316 et
1580 3247 1709 3316 secundi
1733 3249 1852 3334 Regum
1876 3247 2025 3334 septimo:
2050 3247 2241 3316 «suscitabo
2263 3265 2370 3316 semen
2393 3253 2487 3316 tuum

1526 3357 1597 3438 post
1621 3359 1668 3434 te,
1692 3353 1776 3436 quod
1801 3353 1981 3438 egredietur
2011 3355 2051 3420 de
2077 3359 2171 3420 utero
2201 3359 2274 3432 166,
2300 3357 2330 3420 61
2354 3355 2487 3420 firmabo

1526 3477 1661 3544 regnum
1686 3459 1754 3526 eius
1777 3465 1809 3526 et
1831 3459 1987 3526 stabiliam
2012 3461 2165 3526 thronum
2188 3461 2277 3546 regni
2299 3459 2486 3546 elususque

1525 3565 1560 3632 16
1581 3565 1854 3652 sempiternum».
1878 3565 1940 3634 lloc
1963 3585 2025 3634 non
2050 3571 2151 3652 potest
2174 3565 2317 3634 11616161
2341 3565 2379 3634 de
2396 3565 2487 3634 Chri-

1525 3679 1588 3752 sto,
1606 3673 1719 3758 166616
1736 3679 1911 3752 6116616616,
1928 3673 2102 3740 secundum
2118 3671 2196 3742 illud
2212 3673 2484 3760 snpraprtm011:

1532 3805 1548 3838 a
1563 3779 1654 3846 Dabit
1679 3779 1722 3844 illi
1747 3779 1898 3846 Dominus
1922 3781 2006 3846 Deus
2030 3779 2133 3846 sedem
2152 3779 2267 3860 uaria,
2292 3779 2390 3866 patris
2407 3781 2485 3860 eius,

1525 3893 1558 3954 61
1579 3885 1724 3970 regnabit
1747 3887 1779 3952 in
1803 3887 1894 3952 domo
1919 3885 2007 3952 lacob
2031 3887 2065 3958 in
2085 3892 2250 3953 aeternum
2264 3913 2295 3952 ».
2313 3887 2382 3952 ldeo
2401 3895 2485 3954 reate

1531 4021 1548 4054 a
1563 3993 1740 4062 clamabant
1761 3993 1890 4060 turbae:
1917 3993 2058 4060 llosanaa
2080 3991 2145 4059 filio
2168 3991 2285 4072 Darid3
2301 3993 2486 4060 benedictus

1525 4101 1581 4188 661
1613 4099 1697 4168 venit
1728 4099 1759 4166 in
1793 4099 1917 4168 nomine
1946 4097 2068 4166 Domini
2092 4101 2121 4164 »1
2154 4099 2299 4166 llatthaei
2335 4099 2485 4186 vigesimo

1526 4207 1637 4292 primo.
1664 4205 1699 4270 Et
1722 4207 1782 4272 hoc
1805 4205 1971 4290 Apostolus
1990 4203 2187 4288 praedicabat
2217 4203 2392 4272 secundum
2408 4203 2484 4270 illud

1526 4309 1745 4378 6666616661
1768 4309 1969 4378 Timotheum
2000 4307 2138 4376 secundo
2152 4309 2196 4374 ¹2:
2228 4309 2374 4376 «11166666
2400 4315 2483 4388 6616,

1525 4416 1694 4482 Dominum
1718 4417 1819 4482 lesum
1845 4413 2060 4482 resurrexisse
2091 4433 2109 4480 a
2141 4413 2277 4480 mortuis
2299 4413 2484 4480 exsemine

1526 4521 1640 4602 Dauid,
1659 4521 1833 4588 secundum
1851 4519 2050 4606 Evangelium
2066 4537 2174 4588 meum
2188 4545 2220 4600 »3
2237 4527 2268 4588 61
2284 4519 2418 4588 ictuum
2435 4537 2483 4588 se-

1526 4627 1628 4696 cundo
1643 4627 1727 4696 dixit
1741 4629 1869 4696 Petrus:
1892 4655 1908 4690 t<
1924 4627 2079 4714 Propheta
2095 4645 2169 4714 ergo
2185 4645 2259 4696 oum
2275 4627 2481 4706 6666111661,

1525 4735 1691 4816 61661661,
1716 4735 1800 4822 quod
1831 4735 2036 4804 iureiurando
2068 4735 2205 4802 iurasset
2231 4733 2276 4800 illi
2307 4735 2410 4814 Deus,
2445 4735 2483 4802 de

1524 4843 1630 4910 166616
1656 4843 1754 4908 lumbi
1780 4843 1848 4908 eius
1869 4843 1979 4908 sedere
2001 4859 2099 4924 super
2121 4841 2227 4906 sedem
2262 4837 2349 4920 6166,
2377 4841 2483 4926 66661-

1524 4947 1602 5014 dens
1624 4945 1749 5014 locutus
1773 4951 1821 5014 est
1837 4947 1873 5014 de
1898 4945 2130 5014 resurrectione
2147 4973 2176 5008 a.

1613 5051 1792 5136 18111666.
1824 5051 1903 5134 11.).
1927 5049 2069 5118 Secundo
2093 5055 2247 5134 qnantum
2281 5051 2319 5116 ad
2345 5071 2482 5138 yoraeru-
2501 5075 2624 5136 assumar

1526 5157 1644 5224 tiaraem
1667 5155 1864 5238 aeternalem
1888 5179 1911 5224 a
1926 5155 2095 5242 Propheta
2105 5157 2342 5242 praedicatum
2357 5159 2481 5226 subdit:
2504 5133 2627 5226 tilithi.

1526 5263 1566 5328 m
1589 5263 1658 5348 ipse
1693 5263 1803 5328 Dauid
1834 5263 1914 5330 dicit
1948 5263 1983 5328 in
2017 5261 2099 5328 libro
2126 5263 2362 5330 Psulnrornm:
2392 5261 2483 5328 Diaeit

1526 5367 1686 5434 Dominus
1718 5367 1851 5434 61666166
1873 5387 1964 5436 ntro:
1988 5367 2067 5434 Sede
2091 5387 2112 5434 6
2145 5369 2272 5434 electris
2302 5371 2480 5436 66616166

1560 5877 1563 5882 ’
1595 5881 1701 5938 ⁷Vers.
1721 5885 1764 5938 ll.
1788 5889 1813 5938 61
1841 5885 1882 5940 lb.
1901 5913 1935 5926 -
1955 5885 2083 5950 Superius
2100 5883 2214 5938 vocibus
2232 5881 2373 5950 disputare
2391 5885 2481 5936 16166

1523 5971 1576 6024 ΑΙ)
1595 5973 1753 6026 interserunt
1773 5975 1845 6028 1666.

1593 6059 1604 6090 ⁸
1623 6063 1720 6116 Psalm.
1737 6061 1786 6126 63,
1805 6059 1838 6126 7,
1856 6061 1903 6116 ubi
1920 6075 1970 6128 666
1988 6061 2104 6116 Accedat
2134 6061 2193 6114 1161.
2219 6073 2280 6112 cum
2299 6059 2413 6124 Vulgata
2434 6057 2480 6112 du·

1523 6149 1602 6206 cedet.

1592 6235 1604 6268 ⁹
1622 6239 1672 6314 Clr.
1692 6253 1773 6306 supra
1790 6253 1817 6292 6.
1837 6241 1879 6292 31.
1892 6269 1927 6282 —·
1940 6241 2048 6294 16166166
2067 6253 2117 6306 666
2130 6237 2275 6294 dissolvere
2293 6237 2314 6288 B
2332 6235 2479 6304 disputare,

1522 6329 1540 6380 Ε
1559 6325 1718 6396 duplicare,
1737 6329 1796 6382 Vat.
1817 6325 1955 6400 dispicere.

1593 6415 1881 6486 ιο1166166.131,11,
1904 6423 1965 6484 6661
1992 6433 2073 6486 quem
2101 6417 2130 6470 ll.
2157 6419 2223 6482 1166.
2251 6413 2281 6480 7,
2305 6415 2343 6468 ta.
2370 6427 2427 6482 seq.
2447 6443 2480 6454 -

1521 6505 1611 6558 Glossa
1631 6505 1813 6562 interlinearis
1833 6505 1875 6574 (ex
1893 6509 1977 6570 Dedo,
1997 6507 2042 6574 qui
2056 6505 2174 6574 sequitur
2187 6503 2318 6572 Ambros,
2330 6503 2365 6556 X.
2378 6505 2404 6556 in
2417 6505 2480 6559 Lae.

1521 6605 1544 6646 c.
1564 6593 1606 6646 211.
1625 6607 1652 6648 6.
1670 6595 1701 6660 2;
1715 6597 1763 6648 616.
1780 6595 1858 6648 etiam
1879 6597 1992 6660 literam,
2012 6595 2056 6648 lV.
2069 6593 2215 6648 Commeat.
2227 6595 2256 6646 in
2272 6595 2361 6648 ttatth.
2374 6595 2415 6660 11,
2436 6595 2479 6648 11.

1521 6679 1627 6748 666616
1647 6681 1785 6748 Quomodo
1805 6681 1926 6740 dieunt...
1947 6681 2046 6750 Dauid,
2073 6697 2128 6736 non
2153 6683 2477 6754 reprehensionemque

1522 6767 1604 6822 David
1624 6771 1707 6826 tilium
1726 6773 1831 6838 dieunt,
1849 6775 1897 6828 sed
1914 6771 1976 6840 quia
1996 6773 2041 6826 Dei
2061 6771 2153 6824 Filium
2172 6787 2223 6826 non
2244 6773 2361 6828 eredunt.

1591 6855 1612 6886 ¹¹
1634 6863 1710 6914 Vers.
1722 6863 1767 6914 32.
1783 6889 1821 6902 -
1838 6861 1962 6928 Sequitur
1979 6861 2068 6916 Malth.
2086 6861 2137 6926 Pl,
2155 6861 2182 6916 3.

1591 6941 1614 6974 ¹²
1635 6947 1709 7000 Vers.
1728 6949 1760 7010 8,
1779 6949 1824 7000 cni
1841 6947 2006 7000 subnectitur
2022 6951 2079 7000 Act.
2097 6951 2130 7014 2,
2148 6951 2193 7006 31).
2210 6967 2268 7024 666.
