5908 8266
1048 617 1247 684 999999.
1273 615 1308 680 9
1335 609 1712 682 9999999999
1735 611 1768 678 e.
1792 612 1814 677 1.

320 809 429 856 sauna.
450 795 624 860 cantantis.
642 829 685 842 --·
702 791 902 874 Competebat
922 791 1017 872 etiam
1033 791 1191 878 diprritcti
1214 791 1287 870 Dei,
1311 791 1403 858 99999
1426 783 1428 850 ἶ

452 917 572 966 99999
596 899 730 984 dignatio
752 915 813 960 non
839 895 1055 980 cognoscitur,
1080 895 1295 980 oisidignitas
1311 911 1402 980 prae·
1427 977 1428 980 Ἴ

398 1081 399 1086 η
450 1011 670 1090 cognoscatnr3
692 1001 777 1068 unde
798 1001 1005 1084 Apostolus1:
1034 999 1223 1086 «Quicum
1246 1001 1278 1066 iu
1300 1001 1402 1066 forma
1426 1013 1428 1026 ²

450 1111 504 1178 Dei
528 1115 622 1188 esset,
640 1127 701 1174 nou
718 1105 857 1192 rapinam
882 1105 1053 1172 arbitratus
1070 1113 1130 1184 est,
1148 1121 1215 1172 esse
1229 1123 1263 1172 se
1286 1123 1401 1192 aequa-

451 1217 510 1282 lem
534 1217 610 1292 Deo,
634 1211 686 1280 sed
710 1209 912 1292 semetipsum
943 1209 1134 1288 exinanivit,
1161 1209 1293 1276 sormam
1319 1211 1400 1278 servi

350 1337 429 1382 9999.
449 1319 602 1404 accipiens
617 1343 647 1382 9.
665 1351 707 1364 -
722 1311 921 1396 Competebat
945 1313 1039 1378 etiarn
1066 1313 1238 1378 intentioni
1261 1311 1401 1394 cantici,
1427 1337 1429 1386 ῑ

447 1425 599 1506 quaeest
620 1421 720 1486 Deum
749 1417 887 1502 perfecte
918 1417 1059 1494 landare;
1096 1417 1297 1484 Ecclesiastici
1324 1435 1401 1504 qna-

448 1523 621 1608 dragesimo
645 1523 779 1590 tortior:
808 1521 1053 1586 «Glorilicautes
1087 1521 1272 1602 Dominum,
1301 1541 1431 1614 quan-3

424 1631 425 1634 ’
450 1633 654 1712 9999999999
675 1625 854 1712 potueritis;
878 1625 1091 1710 supervalebit
1111 1625 1232 1704 adhuc,
1250 1633 1281 1692 et
1303 1625 1402 1694 admi-

346 1757 431 1812 9999.
449 1733 555 1798 rabilis
588 1733 812 1816 rnagnturemta
831 1731 915 1796 'eius
931 1759 962 1796 ».
999 1765 1041 1778 -
1074 1731 1274 1814 Competebat
1308 1733 1401 1796 etiam

449 1837 577 1904 9999999
599 1837 739 1916 cantico,
764 1835 900 1920 quiade
922 1835 1056 1920 magnis,
1074 1835 1169 1898 immo
1193 1835 1231 1900 de
1254 1835 1402 1902 maximis

449 1943 606 2010 beneficiis
627 1947 712 2020 erat;
737 1940 819 2006 trude
853 1939 1094 2006 proverbiorum
1124 1939 1279 2006 octavo³:
1310 1941 1402 2004 «hu-

450 2049 530 2126 dite,
551 2047 697 2132 qnoniam
731 2045 771 2112 de
796 2045 894 2112 rebus
916 2045 1037 2128 magnis
1059 2043 1206 2110 locutura
1228 2061 1299 2108 sum
1316 2069 1347 2124 »;
1370 2051 1401 2112 99

347 2177 430 2234 curura.
451 2153 546 2218 inira:
575 2153 684 2234 «Quia
708 2149 780 2216 iecit
803 2149 878 2214 mihi
905 2167 1043 2234 magnai>
1064 2157 1122 2216 999.
1141 2149 1401 2234 -Competebat

312 2255 313 2258 ’
449 2265 480 2324 99
501 2257 655 2322 ordinato
672 2253 888 2342 progressui,
905 2255 959 2338 qui
982 2261 1064 2320 esta
1082 2255 1193 2320 timore
1209 2255 1400 2334 inchoando;

449 2361 532 2426 uude
553 2361 711 2426 Petimus:
740 2385 755 2416 9
774 2359 897 2424 initium
920 2359 1089 2444 sapientiae
1112 2359 1207 2426 timor
1229 2359 1351 2426 Domini
1367 2363 1400 2424 a.

449 2469 554 2534 Timor
577 2475 679 2534 antem
706 2465 900 2532 reverentiae
924 2465 1091 2532 Dominum
1115 2465 1302 2550 magnilicat.

537 2575 588 2638 88.
612 2573 713 2654 (Vens.
736 2573 813 2652 979.
833 2569 1012 2634 insinuatur
1034 2569 1127 2636 etiam
1153 2571 1326 2636 taurinatis
1347 2567 1402 2656 af-

286 2699 393 2766 99999,
408 2703 430 2742 ur
447 2675 542 2762 sectio
557 2697 617 2744 non
632 2677 735 2744 solum
746 2683 785 2740 ut
795 2679 895 2760 grata,
911 2675 965 2740 sed
980 2675 1018 2740 nt
1033 2675 1198 2760 iac-anda,
1215 2675 1402 2742 exsultando

309 2753 410 2798 ¹¹¹⁰¹m⁶³'
449 2783 479 2848 iu
494 2783 598 2848 divina
612 2783 729 2860 salute,
745 2797 819 2846 cnm
836 2777 998 2846 subditur:
1017 2783 1057 2844 Et
1071 2777 1247 2844 9999999999
1262 2781 1403 2866 spiritns

449 2907 541 2954 99999
562 2887 598 2952 iu
623 2887 684 2952 Deo
708 2885 856 2952 99999999
876 2885 967 2962 arceo,
990 2883 1021 2948 id
1043 2891 1092 2950 est
1107 2885 1139 2950 in
1157 2885 1220 2950 Deo
1235 2885 1401 2964 salvatore,

449 2997 485 3054 ut
507 2989 603 3074 possit
624 2989 728 3054 dicere
750 2987 828 3052 illud
859 2985 1011 3052 Psalmii:
1040 3013 1056 3044 c
1073 2987 1179 3053 99999
1204 3005 1272 3054 999
1294 2989 1403 3054 exsul-

449 3093 525 3158 tabit
549 3093 577 3158 in
602 3093 732 3158 Domino
754 3097 786 3158 99
807 3089 1014 3158 delectabitur
1034 3109 1130 3178 snper
1154 3091 1283 3158 salutari
1299 3101 1401 3172 suo»;

449 3201 480 3262 et
500 3215 647 3264 rursum:
675 3197 762 3264 «Cor
788 3215 893 3262 meum
917 3203 949 3262 99
971 3215 1044 3264 9999
1067 3215 1138 3264 999
1160 3197 1403 3264 exsultaverunt

449 3301 480 3366 in
516 3305 613 3368 Denor
649 3301 991 3368 tintinniacum
1029 3301 1132 3368 dicere
1166 3309 1289 3386 poterat
1325 3303 1403 3370 illud

449 3407 645 3474 Canticornm
668 3407 785 3492 primo:
816 3407 1029 3472 «introduxit
1064 3425 1112 3474 99
1138 3425 1196 3472 rex
1220 3407 1252 3472 in
1277 3407 1403 3472 cellaria
1426 3483 1428 3486 ,

448 3531 523 3590 999;
553 3513 782 3578 exsultabimus
812 3519 844 3578 et
875 3511 1059 3578 laetabimur
1092 3513 1122 3578 in
1157 3521 1186 3578 99
1203 3541 1218 3572 »
1247 3521 1318 3580 etc.
1337 3514 1401 3578 lam

449 3617 641 3684 verificatum
665 3627 713 3684 est
734 3617 767 3682 in
790 3617 905 3696 hlaria,
927 3617 1013 3702 qnod
1046 3617 1173 3702 optabat
1198 3617 1401 3684 Psalmista⁵:

454 3723 648 3790 «Exsultent
671 3731 702 3788 et
726 3725 881 3790 laetentur
905 3725 934 3788 io
968 3729 996 3788 te
1030 3741 1138 3788 ornnes
1160 3723 1348 3808 quaerentes
1371 3731 1402 3790 te

448 3837 478 3896 99
500 3829 603 3896 dicant
632 3847 774 3916 semper:
805 3828 1021 3914 ltiagnilrcetur
1055 3831 1224 3910 Dominus,
1254 3831 1307 3916 qni
1332 3829 1402 3896 dili-

447 3941 525 4020 guot
558 3935 693 4002 salutare
729 3943 819 4000 9999
837 3961 865 3998 o.
893 3935 1044 4016 Quoniam
1082 3953 1155 4020 ergo
1186 3935 1275 4018 virgo
1306 3935 1402 4000 illaria

447 4039 612 4104 Dominum
638 4041 800 4130 quaesiuit
824 4047 853 4106 99
877 4039 1029 4106 salutare
1050 4027 1181 4106 99999999·
1207 4041 1275 4106 ideo
1297 4041 1402 4106 anima

384 4181 385 4184 ¹
447 4145 515 4212 eius
538 4145 702 4212 Dominum
727 4145 973 4232 9999999999,
997 4151 1029 4210 99
1052 4145 1182 4230 spiritus
1207 4145 1277 4212 eius
1296 4145 1329 4210 in
1353 4163 1402 4210 sa-

447 4249 540 4314 lutari
564 4249 618 4316 Dei
643 4249 828 4316 9999999999.
853 4247 921 4316 ldeo
944 4247 1002 4314 sibi
1028 4249 1173 4334 competit
1193 4249 1272 4314 illud
1286 4251 1402 4328 altinae,

447 4355 539 4438 primi
574 4355 690 4440 Regum
723 4355 876 4440 secundo:
908 4353 1116 4418 «Exsultavit
1145 4373 1200 4420 cor
1230 4357 1338 4420 mcum
1369 4355 1401 4418 in

447 4459 595 4538 Domino,
617 4467 650 4526 et
671 4459 845 4526 exaltaturo
868 4463 916 4524 est
939 4475 1039 4524 cornu
1062 4475 1168 4522 meum
1185 4457 1218 4524 in
1233 4459 1296 4526 Deo
1313 4475 1401 4538 meo;

448 4563 523 4648 9999
545 4565 657 4632 9999999
678 4581 749 4630 sum
774 4565 804 4630 in
830 4563 959 4630 salutari
982 4567 1038 4628 tuo
1055 4567 1107 4628 »s

536 4669 588 4734 83.
613 4669 649 4736 Et
671 4677 761 4746 9999,
785 4667 869 4752 qnod
893 4667 1035 4754 spiritus
1068 4667 1221 4754 accipitur
1244 4685 1302 4752 pro
1326 4667 1403 4734 snb·-

287 4797 376 4862 snans
395 4811 429 4862 :a
445 4775 571 4840 9999999
593 4775 736 4854 animae;
770 4773 970 4840 Ecclesiastae
1002 4773 1140 4838 tertio⁶r
1168 4775 1278 4856 «Quis
1300 4773 1401 4852 novit,

299 4857 376 4908 ⁰¹⁹¹²⁰‘
391 4857 429 4896 ω’
448 4879 472 4944 99
496 4879 625 4964 spiritns
642 4907 658 4940 a
684 4887 763 4954 eto.;
797 4897 856 4964 pro
886 4877 1056 4964 superiori
1083 4885 1201 4964 parta·
1235 4879 1403 4946 Malachiae

448 4985 601 5052 secundo:
630 5013 647 5044 «
663 4983 820 5050 Custodite
845 4985 990 5068 spiritum
1015 4993 1155 5050 vestrum
1170 5009 1203 5064 »;
1227 4991 1259 5050 99
1281 4985 1320 5050 ad
1335 4985 1402 5050 'llo-

446 5109 554 5158 99999
577 5097 702 5158 octavo:
732 5117 747 5148 «
764 5089 899 5174 Spiritus
920 5091 1059 5174 postulat
1083 5109 1141 5174 pro
1164 5091 1254 5158 uobis
1281 5093 1402 5176 gemiti-

447 5195 507 5262 bus
531 5195 792 5264 inenarrabilibus
807 5219 840 5274 >³3
854 5213 914 5278 pro
936 5195 1175 5280 imaginatione
1181 5219 1195 5274 ;
1214 5197 1339 5282 primae
1361 5199 1401 5264 ad

300 4904 390 4958 pliciter.

519 5563 609 5620 ι39999.
629 5567 660 5632 3,
679 5567 704 5616 c.
724 5579 779 5630 seq.
797 5591 834 5604 --
852 5565 979 5630 Stiperiu's
1003 5579 1052 5630 pro
1078 5563 1197 5632 dignatio
1218 5567 1276 5622 Vct.
1294 5567 1401 5622 9999999-

448 5657 501 5718 tua,
522 5660 546 5705 et
564 5669 612 5720 pro
630 5667 684 5708 999
704 5651 875 5720 acquiescitur·
896 5651 976 5706 ACD
995 5651 1171 5720 9999999999.

518 5739 529 5770 ²
549 5743 620 5794 l'ers.
640 5743 684 5794 33.
705 5769 739 5782 -
759 5741 886 5804 Superius
905 5753 955 5806 pro
974 5739 1113 5794 9999999999
1131 5741 1230 5796 cantici
1248 5743 1304 5795 Vnt.
1320 5741 1404 5796 99999-

448 5827 517 5882 99999
536 5831 676 5884 carrinatis.

518 5913 529 5944 ³
548 5917 622 5970 Pers.
641 5921 666 5970 6.
683 5945 721 5956 -
738 5919 890 5984 Sequuntur
908 5919 969 5970 Luc.
989 5919 1021 5980 9,
1040 5915 1084 5970 ta.
1109 5923 1136 5968 et
1159 5919 1200 5972 Ps.
1223 5918 1283 5986 ttu,
1304 5919 1347 5970 tu.
1364 5945 1402 5958 -

448 6005 573 6070 Superius
593 6019 641 6070 pro
659 6003 764 6058 liar-iae
783 6003 886 6058 cantico
907 6005 964 6056 999.
981 6003 1088 6060 diario:
1105 6005 1233 6060 cantanti.

518 6089 530 6120 ⁴
546 6091 639 6144 Psalrn.
659 6089 705 6152 at,
725 6093 749 6144 a.
769 6119 803 6130 -·-
822 6093 879 6142 Duo
899 6105 974 6158 seqq.
990 6091 1040 6146 loci
1052 6097 1112 6144 suut
1131 6093 1172 6144 Ps
1192 6093 1238 6158 83,
1252 6095 1279 6146 3.
1290 6099 1317 6146 99
1330 6091 1402 6146 Cant.

449 6179 477 6244 9,
495 6179 520 6230 3.

517 6263 529 6296 ⁵
547 6269 640 6320 Psalm.
660 6267 709 6330 33,
733 6265 777 6328 97,
795 6267 821 6318 99
842 6281 895 6334 999
907 6281 957 6332 pro
969 6269 1124 6336 quaerentes
1138 6269 1162 6320 tr
1174 6269 1253 6320 codd.
1267 6265 1315 6336 qui
1326 6281 1404 6336 puae·

446 6359 513 6410 runt
531 6359 562 6410 tc.
581 6383 616 6394 —
635 6357 742 6410 lotarius
761 6359 888 6422 allegatur
907 6359 923 6408 9.
941 6359 1008 6420 aeg.
1028 6359 1056 6420 3,
1078 6359 1101 6408 t.

518 6439 529 6470 ⁰
548 6443 621 6494 Vens.
641 6445 682 6496 31,
705 6445 762 6496 Vnt.
781 6449 851 6496 huuc
867 6445 956 6496 locum
974 6443 1071 6494 omittit
1088 6443 1155 6495 sieut
1172 6449 1200 6494 et
1217 6443 1312 6508 verba,
1334 6457 1404 6510 quae

447 6539 605 6598 sequuntur,
616 6545 668 6598 pro
680 6531 817 6602 superiori
830 6535 918 6602 porte.
931 6533 1045 6584 -Tres
1064 6545 1139 6596 seqq.
1156 6533 1205 6584 loci
1224 6539 1284 6584 suot
1295 6521 1407 6584 utataen.'

448 6623 479 6682 3,
499 6621 546 6682 lb,
564 6619 642 6672 Rom.
662 6623 690 6682 8,
710 6621 752 6674 36.
772 6631 796 6672 et
815 6621 834 6672 l.
851 6617 909 6670 Cor.
931 6619 977 6686 tt,
997 6619 1041 6670 tt.
1065 6619 1113 6668 Pro
1133 6617 1236 6680 verbis,
1250 6631 1320 6684 quae
1333 6631 1404 6682 prae·

446 6707 556 6770 cedunt,
572 6719 624 6774 pro
644 6707 837 6776 inrapinutioua
856 6707 913 6758 999
931 6705 1062 6774 artatque.

518 6793 622 6848 τ9999.
643 6797 690 6858 33,
711 6797 786 6848 cuius
812 6793 1010 6860 explicationem
1037 6793 1100 6846 vide
1127 6791 1200 6858 apud
1224 6791 1344 6856 August,
1361 6791 1405 6844 lV.

446 6885 482 6936 de
499 6885 592 6936 ,99999
611 6889 636 6934 et
656 6883 712 6936 eius
730 6883 846 6948 origine,
864 6895 889 6934 c.
908 6883 952 6934 33.
976 6895 1001 6932 9.
1030 6881 1074 6934 36.
1096 6893 1153 6946 seq.
1171 6879 1242 6932 idem
1263 6879 1287 6928 iu
1305 6877 1350 6928 lib.
1370 6879 1404 6930 de

2379 617 2419 682 at

1466 787 1644 856 Corinthios
1665 785 1785 856 decimo
1809 783 1941 872 quarto:
1962 813 1977 844 «
1990 787 2066 854 Naar
2081 779 2106 852 si
2125 803 2209 852 orem
2227 781 2346 870 lingua,
2358 789 2423 872 'spi-

1464 893 1546 960 ritns
1571 893 1661 960 mens
1683 899 1754 960 orat
1769 917 1783 950 >›
1805 899 1863 958 etc.
1889 891 1942 958 llic
1956 889 2063 958 autem
2078 891 2231 976 accipitur
2248 911 2305 974 pro
2321 893 2424 958 anima
2443 905 2574 954 99999.

1465 997 1641 1064 sennodum
1663 1017 1765 1064 suurn
1787 993 1995 1084 supremam,
2019 995 2050 1064 et
2073 997 2192 1064 99999
2213 995 2368 1078 accipitur
2390 995 2422 1060 in

1465 1101 1700 1184 cornparatioue
1721 1103 1761 1166 ad
1784 1119 1917 1186 corpus,
1943 1101 2022 1168 siout
2045 1101 2124 1168 illud
2140 1101 2261 1186 primae
2275 1099 2316 1166 ad
2330 1101 2424 1166 Thes·

1466 1205 1673 1272 salonicenses
1697 1207 1807 1292 quinto
1820 1207 1848 1272 ⁷:
1880 1207 1955 1272 «Ut
1972 1207 2093 1292 integer
2110 1207 2241 1292 spiritus
2264 1213 2370 1272 vester
2392 1211 2424 1270 et

1465 1307 1569 1374 anima
1592 1317 1623 1374 et
1646 1325 1762 1394 corpus
1784 1311 1850 1376 sine
1876 1313 2006 1394 querela
2021 1311 2050 1376 99
2069 1309 2205 1376 adventu
2228 1307 2350 1376 Domini
2369 1325 2424 1372 uo

1464 1413 1524 1480 stri
1545 1413 1615 1478 lesu
1640 1413 1754 1480 Christi
1778 1421 1922 1480 servetur
1940 1441 1969 1478 9.
1995 1415 2074 1500 Quia
2102 1415 2187 1480 enim
2207 1413 2349 1500 99999999
2378 1413 2424 1478 iu-

1466 1517 1566 1584 terins
1589 1519 1821 1598 exsultaverat,
1844 1517 1912 1586 ideo
1938 1519 2055 1586 99999
2085 1539 2158 1586 9999
2189 1517 2444 1606 9999999999Ι

1466 1627 1497 1688 99
1520 1621 1589 1688 ideo
1616 1623 1865 1688 occultationem
1895 1623 1934 1690 de
1965 1625 2136 1708 praeterito
2165 1633 2197 1692 et
2226 1623 2444 1710 99999999»

1466 1727 1584 1792 tionem
1619 1727 1656 1792 de
1692 1727 1845 1810 praesenti
1871 1729 1975 1812 ponit,
2003 1729 2077 1814 qnia
2099 1731 2269 1796 exsultatio
2293 1735 2340 1796 est
2370 1747 2424 1794 ua·

1465 1835 1544 1896 tura'
1562 1831 1659 1916 prior.
2290 1831 2292 1836 ’

1465 1977 1467 1980 -
1521 1961 1523 1966 ·
1555 1937 1605 2000 90.
1633 1937 1731 2018 (Vera
1758 1937 1835 2018 hap.
1853 1937 1944 2018 Quia
1965 1937 2109 2022 respeccit
2133 1937 2348 2004 submilitateua
2366 1945 2423 2004 etc.
2451 1955 2565 2018 999999

1464 2043 1638 2126 Postquam
1653 2039 1815 2124 descripta·
1833 2049 1881 2106 est
1904 2040 2059 2108 laudantis
2074 2043 2195 2108 allectio
2210 2043 2275 2108 sive
2291 2041 2424 2120 devotio,
2437 2009 2593 2062 '³²¹⁰d¹¹¹'¹⁰¹''

1465 2145 1612 2212 subditur
1637 2143 1687 2210 hic
1710 2143 1878 2210 9999999999
1898 2145 2008 2224 ratio,
2031 2163 2112 2228 9999
2138 2147 2273 2210 sumitur
2297 2163 2339 2210 ex
2366 2147 2424 2210 du-

1466 2251 1536 2336 plici
1561 2269 1664 2318 causa.
1691 2249 1791 2316 Prima
1817 2255 1863 2316 est
1880 2249 2070 2334 heneficium
2083 2251 2234 2336 9999999,
2253 2249 2335 2332 9999
2352 2249 2425 2316 fecit
2444 2271 2523 2314 999.

1465 2357 1564 2442 ipsam
1589 2357 1766 2422 9999999999
1784 2357 1845 2420 Deo
1862 2362 1894 2421 et
1909 2353 2109 2422 laudabilem
2128 2353 2323 2420 9999999999.
2345 2355 2425 2438 Quia
2444 2373 2477 2418 ru
2491 2375 2589 2420 99999

1466 2461 1643 2546 9999999999
1661 2463 1740 2540 Deo,
1757 2459 1847 2528 dicit:
1867 2459 1956 2544 Quia
1970 2459 2112 2544 respexit
2130 2459 2347 2550 9999999999
2364 2477 2425 2524 on·
2482 2429 2536 2522 Μ’

1466 2567 1559 2634 999999
1582 2585 1671 2632 suae.
1698 2567 1824 2632 Genesis
1846 2567 1996 2652 vigesimo
2019 2583 2100 2630 nono
2114 2565 2127 2604 ⁸
2143 2563 2313 2650 praecessit
2329 2565 2426 2630 bivias

1466 2671 1569 2756 ligura
1592 2671 1622 2738 in
1648 2671 1717 2750 tia,
1742 2689 1840 2758 9999,
1864 2679 2014 2756 concepta
2032 2669 2150 2756 prote,
2186 2669 2280 2736 dixit:
2312 2667 2426 2732 «Vidit

1466 2777 1620 2844 Dominus
1650 2777 1858 2844 humilitatem
1895 2777 2015 2856 meam:
2046 2793 2133 2842 nuuc
2161 2775 2277 2840 amabit
2303 2791 2352 2838 me
2377 2773 2426 2838 vir

1466 2901 1602 2950 meus».
1629 2885 1664 2948 Et
1697 2883 1857 2948 humilitas
1891 2883 1951 2950 init
1985 2881 2145 2966 dispositio
2177 2881 2214 2948 ad
2248 2885 2425 2964 respectum

1453 2989 1602 3074 gratiam
1634 2989 1728 3056 lsaiae
1761 2987 1910 3054 attinnt:
1942 2987 2015 3052 «dd
2038 3003 2135 3070 quem
2168 2985 2332 3070 respiciam
2366 2983 2425 3050 nisi

1466 3095 1506 3160 ad
1529 3095 1760 3178 pauperculum
1783 3099 1815 3160 et
1841 3095 2013 3160 contritum
2048 3089 2160 3176 spiritu
2186 3097 2215 3158 et
2240 3095 2425 3156 trementem

1466 3219 1627 3266 sermones
1650 3217 1734 3268 meos
1749 3207 1782 3266 »t
1806 3199 1895 3286 qnia,
1910 3199 1993 3266 sicut
2009 3197 2124 3264 dicitur
2139 3197 2171 3264 in
2189 3198 2319 3274 Psalmo,
2341 3221 2357 3252 κ
2370 3213 2426 3262 ex-

1466 3305 1569 3372 celsus
1592 3305 1745 3370 Dominus
1772 3311 1803 3372 et
1828 3305 1974 3370 humilia.
1992 3303 2120 3386 respicit
2144 3307 2175 3368 et
2208 3301 2271 3368 alta
2294 3301 2426 3386 alonge

1466 3411 1624 3494 cognoscit
1640 3437 1670 3476 ».
1697 3411 1782 3478 Unde
1806 3411 1843 3476 de
1868 3409 1937 3476 viro
1970 3409 2073 3488 insto,
2096 3407 2301 3476 Ecclesiastici
2327 3407 2426 3472 unde-

1466 3515 1564 3578 cimo:
1594 3541 1609 3572 u
1627 3515 1746 3580 Oculus
1769 3515 1824 3580 Dei
1847 3515 1987 3596 respexit
2014 3513 2100 3579 illurn
2126 3513 2263 3580 inbono
2294 3521 2325 3578 et
2355 3529 2424 3578 ere·-

1466 3619 1515 3684 xit
1536 3620 1578 3685 ab
1600 3617 1776 3686 hnrnilitate
1800 3635 1855 3686 sna
1874 3641 1904 3698 »3
1929 3625 1960 3686 et
1991 3617 2059 3684 ideo
2082 3619 2193 3684 orabat
2214 3617 2370 3700 Propheta
2393 3617 2426 3680 in

1467 3725 1603 3792 Psalmo:
1635 3725 1793 3812 «Respice
1820 3725 1849 3790 in
1873 3743 1922 3792 me
1947 3733 1977 3790 et
2002 3725 2248 3806 misereremei,
2264 3725 2337 3810 quia
2354 3723 2425 3790 999-

1466 3849 1523 3896 999
1544 3837 1577 3896 99
1599 3849 1719 3914 pauper
1742 3851 1813 3898 sum
1837 3851 1941 3914 ego».
2126 3833 2129 3838 '
2275 3893 2276 3896 ,

1559 3941 1609 4002 at.
1644 3937 1725 4004 Fecit
1761 3937 1851 4004 etiam
1888 3935 2087 4002 inevitabilem
2123 3935 2312 4004 horrriru'hus
2345 3935 2424 4002 illud
2444 3955 2478 4018 sp
2494 3955 2591 4020 9999.

1466 4043 1586 4128 gratiae
1607 4041 1814 4120 beneficium,
1838 4049 1869 4108 et
1892 4049 2058 4126 propterea
2088 4043 2191 4108 addit:
2215 4043 2295 4106 Ecce
2320 4043 2424 4120 9999,
2456 4009 2591 4106 iisfmm'm'

1466 4167 1506 4212 999
1529 4145 1589 4212 hoc
1612 4145 1742 4212 beatam
1766 4165 1817 4212 ore
1838 4147 1947 4214 dicent
1968 4163 2079 4214 999999
2100 4147 2343 4232 generationes,
2361 4153 2424 4214 tam

1467 4251 1526 4316 viri
1542 4269 1639 4336 qnam
1661 4249 1830 4330 mulieres3
1853 4251 2095 4318 Proverbiorum
2120 4253 2230 4318 ultimo
2245 4253 2286 4316 ¹⁰:
2318 4277 2333 4308 «
2348 4253 2425 4316 Sur-

1466 4361 1623 4422 rexerunt
1658 4355 1712 4420 tilii
1744 4355 1813 4420 eius
1846 4363 1880 4422 et
1907 4355 2120 4424 beatissimam
2143 4357 2425 4442 praedicaverunt:

1466 4461 1516 4526 vir
1539 4459 1608 4526 eins
1631 4469 1662 4526 et
1685 4459 1825 4526 laudavit
1846 4477 1913 4526 earn
1933 4487 1963 4526 ».
1988 4463 2058 4528 Fuit
2081 4469 2186 4528 autem
2216 4463 2306 4544 virgo
2328 4463 2425 4528 llaria
2445 4481 2542 4526 9999.

1468 4565 1563 4630 beata
1581 4571 1710 4648 propter
1732 4565 1890 4632 99999999
1912 4567 2094 4644 9999999999
2120 4569 2278 4634 Psalmus:
2311 4593 2326 4626 c
2341 4567 2426 4634 Beati

1468 4669 1658 4736 immaculati
1685 4669 1716 4736 io
1740 4671 1841 4752 via>›;
1865 4679 1896 4738 et
1933 4673 2131 4758 apocalypsis
2163 4673 2283 4740 decimo
2319 4677 2425 4738 sexto:

1471 4805 1486 4836 «
1504 4779 1635 4858 beatae,
1658 4779 1713 4862 qui
1748 4777 1885 4844 custodit
1918 4781 2103 4846 vestimenta
2138 4799 2212 4858 sua,
2249 4797 2286 4844 ue
2322 4779 2427 4846 nudus

1466 4883 1624 4962 ambulet,
1647 4891 1677 4952 ct
1701 4883 1827 4950 videant
1848 4885 2079 4968 turpitudinem
2101 4885 2169 4952 eins
2186 4909 2216 4964 »;
2246 4891 2276 4952 et
2300 4885 2427 4968 Sapien-

1467 4989 1527 5054 tiae
1550 4989 1660 5054 tevtio:
1691 4989 1806 5054 «Felix
1823 4997 1868 5054 est
1892 4991 2007 5058 sterilis
2030 4999 2061 5056 et
2076 4991 2328 5078 incoinquinata,
2345 5009 2426 5074 quae

1466 5093 1596 5158 nescivit
1633 5101 1736 5160 torum
1772 5093 1803 5158 in
1832 5093 1986 5160 delicto».
2013 5133 2053 5144 -
2082 5099 2151 5162 Fuit
2186 5097 2277 5164 etiam
2303 5095 2426 5160 beatior
2444 5117 2542 5160 9999.

1466 5203 1595 5282 propter
1619 5197 1793 5264 9999999999
1818 5199 2178 5286 999999999999,·999999
2195 5201 2232 5268 ad
2249 5199 2427 5268 Corinthios

1466 5571 1529 5624 Fide
1547 5575 1575 5622 et
1592 5569 1769 5634 symbolae.
1790 5571 1831 5624 to.
1850 5585 1878 5622 n.
1897 5573 1995 5624 23:13r.
2021 5571 2147 5636 quoniam
2165 5573 2214 5624 tria
2234 5575 2309 5636 sunt,
2329 5569 2427 5636 quibus

1467 5661 1546 5710 homo
1567 5665 1680 5724 constat,
1700 5657 1822 5724 spiritate,
1841 5659 1926 5710 anima
1947 5665 1971 5712 et
1989 5675 2100 5724 corpus,
2120 5675 2189 5726 9999
2207 5673 2299 5712 999999
2318 5659 2372 5712 duo
2390 5659 2427 5710 di-

1466 5751 1576 5810 cuntur,
1594 5745 1655 5810 9999
1673 5759 1753 5810 saepo
1772 5747 1858 5798 anima
1878 5747 1956 5798 simul
1983 5759 2044 5798 enm
2065 5747 2156 5810 spiritu
2176 5747 2339 5810 nominatum
2366 5757 2427 5810 pars

1466 5833 1536 5882 eninr
1556 5833 1688 5898 quaedam
1708 5831 1826 5900 eiusdem
1843 5835 1989 5896 rationalis,
2009 5849 2061 5900 qua
2081 5839 2169 5886 carent
2183 5833 2295 5896 bestiae,
2314 5831 2427 5898 spiritus

1467 5919 1578 5982 dieitur:
1596 5919 1739 5984 principale
1758 5927 1877 5972 nostrum
1896 5921 2005 5984 spiritus
2022 5927 2074 5982 est:
2092 5919 2189 5972 deinde
2207 5921 2275 5980 vita,
2294 5931 2345 5984 qua
2366 5929 2427 5972 cou-

1466 6005 1600 6070 iungimur
1619 6005 1737 6070 corpori,
1757 6005 1849 6060 99999
1869 6005 1976 6068 dicitur:
1996 6017 2130 6070 postremo
2143 6005 2229 6068 ipsum
2247 6017 2427 6068 corpusque-

1466 6095 1536 6146 niam
1556 6093 1659 6146 visibile
1679 6101 1731 6156 999,
1751 6093 1873 6146 9999999
1892 6101 2010 6146 nostrum
2023 6099 2071 6146 est.
2084 6091 2135 6144 Cir.
2147 6095 2175 6142 ll.
2190 6095 2259 6144 Sept.
2272 6091 2298 6142 d.
2313 6093 2337 6142 8.
2356 6107 2383 6156 p.
2396 6091 2424 6146 ll.

1466 6195 1494 6246 q.
1514 6183 1536 6232 3.
1556 6181 1583 6230 99
1601 6193 1683 6242 corp,
1703 6179 1748 6230 ubi
1768 6179 1800 6230 de
1820 6179 1922 6230 animae
1941 6191 2075 6242 supremo.

1538 6263 1548 6294 ⁸
1570 6267 1645 6320 Vers.
1663 6267 1708 6318 33.
1724 6293 1763 6306 -
1780 6265 1907 6332 Superius
1933 6271 1993 6330 post
2017 6263 2160 6318 amabilem
2179 6267 2233 6318 Deo
2255 6265 2313 6316 999..
2331 6265 2428 6328 perpe-

1467 6369 1524 6408 ram
1545 6355 1602 6422 (csr.
1621 6353 1687 6404 intra
1715 6369 1740 6404 n.
1769 6353 1824 6422 33.)
1850 6341 2032 6420 prosequitur:
2051 6351 2178 6408 Secrrada
2204 6355 2258 6418 999,
2276 6349 2348 6418 quod
2366 6349 2427 6420 [ecit

1468 6441 1555 6508 99999
1576 6437 1737 6494 laudabilem
1757 6437 1917 6494 9999999699.

1537 6523 1549 6554 ⁹
1572 6531 1644 6578 t'ers.
1662 6527 1689 6580 3.
1707 6553 1742 6566 -
1763 6529 1912 6596 Sequuntur
1932 6529 1972 6580 Ps.
1995 6525 2058 6590 937,
2077 6525 2106 6590 6;
2128 6527 2202 6578 999999.
2223 6525 2329 6590 9Ι,93.
2348 6521 2428 6578 etPs.

1469 6617 1518 6680 39,
1537 6615 1580 6668 96.

1540 6701 1563 6732 ¹⁰
1583 6703 1658 6756 Vers.
1676 6705 1721 6756 38.
1737 6731 1775 6744 -
1793 6705 1858 6758 Tres
1878 6719 1954 6770 seqq.
1979 6701 2028 6754 loci
2057 6707 2118 6752 sunt
2144 6701 2186 6752 Ps.
2211 6701 2220 6752 -9
2229 6701 2275 6766 98,
2298 6701 2325 6764 i:
2343 6699 2427 6764 apoc.

1472 6791 1517 6858 16,
1536 6791 1580 6844 ta.
1598 6797 1625 6842 99
1644 6791 1705 6856 Sap.
1724 6793 1755 6856 3,
1777 6793 1818 6844 93.
