5900 8266
335 2333 412 2390 Quoad
426 2345 475 2380 con·

343 2387 468 2432 troversiam

336 2441 383 2484 litis
398 2443 475 2486 adiuu-

374 2497 430 2540 ctae!

489 561 555 628 290

489 733 591 820 quarti
618 733 735 820 Regum
758 733 887 818 prim0¹
912 733 1044 814 dicitur,
1059 731 1144 818 quod
1167 733 1349 800 «Ochozias
1364 731 1449 800 misit

488 839 616 906 nuntios
630 855 704 906 sum
720 839 844 906 dicens:
863 839 906 906 lte
929 845 959 906 et
977 839 1128 906 consulite
1145 839 1338 918 Beelzebub,
1353 839 1448 906 deum

489 933 625 1012 accaron
640 967 674 1024 a,
695 949 729 1010 et
750 943 831 1010 Beda
855 943 884 1010 in
923 943 1047 1012 Glossa:
1081 969 1099 1004 «
1114 943 1301 1010 asserebant
1323 943 1447 1024 ludaei,

488 1047 519 1114 in
545 1049 605 1114 hoc
626 1045 797 1114 simulacro
824 1047 999 1134 principem
1032 1049 1269 1114 daemoniorum
1295 1047 1447 1116 babitare.

490 1153 547 1220 Per
563 1153 630 1220 ciuis
641 1159 827 1244 potestatem
845 1153 990 1222 dicebant
1001 1153 1105 1222 lesum
1115 1153 1279 1222 daemonia
1292 1141 1405 1222 eiicere
1415 1177 1446 1234 »;

489 1265 518 1326 et
543 1259 612 1326 ideo
634 1259 668 1324 in
690 1265 783 1326 textu
805 1259 936 1326 dicitur:
952 1261 994 1326 ln
1005 1259 1161 1346 principe
1175 1257 1447 1336 daemoniorum:

490 1365 555 1434 sive
576 1365 652 1450 quia
676 1381 789 1432 nomeu
813 1365 912 1432 huius
934 1365 1007 1432 idoli
1032 1371 1101 1434 erat
1124 1365 1349 1444 ridiculosum
1364 1367 1448 1434 rande

490 1477 612 1538 tantum
629 1477 728 1536 ‘sonat
750 1469 947 1552 Beelzebub,
974 1477 1126 1556 quantum
1151 1471 1206 1538 cir
1229 1489 1447 1550 muscarum,-

490 1595 554 1662 quo
574 1575 701 1642 nomine
726 1575 878 1642 uocabant
901 1595 976 1642 eum
998 1575 1103 1642 ludaei
1124 1573 1287 1654 irrisorie,
1304 1573 1385 1642 sicut
1402 1573 1447 1642 di-

490 1681 571 1750 citur
583 1683 618 1750 in
629 1681 737 1750 Glossa
748 1683 770 1762 ²,
791 1681 947 1768 «propter
965 1683 1072 1750 sordes
1090 1681 1233 1762 cruoriS,
1248 1681 1303 1766 qui
1320 1681 1353 1746 in
1369 1687 1446 1748 tem-

489 1789 541 1876 plo
563 1789 631 1858 eius
654 1789 876 1872 immolabatur
890 1815 924 1856 a.
946 1789 1035 1858 Unde
1057 1789 1103 1858 sic
1124 1789 1353 1870 blasphemiam
1375 1805 1447 1872 pro-

489 1895 642 1976 terebant,
670 1897 750 1962 sicut
773 1895 895 1962 loannis
920 1901 1044 1976 ocmvo,
1066 1895 1121 1964 ubi
1145 1895 1279 1962 dicitur:
1308 1919 1324 1952 ι
1341 1893 1447 1960 Nonne

489 2003 568 2068 bene
590 1999 726 2069 dicimus
748 2017 821 2080 noa,
848 2001 923 2088 quia
951 2001 1168 2080 Samaritanus
1197 2019 1233 2068 es
1260 2007 1297 2068 ιι
1320 2005 1353 2068 ιι
1373 1999 1446 2068 ιιι·

490 2107 629 2174 monium
653 2107 801 2174 habesa‘l

577 2211 631 2278 bl.
657 2213 758 2292 (Vecs.
788 2213 993 2290 lithlenie
1023 2231 1101 2280 vero
1130 2217 1287 2298 quantum
1309 2213 1350 2278 ad
1371 2231 1446 2278 coa-

491 2317 688 2386 trooerst'am
710 2317 778 2386 litis
803 2317 983 2386 adiunctae
1004 2319 1127 2388 subdit:
1148 2323 1187 2386 Bt
1210 2317 1273 2386 ulii
1289 2325 1446 2386 tentantes

488 2423 622 2510 siquam
645 2425 686 2492 de
707 2423 798 2492 caclo
819 2425 1024 2514 quaerebant
1040 2425 1080 2494 ab
1106 2447 1149 2494 eo.
1167 2427 1233 2494 Non
1253 2425 1448 2512 quaerebant

489 2531 670 2600 huiusmodi
692 2533 816 2620 siguum
842 2533 880 2602 ad
905 2533 1158 2602 credendumne
1184 2537 1309 2616 fideles,
1334 2535 1388 2602 sed
1414 2541 1447 2603 ut

489 2639 621 2708 rebelles
643 2639 683 2704 nd
704 2639 972 2726 impugnandum,
995 2641 1170 2710 secundum
1184 2641 1262 2708 illud
1281 2641 1448 2710 Salvatoris

490 2743 633 2812 Matthaei
659 2747 809 2830 vigesimo
831 2739 1009 2814 secundun
1042 2773 1056 2806 <t
1071 2747 1151 2830 Quid
1169 2765 1221 2814 me
1236 2747 1372 2828 tentatis,
1389 2749 1460 2836 hyr

489 2851 627 2938 pocritae
641 2859 681 2918 »ι
702 2859 736 2920 ιι
757 2851 791 2918 ιι
818 2853 955 2920 Psalmo:
987 2853 1233 2920 «laniaverunt
1262 2871 1313 2920 me
1343 2859 1447 2938 patres

489 2957 584 3024 uestri
602 2983 619 3016 ι
645 2965 715 3024 etc..
731 2959 764 3022 Bt
791 2959 849 3024 hoc
871 2957 1008 3034 malum,
1034 2957 1116 3024 sicut
1130 2955 1247 3022 dicitur
1271 2957 1391 3040 primae
1409 2957 1446 3024 ad

489 3063 666 3130 Corinthios
688 3063 825 3130 decimo:
850 3089 865 3122 ι
880 3063 989 3146 Neque
1003 3067 1163 3128 tentemus
1178 3061 1351 3140 Christum,
1366 3059 1447 3130 sicut

490 3169 618 3256 quidam
639 3185 750 3236 cocum
775 3175 978 3236 tentaverunt
1004 3175 1037 3234 et
1065 3185 1083 3234 a
1115 3167 1314 3252 serpentibus
1347 3169 1446 3252 peric-

490 3283 612 3340 runt».
636 3275 785 3342 Petebant
806 3283 913 3340 autem
935 3275 1070 3360 siphum
1095 3273 1132 3340 de
1158 3273 1262 3352 caelo,
1290 3273 1372 3340 sicut
1401 3283 1445 3340 to-

489 3379 642 3448 nitruum
675 3389 815 3468 tempore
847 3381 1015 3460 Samuelis,
1053 3381 1148 3466 primi
1180 3381 1298 3466 Regum
1329 3379 1446 3448 duode-

491 3487 615 3568 cimo⁴;
638 3495 694 3556 aut
716 3487 924 3574 emissionem
953 3487 1044 3574 ipm's
1066 3493 1208 3570 tempore
1236 3485 1338 3566 Bliae,
1363 3485 1446 3552 tertii

490 3595 607 3682 Regum
629 3595 752 3664 decimo
774 3601 883 3662 oetan
917 3599 945 3662 et
977 3595 1080 3682 quarti
1107 3595 1224 3682 Regum
1247 3595 1368 3680 primm
1392 3599 1447 3660 aut

489 3701 570 3770 sicut
599 3703 864 3770 retrocessionem
885 3701 966 3768 solis
986 3711 1129 3788 tempore
1154 3703 1316 3782 Ezechiae,
1343 3701 1446 3788 quarti

489 3807 607 3892 Regum
623 3805 783 3892 vigesimo.
798 3841 837 3856 -
852 3807 914 3874 lloc
926 3813 1032 3874 autem
1045 3813 1113 3876 erat
1127 3807 1249 3874 ludaeis
1264 3805 1446 3892 proprium,

489 3913 555 3980 sive
575 3931 633 3996 per
657 3909 954 4000 assuefactionem
973 3913 1056 3982 unde
1070 3913 1192 4000 primae
1214 3913 1253 3980 ad
1269 3913 1448 3980 Corinthios

489 4021 590 4106 primo
604 4019 633 4084 ⁵:
666 4019 801 4086 «ludaei
823 4021 914 4106 signa
935 4027 1114 4106 quaerunt,
1137 4027 1170 4086 et
1192 4019 1301 4086 Graeci
1325 4019 1447 4104 sapien·

489 4125 609 4204 damin
632 4131 664 4194 et
686 4127 754 4194 ideo
779 4127 888 4194 Petrus
915 4131 1023 4212 potens
1049 4127 1078 4192 iu
1097 4127 1193 4212 signis
1208 4125 1268 4192 luit
1284 4127 1448 4210 Apostolus
1476 4129 1477 4132 ’

489 4231 526 4298 ad
552 4231 696 4312 ludaeos,
722 4231 775 4300 scd
800 4233 915 4300 Paulus
938 4233 971 4300 in
994 4233 1165 4320 sapientia,
1187 4231 1449 4318 auganensium

490 4331 580 4406 ctiam
608 4345 736 4424 propter
769 4339 1036 4406 incredulitatem
1065 4345 1099 4408 et
1127 4339 1311 4420 duritiam,
1337 4357 1448 4406 secun·
1476 4339 1477 4342 ’

489 4443 564 4510 dum
587 4445 673 4528 quod
693 4445 776 4510 dixit
793 4447 971 4532 Stephanus
986 4447 1120 4512 lctunn
1136 4445 1269 4530 septimo
1282 4447 1311 4510 ιι
1336 4471 1352 4504 a
1363 4445 1449 4512 Bura

488 4547 627 4630 ceruice,
660 4555 690 4618 et
714 4549 942 4618 incircumcisis
971 4549 1119 4618 cordibus
1146 4555 1178 4618 et
1209 4549 1361 4630 auribus,
1392 4567 1448 4618 uos

488 4673 613 4740 semper
635 4655 763 4742 Spiritui
791 4663 897 4724 sancto
923 4655 1123 4724 restitistis».
1148 4655 1236 4724 Unde
1262 4657 1447 4740 Chrysoste

488 4763 603 4830 musi:
625 4765 782 4848 «Semper
805 4763 931 4830 discere
953 4761 1080 4848 signum
1103 4767 1151 4828 cst
1175 4781 1339 4848 nunquam
1357 4779 1448 4846 posse

489 4869 655 4954 prolicere:
680 4869 724 4936 sic
748 4885 873 4954 semper
896 4867 1118 4936 testimoniium
1140 4887 1301 4954 quaerere
1323 4867 1448 4952 signum

377 5039 378 5042 ,
459 4963 461 4968 ’
488 4981 536 5040 est
559 4993 721 5060 uunquam
743 4975 822 5042 uelle
848 4975 978 5042 credere
992 5001 1022 5038 a.
1050 4975 1084 5038 Bt
1109 4973 1169 5042 hoc
1191 4975 1319 5060 quidem
1337 4989 1446 5040 ceruum

560 5357 569 5390 ¹
589 5359 664 5412 Vers.
678 5359 701 5410 ι.
716 5385 752 5398 -
764 5359 883 5424 Sequens
903 5359 993 5410 Glossa
1010 5363 1051 5412 est
1067 5355 1213 5412 ordinaria
1226 5359 1251 5410 in
1270 5361 1332 5412 Luc.
1349 5359 1390 5422 il,
1406 5361 1446 5414 ιι.

560 5443 570 5476 ¹
589 5447 689 5512 Nempe
707 5443 852 5502 ordinario
871 5443 897 5496 ia
919 5447 982 5498 Lue.
1007 5445 1057 5510 ll,
1077 5445 1124 5498 ts:
1142 5447 1226 5500 Ninus
1247 5459 1307 5512 rex,
1326 5445 1446 5500 conditor

491 5535 594 5604 Ninive,
608 5535 669 5588 Belo
682 5535 748 5600 patri
765 5547 815 5586 suo
833 5539 946 5586 statuam
967 5533 1128 5586 consecravit
1147 5533 1227 5600 eique
1243 5533 1351 5588 divinos
1368 5537 1446 5586 hono·

490 5639 531 5678 res
551 5623 673 5690 instituit,
691 5623 765 5677 cuius
779 5623 912 5676 simulacri
923 5621 1122 5676 similitudinem
1134 5623 1309 5688 suscipientes
1322 5621 1446 5676 Chaldaei

490 5709 537 5766 Bel
554 5709 696 5774 vocabant,
725 5709 862 5764 Palaestini
878 5709 1052 5776 suscipientes
1068 5709 1140 5764 Baal
1165 5709 1299 5774 dicebant,
1319 5707 1447 5764 Moabdae

485 5799 666 5874 decipimur,
684 5799 771 5854 ludaei
792 5809 892 5866 autem,
909 5799 987 5854 unius
1004 5799 1050 5852 Dei
1067 5801 1194 5864 cultores,
1215 5803 1322 5866 propter
1342 5797 1447 5852 derisio·

491 5903 552 5944 nem
572 5887 708 5956 gentilium
737 5887 881 5944 Beelzebub
900 5887 1096 5954 appellabant...
1114 5887 1140 5940 id
1161 5891 1200 5942 est
1219 5887 1258 5942 vir
1279 5901 1446 5956 muscarum,

491 5981 549 6034 sive
565 5979 666 6034 habens
685 5993 805 6042 muscas,
822 5983 932 6042 propter
954 5977 1048 6032 sordes
1069 5977 1172 6032 cruoris
1188 5983 1240 6030 etc.
1258 5977 1310 6030 Cir.
1329 5977 1446 6044 Hieron,

491 6067 544 6120 Vll.
563 6067 590 6118 in
609 6071 699 6122 Ezech.
720 6069 768 6130 23,
790 6067 830 6118 ιι.
851 6079 925 6132 seqq.
943 6071 971 6118 et
988 6067 1004 6118 l.
1025 6065 1173 6118 Commeat.
1190 6065 1218 6118 in
1237 6065 1324 6118 hlatth.
1345 6063 1390 6130 lc,
1405 6063 1446 6118 ιι.

491 6157 559 6210 Vide
568 6157 651 6228 etiam
665 6157 761 6222 isidor,
777 6155 837 6208 Vlll.
852 6155 999 6220 Etymolog.
1011 6167 1037 6206 c.
1050 6155 1092 6206 ll.
1105 6169 1129 6208 n.
1145 6157 1187 6208 2³.
1200 6167 1290 6220 seqq„
1301 6157 1327 6206 et
1340 6153 1446 6220 Bedam,

491 6247 532 6300 lV.
553 6247 576 6298 iu
596 6247 659 6298 Luc.
680 6247 728 6310 ll,
746 6243 790 6296 ab.
809 6271 845 6280 -
864 6241 982 6296 Subinde
1000 6243 1126 6308 allegatur
1146 6245 1215 6296 loan.
1236 6243 1266 6310 8,
1285 6241 1329 6294 ιι.

560 6331 571 6364 ⁸
590 6321 666 6388 Vers.
680 6333 721 6386 l8.
734 6359 768 6380 ·.-·
781 6333 838 6384 Duo
852 6343 927 6400 seqq.
938 6333 990 6384 loci
1000 6337 1062 6384 sunt
1074 6331 1116 6386 Ps.
1128 6331 1173 6396 el,
1186 6331 1212 6382 9.
1226 6335 1250 6384 ιι
1262 6331 1283 6384 l.
1293 6329 1354 6386 Cor.
1366 6331 1410 6398 lo,
1423 6331 1446 6384 9.

560 6421 666 6480 ‘Vere
686 6425 730 6478 ts.
747 6451 784 6462 -
803 6423 953 6490 Sequuntur
973 6423 1008 6474 lll.
1028 6423 1094 6486 Bag.
1123 6421 1170 6488 l8,
1188 6421 1233 6492 38.
1252 6419 1309 6484 (cir.
1338 6437 1363 6474 v.
1392 6421 1446 6490 ιι.)

492 6519 516 6568 ιι
532 6515 577 6568 lV.
598 6517 666 6580 Bag.
686 6515 714 6580 1,
732 6513 771 6566 lli.
786 6511 843 6580 (cir.
863 6525 890 6562 v.
914 6511 1000 6578 laet
1019 6511 1086 6578 tl.);
1106 6511 1149 6562 lV.
1169 6511 1235 6574 Beg.
1253 6511 1301 6576 20,
1320 6511 1363 6562 lo.
1382 6525 1446 6580 seqq

492 6607 537 6658 cir.
556 6603 672 6666 Hieron,
690 6603 717 6654 ll.
737 6601 882 6656 Comment.
903 6599 928 6652 in
946 6599 1034 6652 Matth.
1055 6601 1104 6666 la,
1121 6601 1165 6652 38.

558 6689 569 6720 ⁵
587 6691 663 6744 Vers.
683 6691 725 6764 ιι.
739 6689 886 6744 lectionem
900 6687 1029 6752 Vulgatae
1042 6685 1104 6740 uide
1115 6701 1195 6754 supra
1209 6701 1273 6754 pag.
1293 6687 1335 6756 li,
1349 6693 1409 6742 nota
1422 6689 1446 6742 9.

491 6807 525 6820 -
547 6779 654 6832 interius
674 6793 723 6846 pro
734 6781 827 6850 polens
847 6775 1186 6846 tremebundasque,
1206 6789 1277 6844 quae
1290 6777 1368 6832 etiarn
1387 6787 1447 6844 post

493 6867 595 6934 Paulus
614 6869 687 6922 addit
702 6867 806 6922 valens.

1094 555 1288 624 conusur.
1311 557 1351 624 ru
1373 557 1612 640 ιιιιιιιιι
1634 555 1752 626 uucau
1778 553 1807 624 c.
1834 553 1881 622 ι.

1511 739 1576 814 ιει;
1602 733 1729 818 quando
1750 729 1835 800 enirn
1856 729 2045 800 subicientis
2069 729 2244 798 testimonia
2269 731 2424 800 habebant
2440 733 2472 800 in

1511 835 1623 916 terris,
1649 855 1713 904 uon
1735 835 1901 922 oportebat
1922 851 2078 922 quaerere
2094 835 2181 928 signa
2198 835 2235 904 de
2251 833 2361 916 caelis;
2389 835 2472 916 uode

1512 943 1633 1012 loannis
1658 943 1820 1022 deciman
1851 941 1998 1030 «Opera,
2024 959 2104 1028 quae
2120 959 2176 1028 ego
2193 939 2273 1008 facio
2288 941 2321 1008 iu
2344 941 2470 1012 nomine

1511 1049 1612 1116 Patris
1624 1049 1715 1126 mei,
1737 1049 1804 1132 ipsa
1829 1047 2006 1116 testimonia
2030 1045 2197 1132 perhibent
2219 1045 2259 1114 de
2281 1063 2334 1114 me
2348 1045 2379 1112 i.
2471 1115 2472 1120 ,

1566 1139 1567 1144 ’
1601 1155 1653 1222 ιι,
1678 1151 1908 1240 Spiritaalitcr
1922 1163 2029 1222 autem
2045 1153 2199 1222 Dominus
2219 1153 2302 1222 dedit
2318 1153 2416 1242 sipna
2433 1153 2470 1224 in
2500 1175 2609 1240 aposita

1511 1261 1622 1342 terris,
1647 1261 1764 1330 scilicet
1789 1261 1875 1348 sigua
1901 1261 2100 1330 launcilitatis
2120 1269 2151 1328 ec
2168 1261 2397 1348 paupertatis,
2418 1279 2469 1330 se·
2488 1231 2616 1286 ⁸¹¹¹‘¹²⁰³¹¹’'

1511 1369 1651 1434 cundum
1675 1365 1752 1434 illud
1777 1385 1873 1450 supra
1897 1369 2079 1436 secundm:
2106 1369 2201 1434 alloc
2217 1365 2304 1432 uobis
2329 1367 2470 1454 signum:

1509 1471 1675 1540 invenietis
1690 1471 1842 1540 infantem
1857 1473 1970 1556 pannis
1984 1473 2203 1542 inuolutum».
2218 1471 2277 1540 Sed
2288 1471 2378 1540 multi
2397 1471 2472 1540 huic

1510 1579 1600 1666 signo
1615 1597 1677 1646 non
1694 1577 1844 1658 credunt,
1859 1585 1896 1644 ut
1912 1579 2038 1666 superbi
2055 1589 2089 1648 et
2102 1579 2287 1660 ambitiosi,
2301 1579 2357 1666 qui
2374 1597 2471 1666 quae-

1509 1689 1587 1750 runt
1610 1683 1772 1750 Christum
1794 1701 1857 1750 uon
1880 1683 1913 1750 iu
1937 1685 2114 1752 humilitate
2140 1687 2260 1768 ιιιιιε,
2284 1687 2339 1756 sed
2360 1687 2394 1754 in
2415 1705 2472 1772 ap·

1509 1789 1611 1876 petitu
1634 1789 1764 1858 honoris
1794 1795 1825 1858 ιι
1853 1789 1965 1858 laudis.
1999 1791 2036 1858 Bt
2058 1799 2162 1858 tamen
2186 1793 2301 1862 dicitur
2326 1793 2471 1860 hlatthaei

1509 1895 1661 1982 vigesimo
1682 1903 1810 1982 quarto:
1843 1899 1964 1964 aruns
1985 1897 2152 1980 apparebit
2171 1897 2296 1984 signum
2325 1897 2391 1964 Filii
2413 1899 2471 1966 bo-

1508 2001 1603 2068 minis
1625 2001 1657 2068 in
1680 2002 1798 2070 caelo»
1827 2009 1885 2070 etc.
1910 2003 1987 2068 lluic
2023 2007 2127 2070 autem
2163 2001 2383 2070 contradicunt
2416 2019 2471 2068 su·
2573 2017 2578 2026 ·

1509 2107 1617 2194 perbi,
1651 2107 1825 2176 secundum
1859 2107 1936 2176 illud
1973 2125 2069 2194 supra
2094 2107 2229 2176 secundo
2241 2107 2286 2174 ¹⁰:
2316 2133 2333 2166 (ι
2349 2107 2472 2176 Ροειιιε

1510 2221 1557 2282 est
1582 2213 1632 2282 hic
1669 2215 1701 2282 in
1736 2215 1875 2302 siguum,
1901 2215 1952 2286 cui
1986 2215 2268 2296 contradicetur»,
2294 2215 2370 2302 quia
2405 2231 2467 2292 non

1510 2323 1612 2408 placet
1634 2321 1680 2390 eis
1703 2327 1803 2390 status
1828 2323 2034 2404 liuuuilitatis,
2057 2323 2111 2392 sed
2135 2323 2302 2408 dignitatis.
2329 2319 2414 2390 Unde
2437 2319 2469 2390 iu

1511 2427 1648 2494 Psalmo:
1676 2455 1692 2486 ι
1711 2431 1885 2496 Posucrant
1910 2429 1995 2516 signa
2016 2429 2205 2516 sua-signa
2220 2455 2251 2508 a,
2277 2427 2395 2496 scilicet
2416 2445 2471 2494 su-

1510 2537 1639 2622 perbiae
1663 2543 1693 2604 ιι
1718 2537 1878 2616 ιιειιιιιι,
1902 2539 2079 2604 secundum
2109 2535 2188 2604 illud
2217 2535 2392 2620 Sapientiae
2420 2551 2470 2602 se·

1510 2641 1626 2708 cundo:
1647 2667 1663 2700 a
1674 2641 1900 2726 Belinquamus
1915 2641 2034 2726 ubique
2048 2641 2139 2726 signa
2154 2639 2288 2706 laetitiae
2299 2647 2424 2710 nostrae
2438 2665 2470 2718 a,

1510 2747 1578 2814 sine
1602 2749 1719 2832 quibus
1751 2747 1850 2832 signis
1882 2749 1993 2812 nolunt
2018 2747 2124 2830 scqui;
2151 2745 2232 2812 unde
2264 2747 2295 2812 in
2331 2747 2469 2824 Psalmo:

1516 2881 1533 2910 (ι
1549 2853 1641 2938 Signa
1665 2859 1773 2920 nostra
1795 2871 1857 2918 non
1880 2851 2047 2918 vidimus»
2078 2859 2136 2918 eto.

1601 2957 1654 3022 b3.
1679 2959 1751 3040 lpse
1776 2965 1906 3034 uatem,
1928 2965 1967 3022 ui
1994 2955 2081 3022 etati
2102 2955 2315 3044 copiiotioncs
2338 2975 2464 3036 corum,
2500 2977 2634 3044 ¹saumana.

1510 3061 1599 3128 dicit
1619 3061 1674 3126 cis.
1702 3061 1771 3128 Post
1794 3061 2031 3148 expressionem
2052 3061 2172 3130 fraudis
2201 3061 2342 3130 iudaicae
2360 3061 2468 3128 subdi·
2486 3043 2636 3128 aalaidis

1511 3172 1564 3234 tur
1589 3167 1640 3234 hic
1664 3167 1863 3254 improbatio
1885 3163 2026 3256 fraudis
2047 3187 2222 3256 expressae
2234 3169 2271 3234 1².
2295 3169 2394 3236 Habet
2415 3187 2469 3236 au·
2501 3149 2619 3246 ἓῖἓιῖἶιιῗ

1510 3281 1573 3340 tem
1599 3293 1673 3360 pars
1692 3275 1755 3340 ista
1779 3281 1853 3342 tres.
1869 3275 1905 3342 lu
1919 3293 2055 3362 quarum
2074 3275 2175 3362 prima
2190 3275 2321 3360 ponitur
2345 3267 2469 3360 impro-
2498 3243 2621 3300 mmm*

1511 3379 1600 3448 balio
1621 3379 1804 3466 salsitatis:
1829 3381 1860 3448 in
1883 3381 2022 3448 secunda
2037 3399 2127 3460 uero,
2145 3379 2367 3466 comprobatio
2385 3381 2469 3448 vcia·-

1511 3487 1608 3566 cecis,
1632 3487 1675 3554 ibi
1689 3487 1734 3552 ¹²:
1760 3487 1845 3556 Cum
1865 3487 1968 3574 fortis
1989 3497 2148 3554 carmadas
2169 3487 2312 3554 custodit
2336 3493 2412 3566 etc.;
2436 3487 2469 3556 iu

1510 3595 1620 3674 tertia,
1646 3593 1833 3680 reprobatio
1850 3585 2050 3674 dolositatis,
2076 3595 2138 3662 ibi:
2165 3595 2247 3662 Cum
2273 3593 2469 3662 immundus

1509 3699 1654 3788 spiritus
1676 3701 1792 3766 exierit
1815 3701 1858 3778 ab
1881 3697 2011 3768 bomine
2034 3707 2093 3768 ιιι.

1600 3805 1632 3872 lu
1658 3805 1874 3892 improbando
1899 3805 2080 3894 falsitatem
2096 3805 2236 3892 procedit
2260 3807 2319 3874 hoo
2343 3805 2467 3874 ordine:
2505 3823 2634 3880 improbans

2478 3879 2580 3922 falsitatis
2594 3889 2635 3934 por
2710 3883 2711 3886 ’

1509 3913 1613 4000 primo
1635 3913 1763 3990 deducit
1785 3913 1824 3980 ad
1848 3913 2064 4000 manifestam
2090 3913 2301 4000 impossibile,
2328 3913 2530 3982 secundun-a.
2589 3947 2591 3952 ,

1511 4021 1657 4106 perducit
1679 4019 1719 4086 ad
1740 4017 1866 4106 falsum
1901 4019 2134 4106 improbabile,
2161 4021 2250 4086 tertio
2282 4021 2407 4098 reducit
2427 4019 2466 4086 ad

1510 4145 1628 4194 oerum
1654 4123 1836 4214 infallibile.
2224 4193 2225 4196 ,

1601 4233 1655 4316 bh.
1672 4233 1774 4318 (Vers.
1795 4235 1845 4300 l7.
1864 4233 1939 4316 is).
1966 4231 2068 4298 Primo
2085 4231 2180 4318 igitur
2197 4231 2324 4300 deducit
2339 4232 2377 4300 ad
2395 4249 2469 4300 uta·
2487 4249 2592 4294 ranan.

1509 4337 1672 4426 nifastem
1694 4339 1913 4426 impossibile,
1937 4357 2010 4406 cum
2035 4339 2125 4406 dicit:
2154 4339 2254 4406 Omne
2277 4339 2470 4426 repham-in

1511 4465 1547 4512 se
1568 4447 1680 4532 ipsam
1703 4445 1850 4514 diuisum
1872 4445 2097 4540 desolabitur,·
2117 4445 2151 4512 in
2173 4463 2237 4530 quo
2261 4445 2394 4514 intendit
2409 4447 2470 4512 tale

1509 4557 1735 4638 argumentum
1758 4551 1878 4618 iacere:
1904 4567 1995 4618 omne
2013 4569 2147 4636 regnum
2162 4551 2296 4618 divisum
2315 4551 2374 4618 laco
2391 4551 2469 4636 ipsc,

1510 4659 1598 4744 quod
1619 4657 1773 4726 dividitur
1806 4657 1839 4724 iu
1869 4675 1919 4738 se,
1942 4657 2134 4738 destruitur;
2158 4657 2212 4724 sed
2240 4657 2268 4724 si
2290 4675 2375 4724 unus
2392 4657 2471 4732 dae-

1513 4783 1587 4834 mon
1611 4765 1695 4834 eiicit
1718 4763 1834 4844 alium,
1858 4771 1981 4832 sannas
2005 4765 2038 4830 in
2068 4783 2102 4832 se
2129 4765 2232 4850 ipsum
2258 4763 2379 4832 diuisus
2402 4771 2468 4830 est:

1512 4889 1589 4956 ergo
1611 4889 1674 4936 non
1697 4877 1758 4936 stat
1781 4871 1851 4938 eius
1884 4889 2030 4954 regnum.
2061 4871 2213 4954 Sequitur
2243 4869 2358 4954 igitur,
2384 4869 2469 4954 quod

1513 4981 1636 5042 satanas
1661 4975 1728 5058 ipse
1748 4973 1893 5042 destruat
1922 4991 2018 5040 suum
2040 4989 2172 5058 regnum
2207 4981 2236 5042 ιι
2265 4973 2388 5040 ιιιιιιι
2409 4973 2469 5040 ειιι

1582 5343 1686 5412 θιίιε.
1707 5359 1749 5422 st,
1769 5357 1815 5412 ubi
1829 5371 1876 5422 pro
1898 5355 2022 5412 cordibus
2033 5347 2181 5410 'hCBFH
2201 5359 2281 5412 corde
2298 5357 2333 5426 (G
2350 5359 2412 5426 legit
2430 5357 2470 5414 in·

1511 5447 1667 5504 circumcisi
1682 5443 1783 5516 corde),
1802 5453 1828 5500 et
1847 5461 1895 5512 pro
1913 5443 2047 5500 restilistis
2070 5447 2178 5512 Vulgata
2199 5445 2333 5502 resistitis.

1583 5533 1593 5566 ι
1613 5537 1707 5590 liomil.
1727 5535 1770 5590 30.
1788 5535 1814 5588 ιι
1835 5537 1920 5588 hlatth.
1941 5537 1989 5600 li,
2005 5537 2050 5588 3ι.
2065 5527 2126 5602 (Op.
2141 5535 2308 5604 imperfecti:
2324 5539 2389 5590 Nam
2402 5535 2469 5590 sicut

1511 5641 1617 5692 semper
1635 5625 1737 5682 discere
1754 5625 1860 5692 signum
1878 5631 1918 5678 est
1944 5625 2009 5680 nihil
2029 5639 2106 5692 posse
2123 5627 2253 5692 prolicere
2273 5625 2332 5694 [cir.
2351 5629 2378 5680 ll.
2399 5625 2467 5680 Tim.

1511 5717 1538 5780 3,
1556 5713 1590 5768 7:
1608 5715 1721 5784 Semper
1739 5713 1879 5780 abuentes,
1904 5723 1926 5770 ct
1955 5729 2098 5784 uunquam
2118 5713 2157 5770 od
2181 5713 2322 5770 scientium
2345 5713 2468 5770 ueritatis

1505 5803 1723 5872 pervenientesJ,
1741 5803 1780 5858 sic
1792 5803 1903 5872 siphum
1920 5819 2027 5870 semper
2039 5811 2142 5872 petere,
2156 5803 2334 5856 testimonium
2346 5809 2386 5856 est
2403 5817 2466 5856 nun·

1508 5907 1593 5962 quam
1611 5893 1677 5946 velle
1695 5891 1810 5946 credere.
1831 5893 1879 5946 Pro
1901 5893 2012 5962 Semper
2026 5891 2127 5948 ducere
2141 5893 2184 5962 (ita
2198 5891 2277 5944 etiam
2289 5891 2364 5946 Card.
2379 5893 2467 5962 lingo)

1510 5983 1590 6036 codd.
1609 5987 1634 6034 et
1655 5985 1712 6036 Vat.
1730 5981 1844 6052 Semper
1859 5981 2019 6038 discredere.

1582 6067 1685 6124 ”Vera
1706 6073 1752 6136 ιι,
1772 6071 1817 6126 ιιι
1837 6085 1884 6138 pro
1904 6071 1965 6140 ipsu
1989 6069 2143 6126 testimonia
2169 6073 2283 6136 Vulgata
2309 6069 2376 6124 haee
2395 6069 2467 6124 lesti-

1511 6159 1645 6214 monium.

1581 6245 1686 6304 ”Vera
1709 6251 1748 6304 ll.
1768 6249 1819 6304 Cir.
1839 6265 1919 6316 supra
1937 6263 1963 6304 c.
1980 6251 2004 6302 ι.
2033 6265 2058 6302 ι.
2081 6249 2121 6304 iii.
2140 6277 2175 6290 -
2204 6247 2322 6302 Subinde
2339 6247 2469 6314 allegatur

1511 6337 1601 6390 hlatth.
1621 6337 1670 6402 il,
1688 6339 1731 6390 39.
2388 6381 2389 6384 ,
2454 6355 2457 6362 ·

1583 6423 1606 6456 ¹⁰
1623 6429 1699 6482 Vens.
1719 6427 1760 6482 3ι.
1781 6455 1815 6468 -
1836 6431 1902 6484 Tres
1919 6445 1992 6498 seqq.
2012 6427 2061 6484 loci
2081 6433 2141 6482 sunt
2158 6431 2199 6482 Ps.
2217 6427 2268 6496 73,
2282 6427 2310 6490 ι,
2326 6427 2386 6490 Sap.
2404 6427 2427 6490 ι,
2442 6427 2469 6480 9.

1511 6525 1538 6572 et
1556 6517 1596 6570 rs.
1614 6515 1664 6584 73,
1683 6519 1709 6570 9.

1583 6603 1675 6660 ¹¹th
1694 6619 1775 6672 supra
1787 6623 1812 6658 n.
1833 6607 1875 6660 36.

1583 6691 1605 6726 ²²
1624 6697 1698 6749 Vecs.
1721 6695 1768 6762 ιι;
1787 6697 1860 6750 tertia
1879 6711 1942 6762 pars
1955 6697 2046 6764 incipit
2063 6711 2091 6748 v.
2109 6695 2158 6760 ιι,
2176 6693 2224 6748 ιιι
2243 6695 2355 6760 Vulgata
2374 6695 2406 6748 de
2423 6693 2469 6748 ho·

1510 6781 1583 6838 mine
1602 6797 1651 6850 pro
1669 6781 1704 6838 ab
1722 6783 1829 6838 homine
1846 6785 1893 6852 (ita
1917 6785 1995 6838 etiam
2024 6783 2100 6838 Card.
2120 6783 2211 6850 Bago,
2228 6785 2259 6838 B.
2278 6783 2375 6838 albert.
2395 6791 2419 6836 et
2440 6785 2467 6834 S.

1511 6871 1616 6940 Thom,
1634 6871 1690 6926 Cat.
1709 6885 1788 6926 aurea
1806 6873 1833 6926 in
1852 6875 1914 6928 Luc.
1933 6887 1957 6928 c.
1979 6873 2022 6928 ιι.
2042 6887 2069 6926 u.
2086 6871 2137 6940 7.).
