5908 8266
552 611 615 678 836
767 637 768 640 “
1170 603 1172 608 ’
1235 671 1237 676 ,
1416 611 1532 678 INDEX
1554 611 1683 678 RERUM

837 701 897 754 scu
2195 699 2256 752 suu

607 789 743 840 84444444
764 791 858 840 -Per
870 789 969 842 litteras
981 789 1131 854 Scripturae
1145 789 1191 840 Do·
1227 801 1326 846 rarumv
1344 785 1492 852 intelligitur
1523 799 1571 852 per
1600 791 1799 840 monumentum
1832 787 1863 840 Vl
1901 801 1974 842 sacra
1994 787 2128 850 Scriptura
2147 785 2252 838 auditur
2274 787 2415 842 concordia
2440 793 2464 842 et
2483 791 2541 846 har·

551 875 639 926 miuus
657 875 772 940 loquitur
790 875 865 928 nohis
884 877 918 928 Vl
935 875 987 928 677
1001 875 1074 928 443
1089 903 1123 916 -·
1137 875 1191 940 Spi·
1228 871 1315 926 6194
1901 875 1988 932 monia
2017 875 2083 928 iutra
2111 873 2230 926 membra
2260 875 2387 926 Ecclesiae
2413 875 2475 930 ibid.
2498 901 2540 932 ,-

461 1019 464 1026 .
551 963 616 1014 ritus
635 967 738 1016 sanctus
758 967 797 1016 est
820 969 910 1016 auctor
927 977 1020 1016 sacrae
1041 965 1191 1028 scripturae
1280 985 1317 998 —
1334 959 1429 1010 Panem
1451 961 1571 1024 frangere
1589 963 1629 1010 est
1646 961 1806 1024 Scriptttrarn
1827 973 1865 1012 611·
1901 959 2248 1028 praedicatpocniteutium,
2261 961 2372 1028 gratiam
2391 967 2416 1014 et
2429 963 2538 1014 salutern

554 1049 582 1100 41
606 1063 621 1100 4
641 1079 673 1088 --
693 1049 804 1114 Spiritus
833 1057 936 1120 sanctia
965 1055 1044 1104 totam
1077 1051 1193 1104 condidit
1226 1061 1328 1120 ponere
1346 1047 1380 1100 ad
1399 1047 1575 1112 cognitionem
1591 1047 1708 1100 veritatis
1725 1047 1760 1100 Vl
1778 1045 1864 1100 6664
1901 1047 2538 1112 46.46-444441444441444446444464444,

552 1137 717 1202 scripturam
734 1145 760 1190 et
785 1143 825 1190 cst
846 1139 903 1190 cius
920 1145 1013 1192 auctor
1034 1139 1085 1190 446
1103 1139 1137 1190 47
1156 1165 1191 1178 -
1227 1163 1263 1172 -
1282 1133 1449 1200 intelligentia
1463 1137 1575 1202 perlecta
1589 1135 1782 1200 scripturorum
1800 1135 1866 1198 bgu·
1901 1137 2037 1202 argueudo
2057 1138 2133 1200 salsa,
2151 1137 2298 1190 erudiendo
2312 1139 2343 1190 64
2364 1137 2538 1202 4441164444-

552 1223 651 1278 Omnes
668 1223 728 1276 libri
747 1225 899 1292 scripturae
925 1227 1025 1292 Spiritu
1042 1229 1132 1280 sancto
1151 1225 1190 1280 di·
1227 1227 1300 1276 rator
1319 1235 1365 1286 444
1385 1223 1476 1274 64444
1496 1235 1574 1274 ranas
1591 1223 1635 1274 Vll
1655 1223 1706 1274 479
1725 1223 1760 1274 49
1901 1223 2021 1288 44444464
2038 1237 2163 1288 perversa
2184 1225 2215 1278 Vl
2237 1225 2286 1278 666
2309 1227 2318 1276 4

551 1319 639 1368 ctante
665 1319 726 1366 sunt
752 1313 816 1368 editi
835 1317 849 1366 8
869 1313 930 1382 q.l
952 1313 979 1366 4*
998 1319 1111 1366 —sunt
1129 1327 1193 1378 sug·
1283 1311 1396 1366 -Per
1421 1309 1571 1374 Scripturas
1601 1309 1769 1374 cognoscitur
1795 1309 1866 1360 Deus
1955 1309 2103 1364 Scurra-
2117 1313 2280 1376 spiritualiter
2294 1317 2379 1378 pctcst
2393 1313 2538 1376 61446644,

552 1407 642 1466 gestae
659 1415 708 1466 per
725 1399 855 1454 Christum
874 1407 901 1454 et
918 1415 966 1466 per
990 1401 1115 1466 Spiritum
1136 1415 1191 1454 sau·
1228 1397 1263 1448 Vl
1277 1397 1506 1450 31667-44644
1516 1397 1664 1462 scripturae
1674 1403 1713 1450 est
1722 1397 1866 1460 proximior
1901 1397 2013 1452 rerhurn
2031 1399 2089 1464 Dei,
2109 1401 2200 1466 oratio,
2213 1403 2342 1470 aequitas,
2363 1403 2538 1466 eleemosyna,

551 1495 622 1544 ctum
642 1487 753 1556 scriptae
773 1489 816 1542 Vll
836 1491 850 1542 3
871 1491 942 1544 3-
961 1487 1065 1554 Triplex
1084 1487 1191 1542 esicius
1227 1483 1294 1538 libro
1308 1485 1378 1538 vitae
1391 1499 1470 1550 444444
1482 1483 1548 1538 liber
1562 1491 1698 1538 creaturae
1709 1485 1752 1536 Vll
1766 1483 1863 1538 44633
1900 1487 2032 1550 patientia,
2051 1487 2199 1540 obedientia
2218 1489 2322 1542 11446
2340 1505 2369 1542 r.
2387 1489 2415 1540 41

525 1593 630 1630 ’44444
650 1577 798 1630 4444414444
821 1579 852 1628 46
871 1565 1025 1644 —Tripiex
1048 1585 1088 1632 est
1111 1589 1191 1632 causa
1280 1573 1353 1624 —ln
1369 1571 1502 1638 Scriptura
1516 1571 1626 1636 Spiritus
1643 1579 1748 1626 sanetus
1761 1571 1794 1624 de
1814 1585 1863 1624 una
1953 1573 2067 1626 8444444
2084 1575 2226 1628 *Plebis
2255 1583 2293 1630 est
2320 1581 2419 1630 secreta
2446 1573 2537 1628 diviua
2619 1625 2620 1628 ,

554 1665 672 1718 11441446
694 1665 734 1730 43,
756 1665 788 1718 44
1226 1675 1257 1716 44
1274 1661 1386 1726 4444414
1402 1661 1490 1714 varios
1510 1661 1651 1714 intellectus
1669 1661 1780 1716 exterius
1800 1661 1864 1716 edn—
1886 1661 2037 1724 admirari,
2057 1675 2109 1714 non
2123 1667 2277 1728 perscrutari
2300 1667 2341 1720 1111
2363 1667 2394 1726 49
2415 1667 2448 1718 33

605 1781 642 1790 -
659 1753 686 1804 14
706 1765 777 1804 saera
797 1753 933 1818 Scriptura
952 1753 1092 1820 auctoritas
1109 1753 1189 1808 habet
1227 1751 1264 1804 cit
1280 1763 1329 1814 per
1350 1751 1459 1810 Sanctus
1482 1763 1545 1802 snus
1565 1749 1605 1800 llll
1633 1749 1682 1802 349
1703 1749 1735 1802 46
1755 1779 1789 1788 -
1809 1751 1863 1804 Nou
1953 1751 2088 1802 Sacuurrrs
2114 1779 2146 1790 —
2175 1765 2238 1804 rora
2264 1753 2376 1808 habetur
2402 1753 2538 1820 implendo

551 1853 676 1904 magnam
691 1841 863 1894 6444444444
880 1841 975 1906 Spiritu
989 1847 1079 1894 sancto
1091 1843 1125 1894 Vl
1140 1841 1191 1894 443
1227 1843 1328 1890 tanturn
1346 1851 1440 1910 44444,
1454 1851 1545 1890 verum
1566 1837 1642 1892 aliam
1655 1853 1698 1892 res
1715 1843 1776 1892 sunt
1789 1839 1863 1904 signa
1898 1843 2037 1906 praecepta
2048 1839 2227 1902 ‚declinando
2242 1841 2386 1904 prohibitu,
2405 1841 2536 1908 sperando

554 1931 642 1980 l0·--·
659 1927 770 1982 traditur
787 1943 836 1994 par
853 1931 963 1982 modum
981 1931 1137 1982 narrationis
1154 1931 1190 1982 46
1227 1927 1264 1980 46
1282 1927 1514 1980 manuducendum
1528 1925 1686 1980 intellectum
1698 1935 1817 1982 nostrum
1829 1929 1863 1982 ad
1898 1927 2086 1994 promissiones
2099 1935 2127 1980 et
2137 1927 2252 1980 timendo
2264 1931 2480 1982 comminationes
2493 1931 2537 1982 Vll

552 2017 891 2082 generandaruirdernper
908 2019 1089 2072 auctoritatem
1106 2017 1142 2072 46.
1161 2017 1191 2070 4*
1227 2015 1430 2080 concipiendum
1458 2015 1614 2070 intellectum
1643 2015 1791 2070 divinorum
1814 2017 1864 2070 384
1900 2019 1952 2072 336
1970 2017 2004 2070 86
2021 2021 2117 2068 -est
2138 2013 2164 2068 in
2189 2017 2262 2068 malis
2288 2019 2319 2070 vt
2342 2017 2378 2070 76
2402 2019 2478 2068 4.14
2501 2045 2538 2056 -··

558 2135 559 2138 =
604 2103 718 2156 —data
737 2111 777 2156 est
803 2105 837 2158 ad
864 2105 1032 2158 astruendam
1059 2105 1138 2158 tidem
1157 2107 1191 2158 Vl
1226 2103 1298 2156 iw-
1312 2105 1506 2168 scripturarum
1519 2105 1650 2168 multiplex
1670 2105 1862 2170 intelligentiae
1899 2105 1971 2160 uenit
1990 2121 2019 2158 cx
2039 2105 2142 2158 deiectu
2155 2105 2256 2156 timoris
2273 2105 2335 2156 644
2355 2131 2389 2144 -·
2408 2105 2492 2156 oritur
2503 2117 2535 2156 ex

553 2189 603 2244 616
625 2193 653 2242 61
677 2219 712 2228 -
731 2191 883 2256 Scripturae
906 2191 1062 2258 approbatio
1086 2195 1131 2246 dat
1152 2205 1193 2246 ro·
1227 2191 1338 2246 Domino
1363 2193 1477 2258 aperitur
1506 2195 1604 2246 11341
1632 2195 1661 2244 49
1683 2195 1865 2246 ω-4444414-
1898 2195 2051 2260 apparentia
2061 2195 2177 2248 deiectus
2188 2191 2456 2246 retributionisiustae
2466 2197 2493 2244 et
2504 2205 2538 2246 cx

552 2279 603 2332 bur
632 2293 710 2332 verae
736 2279 798 2358 lirici
828 2279 879 2332 444
905 2283 940 2334 46
959 2309 993 2318 -
1021 2283 1078 2334 Nou
1102 2281 1192 2336 omnia
1227 2293 1287 2332 men
1307 2279 1431 2346 recipite
1450 2281 1597 2360 6144141493
1618 2297 1644 2336 r.
1662 2285 1679 2334 4
1697 2311 1732 2320 -
1752 2283 1865 2348 Scriptu-
1898 2283 2052 2348 apparentia
2069 2283 2186 2336 delectus
2202 2281 2337 2348 regiminis
2357 2279 2538 2348 prouidentiae

553 2367 649 2432 scripta
667 2373 727 2420 sunt
747 2367 773 2420 iu
791 2369 940 2436 Scriptura,
958 2369 1003 2420 sed
1027 2383 1095 2438 4444
1124 2371 1192 2422 sulii-
1226 2383 1283 2420 ram
1303 2369 1389 2424 nullus
1406 2371 1522 2436 intelligit
1535 2369 1583 2422 nisi
1601 2385 1650 2434 per
1663 2369 1796 2424 Christum
1810 2385 1865 2424 cru·
1901 2373 1979 2426 674.
2000 2371 2077 2424 764.
2099 2373 2126 2424 44
2147 2369 2537 2438 -444444114414444446

552 2457 626 2510 ciunt
644 2457 678 2510 ad
696 2455 776 2510 fidem
794 2463 909 2510 nostram
931 2459 981 2512 516
1001 2459 1044 2520 64,
1064 2459 1096 2510 64
1228 2457 1332 2510 cilicum
1351 2465 1379 2510 et
1396 2459 1548 2512 suscitatum
1568 2464 1593 2510 et
1609 2459 1731 2524 gentibus
1750 2471 1797 2522 per
1810 2459 1865 2522 Spi·
1899 2449 1959 2510 mat
1979 2473 2029 2512 nou
2051 2461 2193 2526 puniuntur
2212 2461 2247 2510 68
2270 2473 2298 2512 4.
2318 2461 2351 2512 46
2369 2489 2404 2498 -
2424 2459 2481 2512 lllali
2499 2471 2538 2510 sc·

605 2573 642 2586 -·-
659 2545 810 2608 Scripturas
827 2543 948 2600 nobilitas
970 2559 984 2596 a
1010 2545 1112 2600 Christo
1131 2561 1192 2612 pro·
1227 2547 1307 2600 ritum
1326 2553 1444 2600 sanctum
1461 2547 1626 2612 divulgatum
1644 2547 1688 2598 111
1706 2547 1753 2598 601
1777 2547 1812 2596 68
1899 2547 1956 2600 4444
1968 2551 2041 2610 sunt,
2054 2549 2116 2614 quia
2129 2547 2190 2598 nihil
2201 2547 2317 2612 cogitant
2329 2561 2377 2600 nec
2396 2549 2490 2600 timent
2501 2545 2537 2600 de

553 2633 612 2684 bata
634 2633 781 2686 astillat
814 2635 845 2686 44
864 2633 1018 2688 -Utilitas
1042 2635 1193 2698 Scripturas
1280 2633 1866 2700 -84444444444444444464446441444416
1899 2633 1995 2686 tuturis
2011 2633 2047 2686 46.
2066 2649 2089 2686 4.
2112 2635 2138 2684 41

551 2723 587 2774 ad
605 2717 984 2788 docendum,argueudumet
998 2723 1192 2786 corripiendum
1228 2725 1301 2774 catus
1319 2721 1449 2786 significat
1462 2721 1658 2774 occultationem
1680 2719 1864 2782 mysteriorum
1902 2757 1903 2760 ,
1953 2747 1992 2760 -
2006 2721 2081 2786 impii
2093 2721 2178 2774 securi
2190 2721 2349 2786 redduntur,
2363 2723 2424 2788 quia
2435 2723 2538 2790 vident,
2607 2725 2608 2730 ’

554 2809 703 2862 testimonio
731 2809 825 2864 Christi
843 2811 1032 2874 comprobatur
1052 2811 1085 2862 93
1106 2813 1139 2860 46
1156 2837 1192 2850 -··
1229 2807 1865 2872 11119943-844144444444144444441411144-
1899 2803 1977 2860 bonis
1997 2811 2063 2860 mala
2081 2809 2223 2860 succedere
2242 2807 2537 2876 etsibibona,ctquia

547 2911 570 2964 a
600 2897 703 2950 Christo
732 2899 856 2950 astruitur
888 2897 1098 2960 irrefragabiliter
1130 2909 1192 2948 vera
1228 2901 1269 2948 tur
1287 2909 1335 2960 444
1353 2895 1467 2960 lapidem
1493 2895 1686 2958 superpositum
1711 2895 1746 2946 ad
1769 2891 1864 2946 Christi
1900 2895 1950 2958 ipsi
1964 2895 2203 2960 prosperantuer
2218 2897 2251 2946 69
2270 2911 2298 2948 v.
2316 2897 2348 2948 44
2363 2927 2397 2934 -
2411 2897 2493 2950 oritur
2504 2911 2538 2950 ex

554 2991 633 3050 atque
652 2985 783 3036 credenda
803 2985 848 3036 664
875 2987 906 3036 68
927 2983 1193 3046 -8444414444,4144
1228 2983 1378 3046 sepulcrum
1405 2981 1456 3032 688
1477 2983 1494 3032 6
1512 3009 1547 3020 -·-
1567 2981 1714 3044 6444444444
1743 2980 1864 3032 velamen
1899 2981 2092 3036 indistinctione
2113 2983 2240 3034 malorum
2264 2983 2436 3038 athenarum
2454 2983 2536 3038 764.

554 3071 743 3136 intelligantur,
762 3071 818 3124 sive
836 3085 902 3134 nou,
922 3083 972 3122 nou
999 3075 1037 3122 cst
1066 3071 1192 3122 contradi·
1228 3071 1367 3122 amovetur
1393 3081 1442 3132 per
1464 3069 1613 3134 angelicum
1641 3067 1812 3120 ministerium
1838 3075 1864 3120 et
1901 3071 1943 3120 46.
1961 3067 1996 3122 76
2023 3085 2052 3122 4.
2069 3071 2085 3122 3
2105 3099 2138 3108 -—
2162 3071 2197 3122 Ex
2216 3073 2356 3126 securitate
2381 3073 2465 3126 oritur
2491 3087 2538 3126 4ο-

458 3151 459 3156 ’
552 3159 664 3212 cendum
687 3157 789 3210 46-
809 3173 862 3210 nou
881 3161 965 3222 potest
984 3157 1098 3208 salsitatis
1116 3157 1191 3220 argui
1228 3157 1366 3210 doctorum
1385 3153 1557 3222 tata-Qui
1574 3157 1694 3208 velamen
1713 3155 1865 3220 Scripturae
1899 3157 1986 3222 luptas
2003 3155 2038 3208 76
2051 3173 2075 3210 4.
2091 3159 2250 3210 lli--raua
2265 3155 2413 3224 concipitur
2425 3161 2466 3212 rel
2480 3173 2539 3226 pre

552 3247 593 3298 vel
612 3247 768 3310 reprehendi
787 3245 892 3298 11364
912 3245 946 3298 46
964 3275 1001 3284 -
1019 3245 1046 3298 14
1060 3245 1192 3310 Scriptura
1227 3249 1332 3296 amovet
1350 3245 1451 3310 repellit
1469 3245 1643 3296 carnalitatem
1664 3249 1690 3298 et
1709 3249 1819 3296 martem
1838 3251 1865 3300 et
1899 3245 2025 3298 mittendo
2045 3245 2096 3300 sihi
2121 3247 2227 3312 longam
2244 3249 2325 3302 vitam
2351 3251 2537 3314 temporalem,

552 3335 615 3386 nihil
635 3333 741 3386 omuino
758 3341 812 3398 est,
830 3335 902 3400 quod
920 3349 973 3386 nou
998 3331 1092 3386 habent
1116 3347 1191 3386 suam
1227 3333 1379 3386 conscendit
1394 3333 1429 3386 ad
1445 3333 1620 3392 contuendam
1633 3331 1726 3386 Christi
1743 3333 1865 3386 114444444-
1899 3335 1941 3386 441
1961 3333 2153 3386 contemnendo
2173 3335 2214 3386 llll
2235 3335 2285 3388 318
2303 3335 2336 3388 46
2356 3365 2390 3374 -
2410 3335 2538 3390 subtrahi·

554 3421 756 3486 complctiunem
776 3423 818 3474 Vll
837 3421 888 3474 414
907 3423 941 3474 33
959 3449 995 3458 -
1008 3421 1135 3488 inexpleta
1153 3437 1192 3476 re·
1228 3427 1279 3472 tem
1300 3425 1324 3474 et
1340 3419 1562 3474 immortalitatem
1580 3419 1641 3474 ibid.
1899 3427 1941 3474 tur
1959 3437 2006 3486 per
2030 3421 2135 3476 divinae
2153 3425 2295 3476 sententiae
2318 3425 2477 3490 aequitatem
2500 3423 2536 3478 lt.

555 3523 660 3562 creuere
679 3523 732 3560 non
752 3509 829 3564 debet
848 3509 898 3562 446
919 3511 951 3562 33
1279 3509 1423 3562 -eudem
1437 3509 1526 3572 spiritu
1541 3511 1708 3574 4444444644
1726 3515 1864 3578 sunt,qnu
1901 3509 1934 3560 36
1958 3539 1992 3548 -
2016 3511 2136 3564 Deiectus
2165 3511 2309 3566 securitatis
2336 3513 2536 3578 exspectationis

608 3597 1089 3662 -1444144464414664441411199
1111 3599 1191 3650 46-
1228 3597 1347 3652 conditae
1366 3601 1426 3650 suni
1438 3597 1481 3650 111
1501 3599 1515 3650 3
1535 3599 1551 3650 3
1570 3627 1607 3634 -
1625 3599 1686 3650 8444
1697 3599 1750 3650 664
1767 3599 1863 3664 impos·
1899 3599 2106 3652 considerandus
2126 3605 2152 3652 et
2171 3599 2335 3666 plangendus
2360 3615 2373 3652 a
2399 3605 2536 3666 peccatore

554 3685 645 3740 Omnia
663 3683 747 3738 44464
760 3687 909 3750 8444444444
923 3685 1074 3738 abbreviata
1092 3691 1152 3740 sunt
1165 3687 1191 3740 in
1229 3683 1303 3738 sibile
1320 3691 1360 3738 est
1378 3699 1423 3738 aas
1436 3685 1575 3750 intelligere
1593 3683 1707 3740 taa-
1722 3687 1863 3752 dissipatur
1899 3687 1933 3740 141
1952 3687 1998 3740 474
2024 3689 2056 3740 43
2134 3683 2135 3686 ’

555 3773 642 3828 Verbo
660 3779 735 3836 nato,
755 3787 846 3840 passo,
869 3775 977 3840 sepulte
995 3779 1019 3824 ct
1038 3773 1191 3828 resuscitato
1229 3773 1262 3826 ab
1281 3773 1430 3826 infidelibus
1454 3773 1506 3826 487
1531 3775 1564 3826 34
1583 3803 1619 3812 -
1641 3773 1809 3838 spiritualiter
1826 3775 1863 3826 in·
1952 3803 1990 3814 ·-
2006 3777 2210 3840 periculosaest
2226 3777 2257 3830 111
2279 3777 2311 3830 67
2330 3791 2393 3830 a·-
2405 3781 2442 3830 est
2456 3789 2536 3830 causa

554 3863 606 3916 696
626 3863 657 3914 33
681 3891 715 3898 ——
738 3861 855 3914 Christus
882 3867 921 3914 est
944 3863 1003 3914 finis
1027 3863 1191 3926 Scripturae,
1228 3863 1367 3926 colligenda
1385 3867 1425 3914 est
1436 3863 1470 3914 11
1485 3863 1534 3914 316
1554 3861 1587 3914 67
1602 3891 1632 3900 -
1647 3875 1725 3914 seusu
1745 3863 1862 3916 exteriori
1877 3925 1878 3928 Ἴ
1900 3863 2268 3926 41411444444444414444474
2283 3881 2309 3916 4.
2321 3867 2338 3918 3
2352 3893 2386 3902 -
2399 3867 2445 3916 Per
2459 3877 2535 3916 secu-

554 3965 633 4018 4444]
653 3951 772 4016 implerit
791 3955 816 4004 ot
833 3951 949 4016 (4444444
971 3951 1051 4002 niodo
1070 3965 1192 4004 consum·
1228 3951 1269 4014 pia
1289 3953 1348 4004 sunt
1369 3949 1503 4016 ‚legendae
1530 3955 1557 4004 et
1579 3965 1657 4002 sensu
1678 3933 1797 4004 interiori
1819 3951 1863 4014 pie
1899 3951 1999 4004 ritatem
2019 3953 2099 4004 horno
2117 3951 2186 4004 cadit
2203 3951 2231 4002 in
2243 3953 2367 4004 malitiam
2381 3957 2408 4004 ct
2420 3957 2536 4004 contem-

554 4039 636 4092 mavit
653 4039 686 4090 Vl
705 4037 753 4090 664
776 4039 810 4092 66
1229 4037 1409 4100 intelligendae
1430 4039 1473 4090 ltt
1495 4051 1519 4088 4.
1543 4041 1551 4088 1
1568 4063 1605 4076 -
1617 4039 1686 4092 llulti
1699 4041 1768 4090 nullo
1784 4039 1863 4090 modo
1900 4037 2364 4106 444441646-44441444444444444
2379 4041 2486 4092 111348
2501 4039 2536 4094 66

608 4127 1190 4180 ——omnesveterisiestameutitestimouium
1229 4127 1376 4182 alliciuntur
1392 4125 1421 4178 in
1438 4139 1510 4178 sacra
1531 4125 1665 4190 Scriptura
1685 4127 1736 4178 463
1754 4127 1813 4178 teil
1956 4127 2076 4178 Snnncrls
2105 4155 2137 4164 —-
2168 4133 2317 4178 excaecatus
2346 4127 2474 4190 signiticat
2500 4127 2539 4180 ri·

555 4213 692 4280 perhibent
703 4211 807 4268 Christo
825 4217 858 4268 141
878 4217 930 4268 316
949 4215 993 4268 67.
1006 4215 1058 4268 664
1076 4217 1101 4278 4,
1122 4217 1136 4268 3
1155 4243 1191 4256 --
1215 4243 1217 4246 -
1279 4239 1317 4252 -
1334 4213 1362 4266 14
1377 4211 1466 4266 verbis
1481 4215 1627 4280 Scripturac
1639 4205 1800 4280 explicandis
1811 4227 1863 4266 ma·
1901 4219 1971 4266 ctum
1991 4213 2113 4280 superbia
2130 4215 2163 4266 Vl
2181 4215 2233 4266 679
2253 4215 2269 4266 6

554 4295 732 4366 principaliter
743 4305 779 4356 ad·
788 4303 919 4358 Christum
932 4303 1028 4358 habent
1043 4308 1190 4368 respectum
1229 4301 1269 4366 gis
1288 4307 1326 4354 est
1344 4301 1440 4354 utilitas
1457 4315 1538 4368 quam
1557 4301 1683 4356 subtilitas
1706 4301 1863 4356 attendenda
1953 4303 2053 4354 Seneca
2070 4329 2108 4340 -
2125 4301 2244 4364 designat
2255 4303 2370 4370 quietern
2391 4309 2417 4356 et
2433 4301 2535 4352 humili·

554 4391 597 4442 Vll
611 4391 662 4442 696
682 4391 714 4442 34
736 4419 766 4430 -
786 4391 945 4456 respondent
957 4391 1033 4444 nobis
1052 4391 1085 4444 de
1104 4391 1191 4446 Verbo
1229 4391 1270 4442 Vll
1301 4387 1351 4442 117
1380 4391 1413 4442 46
1437 4419 1473 4428 --·
1499 4389 1620 4442 Gentium
1646 4391 1775 4442 Ecclesiae
1802 4391 1863 4442 data
1901 4393 1979 4442 tatem
1997 4391 2042 4442 Vll
2066 4391 2100 4442 67
2120 4389 2166 4442 461
2188 4419 2225 4428 -
2242 4391 2358 4456 Magistri
2381 4397 2420 4442 est
2441 4391 2535 4442 sedere

554 4477 687 4532 incarnato
715 4477 765 4532 476
786 4481 819 4532 66
837 4507 874 4520 ·-
896 4483 957 4534 stunt
976 4481 1008 4532 64
1037 4479 1137 4534 Christo
1166 4485 1191 4532 et
1228 4483 1266 4532 est
1284 4491 1373 4530 sacrae
1391 4477 1542 4544 Scripturas
1555 4477 1630 4542 plena
1650 4477 1815 4544 intelligentia
1829 4477 1862 4530 11
1903 4475 2003 4530 11364
2024 4477 2535 4532 3-estindiciumdoctorumetre-

557 4571 664 4630 propter
691 4565 821 4620 Christum
851 4573 876 4622 et
905 4567 939 4622 ab
969 4581 1000 4622 co
1031 4561 1190 4634 erplicantur
1229 4565 1260 4618 93
1280 4565 1341 4618 aa
1901 4579 1965 4630 gum
1983 4565 2071 4616 11199
2088 4565 2119 4616 43
2137 4595 2174 4604 -
2192 4565 2534 4628 spectatadauctoritatem

555 4655 602 4706 604
627 4655 660 4706 68
685 4683 719 4696 ·-
738 4655 858 4720 llrsteria
882 4655 1075 4720 Scripturaruro
1095 4657 1191 4722 princi·
1280 4653 1684 4718 -444444144444444411444
1711 4653 1862 4718 veritatem,
1900 4667 2028 4718 personae
2045 4653 2163 4706 docentis
2177 4657 2204 4706 et
2222 4651 2256 4718 46
2274 4655 2448 4706 excellentiam
2468 4653 2535 4706 iudi·

554 4733 644 4808 441644
664 4745 810 4798 4414444444
822 4745 857 4798 46
872 4743 1002 4798 Christum
1016 4753 1141 4812 quantum
1157 4747 1190 4798 46
1229 4747 1324 4808 quanto
1343 4741 1416 4794 radix
1431 4743 1587 4806 profundius
1601 4741 1734 4796 descondit
1751 4755 1800 4806 per
1817 4743 1863 4794 hu·
1901 4745 1982 4796 cantis
2000 4741 2051 4796 444
2070 4745 2096 4796 6.
2115 4743 2166 4794 443
2187 4741 2216 4794 44
2238 4745 2472 4796 -4441441141444
2490 4743 2535 4796 de-

554 4837 671 4898 caputet
688 4837 814 4898 quantum
828 4835 864 4886 ad
881 4847 980 4898 corpus
996 4831 1029 4886 46.
1050 4833 1191 4886 att-rra
1229 4829 1362 4882 militatem
1390 4829 1435 4882 Vll
1454 4829 1503 4882 347
1529 4829 1561 4882 46
1580 4859 1616 4868 -
1633 4843 1739 4880 omnem
1766 4831 1863 4894 reiugit
1901 4815 1985 4896 signat
2008 4829 2158 4882 iudicialem
2183 4829 2233 4880 444
2252 4833 2269 4882 6
2290 4859 2322 4868 -
2343 4831 2394 4898 Qui
2417 4831 2490 4886 sedet
2509 4831 2535 4884 in

553 4919 723 4986 cruentissime
741 4921 855 4988 loquitur
873 4923 907 4974 de
920 4919 1012 4976 Christi
1032 4923 1153 4988 passione
1166 4929 1191 4976 et
1228 4917 1378 4984 superbiam
1399 4923 1425 4970 44
1435 4919 1582 4982 praetendit
1598 4919 1768 4970 humilitatem
1784 4919 1813 4970 Vl
1829 4919 1857 4968 rt
1901 4919 1956 4970 loco
1976 4919 2090 4970 doctoris
2107 4919 2199 4982 plenos
2227 4917 2304 4972 debet
2333 4933 2391 4970 csse
2408 4917 2535 4984 sapientia

553 5009 743 5060 resurrectione
761 5009 822 5062 t'bt'd.
842 5039 876 5048 -
896 5009 1071 5074 inscriptura
1091 5009 1190 5076 praedi·
1228 5021 1253 5060 4.
1273 5009 1289 5060 a
1309 5035 1343 5044 —
1361 5005 1452 5072 Aquae
1471 5019 1559 5058 sacrae
1583 5007 1733 5070 Scripturas
1753 5019 1806 5058 non
1826 5009 1862 5058 iu·
1901 5003 1962 5058 4446.
1978 5033 2015 5042 -
2038 5011 2077 5056 est
2104 5005 2268 5056 considerare
2294 5005 2361 5058 intra
2380 5021 2409 5058 sc
2435 5013 2535 5058 secreta

554 5097 619 5148 citur
637 5093 732 5150 Christi
759 5097 920 5162 praedicatio
947 5099 999 5150 664
1028 5099 1061 5150 66
1079 5127 1116 5136 ψ
1137 5103 1189 5152 tota
1229 5101 1318 5146 cantur
1337 5093 1602 5156 strepitaverhurnm
1622 5093 1769 5144 mundanae
1784 5093 1862 5156 philo·
1901 5091 2073 5144 conscientiae,
2090 5105 2154 5142 suae
2171 5091 2223 5142 377
2240 5089 2276 5142 68

554 5177 680 5246 praedixit
689 5183 726 5250 de
739 5183 840 5238 Christo
859 5185 931 5252 quod
944 5185 1000 5250 ipse
1016 5185 1144 5248 praedixit
1157 5185 1190 5238 de
1228 5183 1336 5246 sophiae
1355 5179 1406 5232 373
1427 5179 1694 5246 S-Aqtraesacrac
1714 5179 1862 5248 Scripturas
1952 5181 2090 5230 Sanuuras
2106 5203 2142 5216 ·-
2161 5179 2186 5228 in
2212 5177 2393 5230 distributione
2414 5179 2536 5244 spiritua-

554 5285 581 5324 se
600 5271 657 5336 ipso
678 5273 724 5324 661
748 5273 782 5324 66
1227 5267 1388 5330 recipiuntur
1408 5265 1440 5318 ab
1460 5265 1615 5328 humilibus,
1634 5279 1686 5318 non
1706 5279 1721 5316 4
1739 5263 1861 5330 superbis
1901 5265 1963 5316 lium
1982 5263 2180 5316 commendatur
2202 5265 2240 5314 111
2262 5263 2312 5316 477
2334 5265 2365 5316 16

499 5357 500 5362 ’
607 5385 640 5398 -
660 5371 734 5410 saera
751 5363 791 5410 cst
817 5359 1005 5424 4444414411
1034 5357 1083 5408 468
1109 5371 1136 5408 4.
1156 5359 1188 5408 46
1227 5353 1288 5408 1646.
1415 5363 1420 5378 “
1952 5353 2036 5402 Scucu
2060 5379 2096 5388 —
2119 5351 2238 5406 divinum
2268 5357 2305 5404 est
2334 5353 2444 5422 verbnm
2472 5355 2535 5420 Dei,

553 5475 587 5482 -
599 5447 644 5498 Per
658 5447 745 5498 lunam
759 5445 909 5510 intelligitur
920 5443 1088 5514 intelligentia
1101 5459 1189 5496 sacrae
1279 5467 1313 5480 -·
1334 5439 1449 5504 Scriptor
1469 5451 1557 5492 sacrae
1581 5437 1730 5502 Scripturas
1747 5439 1782 5492 de
1803 5453 1861 5504 pro·
1901 5437 1961 5504 4444
1979 5451 2027 5502 444
2044 5437 2105 5492 illud
2119 5439 2288 5504 renascimur,
2302 5447 2331 5494 ut
2342 5441 2436 5496 hamus
2450 5443 2532 5496 dirini

554 5515 702 5596 Scripturac
722 5533 753 5584 93
775 5549 800 5584 r.
820 5535 836 5582 2
855 5561 889 5570 -—
909 5531 1188 5596 cathedramque
1228 5527 1285 5594 prio
1303 5525 1479 5580 nominenou
1497 5527 1605 5578 multam
1624 5527 1684 5578 iacit
1703 5527 1860 5580 mentionem
1902 5525 1942 5578 Vll
1964 5527 2012 5576 496
2031 5527 2055 5578 7.
2077 5527 2125 5578 493
2149 5527 2179 5580 47
2198 5529 2407 5584 -csurarnum
2421 5531 2468 5584 Dei
2483 5531 2534 5582 486

554 5619 722 5672 absconditur
740 5617 857 5672 Christus
875 5619 926 5670 644
945 5633 974 5670 4.
992 5619 1002 5668 4
1027 5645 1060 5656 --
1079 5623 1119 5672 est
1139 5623 1189 5668 tur·
1228 5615 1267 5666 llll
1289 5615 1338 5666 693
1359 5615 1390 5666 43
1412 5643 1445 5652 --
1466 5617 1490 5666 ln
1509 5615 1642 5680 Scriptura
1668 5615 1764 5666 mentio
1783 5615 1810 5668 61
1829 5617 1861 5668 64
1901 5615 2032 5668 36-cst
2043 5615 2161 5668 Verbum
2175 5617 2307 5686 Dci‚quia
2323 5625 2391 5672 tenet
2405 5621 2533 5672 rationem

542 5709 589 5760 ,ris
608 5705 705 5758 vincae
721 5707 762 5758 llll
784 5707 834 5760 663
857 5705 882 5756 44
907 5711 999 5756 -cst
1018 5705 1189 5772 quasiqnoda
1227 5707 1333 5754 auctore
1352 5703 1426 5768 quasi
1445 5703 1479 5754 de
1496 5693 1547 5756 alio
1566 5705 1600 5756 Vl
1619 5705 1648 5756 ll
1672 5717 1687 5754 a
1706 5733 1740 5742 --
1759 5717 1809 5756 444
1826 5705 1860 5756 ta·
1888 5703 2129 5778 444441444444144,
2149 5707 2311 5770 propagativi
2333 5713 2357 5758 ct
2383 5707 2534 5772 multiplica·

553 5795 616 5846 dam
643 5793 743 5852 ostium¹
766 5795 799 5846 ad
829 5795 1044 5858 cognoscendum
1067 5807 1099 5846 ea
1120 5807 1188 5860 quae
1226 5789 1260 5842 cit
1278 5789 1333 5842 vim
1353 5789 1377 5842 in
1397 5789 1511 5842 minutiis
1531 5793 1581 5844 346
1603 5789 1635 5842 46
1900 5793 1944 5844 1144
1965 5791 2067 5846 49644
2088 5821 2120 5830 -
2140 5797 2177 5846 cst
2197 5795 2313 5846 Verbum
2333 5795 2376 5856 644
2392 5795 2532 5846 increatum

552 5887 612 5934 sunt
623 5881 689 5934 intra
698 5881 825 5936 unitatem
840 5887 942 5936 sanctae
953 5881 1080 5934 Ecclesiae
1091 5881 1140 5934 399
1157 5881 1188 5934 44
1278 5905 1312 5918 -
1332 5867 1463 5932 Sententia
1481 5891 1569 5932 sacrae
1591 5879 1737 5944 scripturae
1761 5887 1797 5934 cst
1827 5885 1860 5934 at·
1899 5885 1926 5932 ut
1946 5881 2112 5944 inspiratum,
2133 5887 2160 5936 ut
2177 5881 2355 5942 incarnatum,
2380 5887 2407 5934 ut
2428 5883 2524 5946 ,praedi

605 5999 639 6008 —
651 5969 744 6023 6444444
755 5985 869 6036 regnum
879 5969 934 6032 Dei,
944 5969 1006 6038 quia
1020 5969 1107 6034 ipsum
1117 5983 1189 6034 prae·
1227 5967 1356 6020 tendenda
1374 5965 1440 6018 1417
1461 5981 1487 6034 q.
1513 5969 1528 6020 3
1547 5981 1604 6032 arg.
1630 5969 1638 6020 4
1663 5997 1698 6006 *-
1722 5973 1773 6022 tuta
1793 5969 1860 6020 ordi·
1898 5975 1998 6034 catilin,
2019 5975 2046 6022 ut
2065 5969 2239 6034 exemplatum
2259 5967 2321 6022 4646.

552 6055 660 6110 6144144
677 6059 828 6110 ostenditet
848 6055 1187 6122 promittitctobedientem
1226 6061 1302 6108 natur
1320 6057 1355 6110 ad
1372 6055 1571 6110 declinationem
1592 6057 1653 6112 mali
1679 6063 1707 6110 et
1731 6057 1860 6122 operatio·
1952 6083 1984 6094 —
2003 6057 2083 6110 Malae
2100 6041 2282 6122 suggestiones
2294 6057 2431 6110 homiuum
2447 6061 2471 6108 et
2483 6059 2535 6106 ten·

553 6145 587 6200 ad
607 6145 692 6210 ipsum
714 6147 834 6212 perducit
852 6147 894 6198 111
915 6147 965 6198 494
986 6143 1018 6196 16
1037 6173 1071 6184 -
1090 6149 1127 6198 est
1147 6145 1187 6198 via
1226 6157 1286 6196 nem
1304 6143 1366 6198 boni
1385 6145 1419 6196 98
1437 6159 1465 6196 v.
1487 6137 1523 6196 43
1547 6173 1582 6182 -
1610 6147 1636 6196 ln
1665 6145 1795 6210 Scriptura
1823 6159 1860 6198 sa·
1899 6143 2009 6198 tationes
2027 6145 2185 6198 daemonum
2206 6147 2336 6206 expellunt
2352 6143 2388 6196 64
2399 6143 2478 6196 44464
2492 6145 2535 6196 ho·

552 6233 728 6298 4444446146
745 6237 882 6290 veritatem
904 6239 987 6298 44444
1005 6233 1141 6288 ueritatem
1155 6235 1187 6286 46
1226 6247 1270 6286 444
1289 6233 1376 6286 carnia
1388 6233 1536 6286 reseruntur
1547 6233 1581 6286 ad
1595 6233 1704 6288 salutem
1718 6235 1857 6284 humanam
1898 6233 1974 6284 minis
1993 6245 2082 6284 semen
2100 6231 2219 6282 64414444
2239 6231 2283 6296 111
2303 6233 2348 6284 491
2374 6233 2389 6280 8
2408 6259 2446 6298 -5
2459 6245 2535 6284 secus

552 6323 632 6374 vitam
655 6323 704 6376 466
726 6323 757 6376 46
776 6351 811 6364 -
831 6323 924 6376 Sacrae
940 6323 1089 6386 scripturae
1107 6321 1188 6374 rerba
1222 6321 1270 6386 111
1289 6321 1341 6374 416
1359 6321 1393 6372 33
1407 6349 1439 6358 -
1454 6321 1572 6386 suggerit
1588 6321 1656 6372 vitae
1673 6321 1791 6374 caelestis
1803 6335 1860 6384 per·
1898 6311 1968 6370 riam
1992 6333 2043 6370 nun
2071 6317 2218 6382 1444416444,
2244 6317 2304 6386 qnia
2330 6331 2384 6368 non
2402 6317 2486 6372 estin
2504 6333 2534 6372 44

553 6415 613 6464 sunt
630 6413 777 6476 44444444
797 6411 957 6464 48-1444
976 6409 1188 6474 partesScriptu-
1226 6401 1360 6461 tectionem
1391 6407 1511 6458 47949
1532 6435 1566 6448 -·
1590 6407 1700 6472 Quando
1728 6409 1860 6472 Scriptura
1898 6407 2006 6458 retentio
2024 6405 2087 6458 t'bt'd.
2105 6405 2156 6456 464
2177 6407 2348 6472 ls-supra
2368 6413 2535 6482 4414444444·

538 6485 610 6560 rae,
629 6497 655 6550 ia
673 6497 772 6564 quibus
790 6499 835 6552 Dei
848 6497 977 6564 ,sapientia
996 6497 1135 6550 abscondit
1148 6509 1188 6548 ca·
1227 6509 1321 6560 magna
1343 6495 1425 6548 innuit
1447 6501 1473 6548 et
1490 6493 1632 6560 mirabilia,
1656 6495 1734 6548 debet
1752 6497 1827 6562 44441
1845 6509 1858 6546 4
1898 6495 1959 6558 scit,
1976 6495 2037 6560 quia
2057 6507 2108 6546 non
2127 6491 2205 6546 habet
2217 6495 2354 6562 hunnorum
2369 6497 2534 6560 vegetantem

552 6585 668 6648 ritatem,
686 6585 864 6654 intelliguntur
882 6599 929 6650 per
948 6583 996 6636 tria
1016 6588 1069 6638 sata
1092 6583 1188 6636 tarinae
1226 6583 1368 6650 longinquo
1388 6583 1525 6638 ostendere
1543 6583 1577 6635 rt
1596 6583 1623 6634 41
1640 6597 1721 6642 a-
1733 6595 1806 6638 sacra
1820 6583 1861 6634 de·
1899 6587 1923 6636 ct
1943 6585 2073 6634 torentem
2093 6581 2139 6632 191
2162 6581 2187 6632 9.
2208 6581 2259 6634 494
2273 6581 2306 6634 49
2320 6609 2354 6622 -·
2367 6581 2433 6634 intra
2446 6581 2534 6646 spinas

500 6701 501 6710 1
553 6671 656 6726 34946
804 6661 822 6668 ”
1085 6685 1086 6688 ’
1226 6671 1404 6738 hetpurgare
1415 6683 1531 6724 errorem
1549 6673 1565 6722 8
1586 6685 1611 6736 q.
1631 6671 1647 6722 3
1664 6673 1755 6736 arga
1899 6671 1987 6736 oritur,
2008 6669 2052 6722 scd
2073 6683 2124 6722 non
2144 6677 2341 6734 consummatur
2361 6671 2406 6722 491
2426 6671 2467 6722 46.
2483 6667 2533 6720 494

598 6787 642 6800 ·-
659 6765 697 6814 est
721 6761 795 6830 quasi
819 6763 982 6826 sepulcrum,
1001 6757 1030 6812 in
1056 6773 1110 6824 quo
1129 6761 1188 6812 latet
1278 6787 1313 6798 --
1333 6759 1860 6826 4116141446644414444444144444444-
1900 6761 1932 6810 46
1955 6761 2031 6824 -in
2049 6765 2117 6810 terra
2138 6755 2206 6810 huna
2224 6761 2337 6818 fructum
2357 6761 2457 6822 protect
2474 6771 2535 6830 per-

552 6847 678 6900 Domiuus
696 6849 740 6902 Vll
764 6851 816 6904 688
842 6851 912 6902 6-
929 6845 1050 6898 Studium
1074 6847 1189 6912 Scripta·
1225 6845 1343 6906 cordiam
1361 6851 1388 6900 ct
1406 6847 1569 6910 harmoniam
1593 6845 1707 6900 114399
1728 6845 1860 6898 44-14
1898 6845 2111 6898 4414411461
2138 6845 2178 6896 43.
2200 6845 2241 6898 611
2264 6845 2362 6906 49144
