<?xml version="1.0" encoding="UTF-8"?>
<!DOCTYPE html PUBLIC "-//W3C//DTD XHTML 1.0 Transitional//EN"
    "http://www.w3.org/TR/xhtml1/DTD/xhtml1-transitional.dtd">
<html xmlns="http://www.w3.org/1999/xhtml" xml:lang="en" lang="en">
 <head>
  <title>
</title>
<meta http-equiv="Content-Type" content="text/html;charset=utf-8" />
  <meta name='ocr-system' content='tesseract 3.04.00' />
  <meta name='ocr-capabilities' content='ocr_page ocr_carea ocr_par ocr_line ocrx_word'/>
</head>
<body>
  <div class='ocr_page' id='page_1' title='image "./doctorisseraphi01italgoog/doctorisseraphi01italgoog_0178.png"; bbox 0 0 5900 8266; ppageno 0'>
   <div class='ocr_carea' id='block_1_1' title="bbox 1004 617 1788 736">
    <p class='ocr_par' dir='ltr' id='par_1_1' title="bbox 1004 617 1788 736">
     <span class='ocr_line' id='line_1_1' title="bbox 1004 617 1788 736; baseline 0.008 -8"><span class='ocrx_word' id='word_1_1' title='bbox 1004 663 1195 730; x_wconf 82' lang='lat' dir='ltr'>connum.</span> <span class='ocrx_word' id='word_1_2' title='bbox 1219 665 1257 730; x_wconf 88' lang='lat' dir='ltr'>nv</span> <span class='ocrx_word' id='word_1_3' title='bbox 1281 667 1518 736; x_wconf 74' lang='lat' dir='ltr'>avrnvcvnmr</span> <span class='ocrx_word' id='word_1_4' title='bbox 1542 617 1665 734; x_wconf 80' lang='lat' dir='ltr'>errem</span> <span class='ocrx_word' id='word_1_5' title='bbox 1684 667 1715 734; x_wconf 89' lang='lat' dir='ltr'>c.</span> <span class='ocrx_word' id='word_1_6' title='bbox 1741 667 1788 734; x_wconf 89' lang='lat' dir='ltr'>vr.</span> 
     </span>
    </p>
   </div>
   <div class='ocr_carea' id='block_1_2' title="bbox 290 837 1370 3022">
    <p class='ocr_par' dir='ltr' id='par_1_2' title="bbox 290 837 1370 3022">
     <span class='ocr_line' id='line_1_2' title="bbox 410 837 1368 926; baseline 0.001 -18"><span class='ocrx_word' id='word_1_7' title='bbox 410 841 573 926; x_wconf 89' lang='lat' dir='ltr'>trigesimo</span> <span class='ocrx_word' id='word_1_8' title='bbox 602 841 766 908; x_wconf 76' lang='grc' dir='ltr'>εθθεεῖῖθ1</span> <span class='ocrx_word' id='word_1_9' title='bbox 793 837 908 906; x_wconf 90' lang='lat' dir='ltr'>dicitur</span> <span class='ocrx_word' id='word_1_10' title='bbox 933 839 969 906; x_wconf 90' lang='lat' dir='ltr'>de</span> <span class='ocrx_word' id='word_1_11' title='bbox 995 837 1140 916; x_wconf 88' lang='lat' dir='ltr'>Ezechia,</span> <span class='ocrx_word' id='word_1_12' title='bbox 1165 841 1250 924; x_wconf 89' lang='lat' dir='ltr'>quod</span> <span class='ocrx_word' id='word_1_13' title='bbox 1277 859 1368 910; x_wconf 89' lang='lat' dir='ltr'>«non</span> 
     </span>
     <span class='ocr_line' id='line_1_3' title="bbox 410 943 1370 1032; baseline 0 -20"><span class='ocrx_word' id='word_1_14' title='bbox 410 947 504 1012; x_wconf 84' lang='lat' dir='ltr'>iuxta</span> <span class='ocrx_word' id='word_1_15' title='bbox 525 945 695 1024; x_wconf 85' lang='lat' dir='ltr'>beneficia,</span> <span class='ocrx_word' id='word_1_16' title='bbox 718 963 802 1032; x_wconf 88' lang='lat' dir='ltr'>quae</span> <span class='ocrx_word' id='word_1_17' title='bbox 824 945 983 1030; x_wconf 84' lang='lat' dir='ltr'>accepite</span> <span class='ocrx_word' id='word_1_18' title='bbox 1007 946 1086 1022; x_wconf 79' lang='lat' dir='ltr'>lieo,</span> <span class='ocrx_word' id='word_1_19' title='bbox 1112 943 1269 1024; x_wconf 75' lang='lat' dir='ltr'><strong>retribuit,</strong></span> <span class='ocrx_word' id='word_1_20' title='bbox 1294 947 1370 1030; x_wconf 87' lang='lat' dir='ltr'>quia</span> 
     </span>
     <span class='ocr_line' id='line_1_4' title="bbox 410 1049 1369 1132; baseline 0 -14"><span class='ocrx_word' id='word_1_21' title='bbox 410 1052 568 1118; x_wconf 92' lang='lat' dir='ltr'>elevatum</span> <span class='ocrx_word' id='word_1_22' title='bbox 591 1057 639 1118; x_wconf 90' lang='lat' dir='ltr'>est</span> <span class='ocrx_word' id='word_1_23' title='bbox 662 1067 717 1118; x_wconf 94' lang='lat' dir='ltr'>cor</span> <span class='ocrx_word' id='word_1_24' title='bbox 741 1051 810 1116; x_wconf 90' lang='lat' dir='ltr'>eius</span> <span class='ocrx_word' id='word_1_25' title='bbox 825 1075 855 1114; x_wconf 87' lang='lat'>».</span> <span class='ocrx_word' id='word_1_26' title='bbox 880 1049 964 1116; x_wconf 90' lang='lat' dir='ltr'>Unde</span> <span class='ocrx_word' id='word_1_27' title='bbox 988 1049 1131 1116; x_wconf 83' lang='lat' dir='ltr'>Christus</span> <span class='ocrx_word' id='word_1_28' title='bbox 1146 1049 1369 1132; x_wconf 89' lang='lat' dir='ltr'>potestdicere</span> 
     </span>
     <span class='ocr_line' id='line_1_5' title="bbox 410 1153 1369 1240; baseline 0 -18"><span class='ocrx_word' id='word_1_29' title='bbox 410 1155 489 1222; x_wconf 91' lang='lat' dir='ltr'>illud</span> <span class='ocrx_word' id='word_1_30' title='bbox 506 1155 635 1222; x_wconf 82' lang='lat' dir='ltr'>Psalmi:</span> <span class='ocrx_word' id='word_1_31' title='bbox 655 1153 909 1222; x_wconf 82' lang='lat' dir='ltr'>«Retribuebant</span> <span class='ocrx_word' id='word_1_32' title='bbox 926 1153 1002 1220; x_wconf 88' lang='lat' dir='ltr'>milri</span> <span class='ocrx_word' id='word_1_33' title='bbox 1018 1155 1098 1222; x_wconf 90' lang='lat' dir='ltr'>mala</span> <span class='ocrx_word' id='word_1_34' title='bbox 1114 1171 1172 1240; x_wconf 91' lang='lat' dir='ltr'>pro</span> <span class='ocrx_word' id='word_1_35' title='bbox 1189 1155 1275 1222; x_wconf 90' lang='lat' dir='ltr'>bonis</span> <span class='ocrx_word' id='word_1_36' title='bbox 1287 1183 1320 1236; x_wconf 72' lang='lat' dir='ltr'>o,</span> <span class='ocrx_word' id='word_1_37' title='bbox 1335 1163 1369 1222; x_wconf 88' lang='lat' dir='ltr'>et</span> 
     </span>
     <span class='ocr_line' id='line_1_6' title="bbox 411 1259 1368 1346; baseline -0.002 -18"><span class='ocrx_word' id='word_1_38' title='bbox 411 1267 557 1346; x_wconf 88' lang='lat' dir='ltr'>peccator</span> <span class='ocrx_word' id='word_1_39' title='bbox 579 1261 704 1328; x_wconf 85' lang='lat' dir='ltr'>Christo</span> <span class='ocrx_word' id='word_1_40' title='bbox 726 1259 806 1326; x_wconf 91' lang='lat' dir='ltr'>illud</span> <span class='ocrx_word' id='word_1_41' title='bbox 827 1261 920 1342; x_wconf 87' lang='lat' dir='ltr'>primi</span> <span class='ocrx_word' id='word_1_42' title='bbox 938 1261 1055 1344; x_wconf 82' lang='lat' dir='ltr'>Regum</span> <span class='ocrx_word' id='word_1_43' title='bbox 1071 1259 1218 1344; x_wconf 91' lang='lat' dir='ltr'>vigesimo</span> <span class='ocrx_word' id='word_1_44' title='bbox 1235 1267 1368 1346; x_wconf 84' lang='lat' dir='ltr'>quarto:</span> 
     </span>
     <span class='ocr_line' id='line_1_7' title="bbox 416 1363 1367 1448; baseline 0 -18"><span class='ocrx_word' id='word_1_45' title='bbox 416 1391 433 1424; x_wconf 88' lang='lat'>«</span> <span class='ocrx_word' id='word_1_46' title='bbox 446 1365 492 1430; x_wconf 84' lang='lat' dir='ltr'>lu</span> <span class='ocrx_word' id='word_1_47' title='bbox 517 1365 654 1432; x_wconf 80' lang='lat' dir='ltr'>tribuisti</span> <span class='ocrx_word' id='word_1_48' title='bbox 677 1365 756 1430; x_wconf 91' lang='lat' dir='ltr'>mihi</span> <span class='ocrx_word' id='word_1_49' title='bbox 778 1363 879 1442; x_wconf 91' lang='lat' dir='ltr'>hona,</span> <span class='ocrx_word' id='word_1_50' title='bbox 895 1370 926 1430; x_wconf 93' lang='lat' dir='ltr'>et</span> <span class='ocrx_word' id='word_1_51' title='bbox 949 1381 1006 1448; x_wconf 91' lang='lat' dir='ltr'>ego</span> <span class='ocrx_word' id='word_1_52' title='bbox 1027 1363 1146 1432; x_wconf 90' lang='lat' dir='ltr'>reddidi</span> <span class='ocrx_word' id='word_1_53' title='bbox 1162 1363 1216 1430; x_wconf 91' lang='lat' dir='ltr'>tibi</span> <span class='ocrx_word' id='word_1_54' title='bbox 1242 1365 1367 1432; x_wconf 85' lang='lat' dir='ltr'>mala».</span> 
     </span>
     <span class='ocr_line' id='line_1_8' title="bbox 411 1467 1367 1556; baseline 0 -20"><span class='ocrx_word' id='word_1_55' title='bbox 411 1471 449 1536; x_wconf 85' lang='lat' dir='ltr'>m</span> <span class='ocrx_word' id='word_1_56' title='bbox 470 1487 509 1536; x_wconf 92' lang='lat' dir='ltr'>eo</span> <span class='ocrx_word' id='word_1_57' title='bbox 529 1471 613 1556; x_wconf 91' lang='lat' dir='ltr'>ipso,</span> <span class='ocrx_word' id='word_1_58' title='bbox 632 1471 654 1536; x_wconf 92' lang='lat' dir='ltr'>si</span> <span class='ocrx_word' id='word_1_59' title='bbox 673 1469 741 1536; x_wconf 91' lang='lat' dir='ltr'>vult</span> <span class='ocrx_word' id='word_1_60' title='bbox 757 1467 888 1534; x_wconf 89' lang='lat' dir='ltr'>Domino</span> <span class='ocrx_word' id='word_1_61' title='bbox 903 1469 1116 1548; x_wconf 91' lang='lat' dir='ltr'>reconciliari,</span> <span class='ocrx_word' id='word_1_62' title='bbox 1133 1477 1266 1552; x_wconf 87' lang='lat' dir='ltr'>oportet,</span> <span class='ocrx_word' id='word_1_63' title='bbox 1280 1471 1367 1554; x_wconf 90' lang='lat' dir='ltr'>quod</span> 
     </span>
     <span class='ocr_line' id='line_1_9' title="bbox 410 1573 1368 1660; baseline 0.004 -22"><span class='ocrx_word' id='word_1_64' title='bbox 410 1575 477 1660; x_wconf 88' lang='lat' dir='ltr'>ipse</span> <span class='ocrx_word' id='word_1_65' title='bbox 501 1573 673 1642; x_wconf 89' lang='lat' dir='ltr'>benefaciat</span> <span class='ocrx_word' id='word_1_66' title='bbox 705 1593 768 1642; x_wconf 93' lang='lat' dir='ltr'>non</span> <span class='ocrx_word' id='word_1_67' title='bbox 796 1579 917 1652; x_wconf 88' lang='lat' dir='ltr'>tantum</span> <span class='ocrx_word' id='word_1_68' title='bbox 950 1573 1167 1652; x_wconf 76' lang='lat' dir='ltr'>benefacienti,</span> <span class='ocrx_word' id='word_1_69' title='bbox 1197 1575 1251 1642; x_wconf 89' lang='lat' dir='ltr'>sed</span> <span class='ocrx_word' id='word_1_70' title='bbox 1272 1575 1368 1642; x_wconf 89' lang='lat' dir='ltr'>etiam</span> 
     </span>
     <span class='ocr_line' id='line_1_10' title="bbox 410 1677 1368 1756; baseline 0.001 -10"><span class='ocrx_word' id='word_1_71' title='bbox 410 1679 604 1756; x_wconf 91' lang='lat' dir='ltr'>adversanti;</span> <span class='ocrx_word' id='word_1_72' title='bbox 631 1685 661 1746; x_wconf 91' lang='lat' dir='ltr'>et</span> <span class='ocrx_word' id='word_1_73' title='bbox 685 1679 746 1746; x_wconf 90' lang='lat' dir='ltr'>tale</span> <span class='ocrx_word' id='word_1_74' title='bbox 768 1687 816 1746; x_wconf 92' lang='lat' dir='ltr'>est</span> <span class='ocrx_word' id='word_1_75' title='bbox 837 1677 1025 1746; x_wconf 77' lang='lat' dir='ltr'>beneficium</span> <span class='ocrx_word' id='word_1_76' title='bbox 1040 1677 1179 1746; x_wconf 89' lang='lat' dir='ltr'>caritatis</span> <span class='ocrx_word' id='word_1_77' title='bbox 1194 1681 1368 1746; x_wconf 92' lang='lat' dir='ltr'>secundum</span> 
     </span>
     <span class='ocr_line' id='line_1_11' title="bbox 410 1777 1367 1870; baseline 0 -20"><span class='ocrx_word' id='word_1_78' title='bbox 410 1783 488 1852; x_wconf 92' lang='lat' dir='ltr'>illud</span> <span class='ocrx_word' id='word_1_79' title='bbox 512 1783 633 1870; x_wconf 91' lang='lat' dir='ltr'>primae</span> <span class='ocrx_word' id='word_1_80' title='bbox 654 1783 696 1852; x_wconf 90' lang='lat' dir='ltr'>ad</span> <span class='ocrx_word' id='word_1_81' title='bbox 728 1777 906 1850; x_wconf 80' lang='lat' dir='ltr'>Corinthios</span> <span class='ocrx_word' id='word_1_82' title='bbox 940 1783 1061 1850; x_wconf 88' lang='lat' dir='ltr'>decimo</span> <span class='ocrx_word' id='word_1_83' title='bbox 1083 1783 1218 1850; x_wconf 78' lang='lat' dir='ltr'>tortto2:</span> <span class='ocrx_word' id='word_1_84' title='bbox 1249 1783 1367 1850; x_wconf 81' lang='lat' dir='ltr'>«Cari-</span> 
     </span>
     <span class='ocr_line' id='line_1_12' title="bbox 412 1887 965 1974; baseline 0 -20"><span class='ocrx_word' id='word_1_85' title='bbox 412 1895 460 1956; x_wconf 89' lang='lat' dir='ltr'>tas</span> <span class='ocrx_word' id='word_1_86' title='bbox 482 1889 603 1972; x_wconf 90' lang='lat' dir='ltr'>patiens</span> <span class='ocrx_word' id='word_1_87' title='bbox 627 1895 692 1968; x_wconf 91' lang='lat' dir='ltr'>est,</span> <span class='ocrx_word' id='word_1_88' title='bbox 716 1887 849 1974; x_wconf 91' lang='lat' dir='ltr'>benigna</span> <span class='ocrx_word' id='word_1_89' title='bbox 873 1895 919 1954; x_wconf 91' lang='lat' dir='ltr'>est</span> <span class='ocrx_word' id='word_1_90' title='bbox 937 1915 965 1954; x_wconf 72' lang='lat' dir='ltr'>u.</span> 
     </span>
     <span class='ocr_line' id='line_1_13' title="bbox 500 1979 1368 2078; baseline -0.002 -16"><span class='ocrx_word' id='word_1_91' title='bbox 500 1997 552 2062; x_wconf 87' lang='lat'>80.</span> <span class='ocrx_word' id='word_1_92' title='bbox 578 1993 677 2078; x_wconf 81' lang='lat' dir='ltr'>(Vere.</span> <span class='ocrx_word' id='word_1_93' title='bbox 704 1979 780 2078; x_wconf 70' lang='lat' dir='ltr'>diu).</span> <span class='ocrx_word' id='word_1_94' title='bbox 806 1993 872 2060; x_wconf 92' lang='lat' dir='ltr'>Non</span> <span class='ocrx_word' id='word_1_95' title='bbox 888 1993 1004 2062; x_wconf 85' lang='lat' dir='ltr'>sufficit</span> <span class='ocrx_word' id='word_1_96' title='bbox 1019 1995 1110 2062; x_wconf 90' lang='lat' dir='ltr'>etlam</span> <span class='ocrx_word' id='word_1_97' title='bbox 1132 2011 1200 2062; x_wconf 90' lang='lat' dir='ltr'>esse</span> <span class='ocrx_word' id='word_1_98' title='bbox 1220 2011 1368 2060; x_wconf 87' lang='lat' dir='ltr'>eorurun-</span> 
     </span>
     <span class='ocr_line' id='line_1_14' title="bbox 290 2099 1366 2184; baseline 0 -20"><span class='ocrx_word' id='word_1_99' title='bbox 290 2119 393 2164; x_wconf 71' lang='lat' dir='ltr'>rerum.</span> <span class='ocrx_word' id='word_1_100' title='bbox 410 2101 595 2168; x_wconf 82' lang='lat' dir='ltr'>nientinnm</span> <span class='ocrx_word' id='word_1_101' title='bbox 620 2107 769 2184; x_wconf 75' lang='lat' dir='ltr'>respectu</span> <span class='ocrx_word' id='word_1_102' title='bbox 790 2099 1130 2182; x_wconf 85' lang='lat' dir='ltr'>reeornpeusunte&#39;nm,</span> <span class='ocrx_word' id='word_1_103' title='bbox 1146 2099 1220 2182; x_wconf 89' lang='lat' dir='ltr'>quia</span> <span class='ocrx_word' id='word_1_104' title='bbox 1243 2099 1303 2164; x_wconf 87' lang='lat' dir='ltr'>hoc</span> <span class='ocrx_word' id='word_1_105' title='bbox 1320 2107 1366 2166; x_wconf 90' lang='lat' dir='ltr'>est</span> 
     </span>
     <span class='ocr_line' id='line_1_15' title="bbox 410 2201 1368 2290; baseline -0.002 -18"><span class='ocrx_word' id='word_1_106' title='bbox 410 2207 552 2290; x_wconf 91' lang='lat' dir='ltr'>ipsorum</span> <span class='ocrx_word' id='word_1_107' title='bbox 592 2203 831 2282; x_wconf 90' lang='lat' dir='ltr'>feneratorum;</span> <span class='ocrx_word' id='word_1_108' title='bbox 861 2201 945 2270; x_wconf 91' lang='lat' dir='ltr'>unde</span> <span class='ocrx_word' id='word_1_109' title='bbox 978 2209 1011 2270; x_wconf 94' lang='lat' dir='ltr'>et</span> <span class='ocrx_word' id='word_1_110' title='bbox 1039 2203 1221 2286; x_wconf 89' lang='lat' dir='ltr'>subiungit:</span> <span class='ocrx_word' id='word_1_111' title='bbox 1263 2203 1304 2268; x_wconf 86' lang='lat' dir='ltr'>Et</span> <span class='ocrx_word' id='word_1_112' title='bbox 1334 2203 1368 2270; x_wconf 84' lang='lat' dir='ltr'>oi</span> 
     </span>
     <span class='ocr_line' id='line_1_16' title="bbox 410 2305 1364 2396; baseline -0.004 -18"><span class='ocrx_word' id='word_1_113' title='bbox 410 2317 568 2378; x_wconf 75' lang='lat' dir='ltr'>meinent</span> <span class='ocrx_word' id='word_1_114' title='bbox 590 2307 746 2376; x_wconf 86' lang='lat' dir='ltr'>dederitis</span> <span class='ocrx_word' id='word_1_115' title='bbox 770 2305 833 2386; x_wconf 81' lang='lat' dir='ltr'>bis,</span> <span class='ocrx_word' id='word_1_116' title='bbox 857 2327 880 2374; x_wconf 88' lang='lat' dir='ltr'>u</span> <span class='ocrx_word' id='word_1_117' title='bbox 902 2307 1023 2396; x_wconf 84' lang='lat' dir='ltr'>quibus</span> <span class='ocrx_word' id='word_1_118' title='bbox 1043 2307 1188 2392; x_wconf 81' lang='lat' dir='ltr'>speratis</span> <span class='ocrx_word' id='word_1_119' title='bbox 1211 2307 1364 2392; x_wconf 86' lang='lat' dir='ltr'>recipere,</span> 
     </span>
     <span class='ocr_line' id='line_1_17' title="bbox 411 2413 1365 2500; baseline -0.004 -18"><span class='ocrx_word' id='word_1_120' title='bbox 411 2415 529 2482; x_wconf 88' lang='lat' dir='ltr'>scilicet</span> <span class='ocrx_word' id='word_1_121' title='bbox 551 2413 893 2500; x_wconf 66' lang='lat' dir='ltr'>recompensationem</span> <span class='ocrx_word' id='word_1_122' title='bbox 914 2431 1001 2500; x_wconf 84' lang='lat' dir='ltr'>quoe</span> <span class='ocrx_word' id='word_1_123' title='bbox 1028 2413 1145 2500; x_wconf 81' lang='lat' dir='ltr'>proteo</span> <span class='ocrx_word' id='word_1_124' title='bbox 1178 2419 1224 2478; x_wconf 85' lang='lat' dir='ltr'>eet</span> <span class='ocrx_word' id='word_1_125' title='bbox 1253 2413 1365 2480; x_wconf 76' lang='lat' dir='ltr'>nobb?</span> 
     </span>
     <span class='ocr_line' id='line_1_18' title="bbox 410 2519 1366 2606; baseline -0.002 -20"><span class='ocrx_word' id='word_1_126' title='bbox 410 2521 500 2606; x_wconf 84' lang='lat' dir='ltr'>quasi</span> <span class='ocrx_word' id='word_1_127' title='bbox 518 2521 616 2588; x_wconf 91' lang='lat' dir='ltr'>dicat:</span> <span class='ocrx_word' id='word_1_128' title='bbox 635 2521 729 2586; x_wconf 89' lang='lat' dir='ltr'>nulla.</span> <span class='ocrx_word' id='word_1_129' title='bbox 749 2519 784 2584; x_wconf 89' lang='lat' dir='ltr'>Et</span> <span class='ocrx_word' id='word_1_130' title='bbox 799 2521 858 2586; x_wconf 91' lang='lat' dir='ltr'>hoc</span> <span class='ocrx_word' id='word_1_131' title='bbox 871 2519 1017 2585; x_wconf 85' lang='lat' dir='ltr'>ostendit:</span> <span class='ocrx_word' id='word_1_132' title='bbox 1034 2519 1124 2584; x_wconf 88' lang='lat' dir='ltr'>Nom</span> <span class='ocrx_word' id='word_1_133' title='bbox 1140 2525 1167 2582; x_wconf 88' lang='lat' dir='ltr'>et</span> <span class='ocrx_word' id='word_1_134' title='bbox 1178 2525 1366 2602; x_wconf 84' lang='lat' dir='ltr'>percuteres</span> 
     </span>
     <span class='ocr_line' id='line_1_19' title="bbox 385 2621 1365 2710; baseline -0.003 -20"><span class='ocrx_word' id='word_1_135' title='bbox 385 2707 386 2710; x_wconf 8' lang='grc' dir='ltr'><strong>Ἴ</strong></span> <span class='ocrx_word' id='word_1_136' title='bbox 407 2623 640 2710; x_wconf 81' lang='lat' dir='ltr'>peccatoribus</span> <span class='ocrx_word' id='word_1_137' title='bbox 660 2623 878 2710; x_wconf 76' lang='lat' dir='ltr'>fenerentur,</span> <span class='ocrx_word' id='word_1_138' title='bbox 895 2621 924 2686; x_wconf 91' lang='lat' dir='ltr'>id</span> <span class='ocrx_word' id='word_1_139' title='bbox 942 2629 1006 2700; x_wconf 98' lang='grc' dir='ltr'><strong>θεῖ,</strong></span> <span class='ocrx_word' id='word_1_140' title='bbox 1022 2621 1218 2688; x_wconf 89' lang='lat' dir='ltr'>commodant</span> <span class='ocrx_word' id='word_1_141' title='bbox 1233 2621 1273 2686; x_wconf 89' lang='lat' dir='ltr'>ad</span> <span class='ocrx_word' id='word_1_142' title='bbox 1288 2639 1365 2688; x_wconf 93' lang='lat' dir='ltr'>usu-</span> 
     </span>
     <span class='ocr_line' id='line_1_20' title="bbox 412 2725 1365 2814; baseline -0.002 -20"><span class='ocrx_word' id='word_1_143' title='bbox 412 2747 493 2808; x_wconf 89' lang='lat' dir='ltr'>ram;</span> <span class='ocrx_word' id='word_1_144' title='bbox 512 2729 596 2796; x_wconf 89' lang='lat' dir='ltr'>uode</span> <span class='ocrx_word' id='word_1_145' title='bbox 611 2727 734 2796; x_wconf 87' lang='lat' dir='ltr'>subdit:</span> <span class='ocrx_word' id='word_1_146' title='bbox 761 2729 799 2794; x_wconf 87' lang='lat' dir='ltr'>ur</span> <span class='ocrx_word' id='word_1_147' title='bbox 812 2727 975 2812; x_wconf 83' lang='lat' dir='ltr'>recipiunt</span> <span class='ocrx_word' id='word_1_148' title='bbox 989 2725 1155 2814; x_wconf 74' lang='lat' dir='ltr'>coenolio,</span> <span class='ocrx_word' id='word_1_149' title='bbox 1176 2725 1293 2794; x_wconf 90' lang='lat' dir='ltr'>scilicet</span> <span class='ocrx_word' id='word_1_150' title='bbox 1308 2745 1365 2812; x_wconf 95' lang='lat' dir='ltr'>pro</span> 
     </span>
     <span class='ocr_line' id='line_1_21' title="bbox 411 2831 1363 2918; baseline -0.004 -18"><span class='ocrx_word' id='word_1_151' title='bbox 411 2833 555 2912; x_wconf 92' lang='lat' dir='ltr'>servitio,</span> <span class='ocrx_word' id='word_1_152' title='bbox 581 2851 644 2900; x_wconf 93' lang='lat' dir='ltr'>non</span> <span class='ocrx_word' id='word_1_153' title='bbox 666 2833 769 2900; x_wconf 90' lang='lat' dir='ltr'>solum</span> <span class='ocrx_word' id='word_1_154' title='bbox 793 2851 851 2918; x_wconf 92' lang='lat' dir='ltr'>pro</span> <span class='ocrx_word' id='word_1_155' title='bbox 875 2833 988 2898; x_wconf 89' lang='lat' dir='ltr'>debito.</span> <span class='ocrx_word' id='word_1_156' title='bbox 1022 2833 1058 2896; x_wconf 88' lang='lat' dir='ltr'>Et</span> <span class='ocrx_word' id='word_1_157' title='bbox 1081 2831 1154 2916; x_wconf 85' lang='lat' dir='ltr'>quia</span> <span class='ocrx_word' id='word_1_158' title='bbox 1190 2833 1363 2898; x_wconf 76' lang='lat' dir='ltr'>mercedem</span> 
     </span>
     <span class='ocr_line' id='line_1_22' title="bbox 410 2935 1364 3022; baseline -0.002 -18"><span class='ocrx_word' id='word_1_159' title='bbox 410 2937 587 3022; x_wconf 91' lang='lat' dir='ltr'>accipiunt,</span> <span class='ocrx_word' id='word_1_160' title='bbox 609 2955 672 3004; x_wconf 89' lang='lat' dir='ltr'>non</span> <span class='ocrx_word' id='word_1_161' title='bbox 698 2937 814 3022; x_wconf 80' lang='lat' dir='ltr'>hahent</span> <span class='ocrx_word' id='word_1_162' title='bbox 837 2937 984 3004; x_wconf 90' lang='lat' dir='ltr'>meritum</span> <span class='ocrx_word' id='word_1_163' title='bbox 1002 2937 1084 3022; x_wconf 89' lang='lat' dir='ltr'>apud</span> <span class='ocrx_word' id='word_1_164' title='bbox 1099 2937 1217 3016; x_wconf 89' lang='lat' dir='ltr'>Deum;</span> <span class='ocrx_word' id='word_1_165' title='bbox 1232 2935 1317 3004; x_wconf 93' lang='lat' dir='ltr'>unde</span> <span class='ocrx_word' id='word_1_166' title='bbox 1333 2935 1364 3002; x_wconf 94' lang='lat' dir='ltr'>in</span> 
     </span>
    </p>
   </div>
   <div class='ocr_carea' id='block_1_3' title="bbox 412 3041 1370 3126">
    <p class='ocr_par' dir='ltr' id='par_1_3' title="bbox 412 3041 1370 3126">
     <span class='ocr_line' id='line_1_23' title="bbox 412 3041 1370 3126; baseline 0 -20"><span class='ocrx_word' id='word_1_167' title='bbox 412 3042 576 3110; x_wconf 70' lang='lat' dir='ltr'>psalmat:</span> <span class='ocrx_word' id='word_1_168' title='bbox 605 3043 714 3126; x_wconf 81' lang='lat' dir='ltr'>«Quis</span> <span class='ocrx_word' id='word_1_169' title='bbox 744 3043 892 3110; x_wconf 79' lang='lat' dir='ltr'>ascendet</span> <span class='ocrx_word' id='word_1_170' title='bbox 913 3043 947 3108; x_wconf 93' lang='lat' dir='ltr'>in</span> <span class='ocrx_word' id='word_1_171' title='bbox 972 3049 1110 3110; x_wconf 89' lang='lat' dir='ltr'>montem</span> <span class='ocrx_word' id='word_1_172' title='bbox 1135 3041 1256 3108; x_wconf 89' lang='lat' dir='ltr'>Domini</span> <span class='ocrx_word' id='word_1_173' title='bbox 1273 3049 1311 3106; x_wconf 80' lang='lat' dir='ltr'>»t</span> <span class='ocrx_word' id='word_1_174' title='bbox 1334 3045 1370 3108; x_wconf 82' lang='grc' dir='ltr'>θῖΙ</span> 
     </span>
    </p>
   </div>
   <div class='ocr_carea' id='block_1_4' title="bbox 248 3147 1364 5434">
    <p class='ocr_par' dir='ltr' id='par_1_4' title="bbox 248 3147 1364 5434">
     <span class='ocr_line' id='line_1_24' title="bbox 411 3147 1363 3242; baseline 0 -28"><span class='ocrx_word' id='word_1_175' title='bbox 411 3147 576 3214; x_wconf 80' lang='lat' dir='ltr'>subditur:</span> <span class='ocrx_word' id='word_1_176' title='bbox 605 3175 621 3208; x_wconf 91' lang='lat'>«</span> <span class='ocrx_word' id='word_1_177' title='bbox 638 3149 696 3232; x_wconf 83' lang='lat' dir='ltr'>Qui</span> <span class='ocrx_word' id='word_1_178' title='bbox 721 3151 888 3232; x_wconf 90' lang='lat' dir='ltr'>pecuniam</span> <span class='ocrx_word' id='word_1_179' title='bbox 911 3167 1000 3214; x_wconf 93' lang='lat' dir='ltr'>suam</span> <span class='ocrx_word' id='word_1_180' title='bbox 1025 3167 1086 3214; x_wconf 93' lang='lat' dir='ltr'>non</span> <span class='ocrx_word' id='word_1_181' title='bbox 1112 3149 1209 3242; x_wconf 85' lang='lat' dir='ltr'>dedit</span> <span class='ocrx_word' id='word_1_182' title='bbox 1225 3149 1266 3214; x_wconf 91' lang='lat' dir='ltr'>ad</span> <span class='ocrx_word' id='word_1_183' title='bbox 1287 3165 1363 3214; x_wconf 90' lang='lat' dir='ltr'>usn·</span> 
     </span>
     <span class='ocr_line' id='line_1_25' title="bbox 412 3253 1364 3340; baseline 0.002 -22"><span class='ocrx_word' id='word_1_184' title='bbox 412 3271 478 3318; x_wconf 92' lang='lat' dir='ltr'>ram</span> <span class='ocrx_word' id='word_1_185' title='bbox 502 3261 534 3322; x_wconf 90' lang='grc' dir='ltr'>θῖ</span> <span class='ocrx_word' id='word_1_186' title='bbox 556 3271 690 3322; x_wconf 90' lang='lat' dir='ltr'>monera</span> <span class='ocrx_word' id='word_1_187' title='bbox 707 3271 801 3340; x_wconf 90' lang='lat' dir='ltr'>super</span> <span class='ocrx_word' id='word_1_188' title='bbox 820 3255 1016 3320; x_wconf 88' lang='lat' dir='ltr'>innocentem</span> <span class='ocrx_word' id='word_1_189' title='bbox 1030 3273 1092 3320; x_wconf 95' lang='lat' dir='ltr'>non</span> <span class='ocrx_word' id='word_1_190' title='bbox 1107 3253 1225 3338; x_wconf 91' lang='lat' dir='ltr'>accepit</span> <span class='ocrx_word' id='word_1_191' title='bbox 1237 3279 1269 3318; x_wconf 86' lang='grc'>».</span> <span class='ocrx_word' id='word_1_192' title='bbox 1285 3253 1364 3320; x_wconf 88' lang='lat' dir='ltr'>hlio·</span> 
     </span>
     <span class='ocr_line' id='line_1_26' title="bbox 411 3359 1359 3442; baseline 0.002 -18"><span class='ocrx_word' id='word_1_193' title='bbox 411 3359 487 3442; x_wconf 85' lang='lat' dir='ltr'>quin</span> <span class='ocrx_word' id='word_1_194' title='bbox 512 3361 543 3424; x_wconf 88' lang='lat' dir='ltr'>in</span> <span class='ocrx_word' id='word_1_195' title='bbox 567 3366 707 3426; x_wconf 92' lang='lat' dir='ltr'>montem</span> <span class='ocrx_word' id='word_1_196' title='bbox 730 3359 853 3426; x_wconf 89' lang='lat' dir='ltr'>Domini</span> <span class='ocrx_word' id='word_1_197' title='bbox 870 3379 932 3424; x_wconf 93' lang='lat' dir='ltr'>non</span> <span class='ocrx_word' id='word_1_198' title='bbox 950 3359 1103 3438; x_wconf 91' lang='lat' dir='ltr'>ascendit;</span> <span class='ocrx_word' id='word_1_199' title='bbox 1121 3361 1205 3426; x_wconf 91' lang='lat' dir='ltr'>unde</span> <span class='ocrx_word' id='word_1_200' title='bbox 1220 3361 1359 3428; x_wconf 88' lang='lat' dir='ltr'>Ezechie-</span> 
     </span>
     <span class='ocr_line' id='line_1_27' title="bbox 412 3465 1361 3550; baseline 0.001 -19"><span class='ocrx_word' id='word_1_201' title='bbox 412 3465 449 3532; x_wconf 89' lang='lat' dir='ltr'>lis</span> <span class='ocrx_word' id='word_1_202' title='bbox 472 3465 597 3532; x_wconf 91' lang='lat' dir='ltr'>decimo</span> <span class='ocrx_word' id='word_1_203' title='bbox 614 3473 724 3534; x_wconf 87' lang='lat' dir='ltr'>octavo</span> <span class='ocrx_word' id='word_1_204' title='bbox 735 3469 754 3504; x_wconf 42' lang='lat'>⁴*</span> <span class='ocrx_word' id='word_1_205' title='bbox 773 3467 825 3532; x_wconf 90' lang='lat' dir='ltr'>ille</span> <span class='ocrx_word' id='word_1_206' title='bbox 847 3465 1052 3544; x_wconf 85' lang='lat' dir='ltr'>instificetur,</span> <span class='ocrx_word' id='word_1_207' title='bbox 1077 3465 1209 3550; x_wconf 88' lang='lat' dir='ltr'>dequo</span> <span class='ocrx_word' id='word_1_208' title='bbox 1229 3465 1361 3534; x_wconf 91' lang='lat' dir='ltr'>dicitur:</span> 
     </span>
     <span class='ocr_line' id='line_1_28' title="bbox 415 3557 1362 3656; baseline 0.002 -20"><span class='ocrx_word' id='word_1_209' title='bbox 415 3571 506 3654; x_wconf 74' lang='lat' dir='ltr'>«Qui</span> <span class='ocrx_word' id='word_1_210' title='bbox 531 3571 569 3638; x_wconf 90' lang='lat' dir='ltr'>ad</span> <span class='ocrx_word' id='word_1_211' title='bbox 603 3589 733 3640; x_wconf 89' lang='lat' dir='ltr'>usuram</span> <span class='ocrx_word' id='word_1_212' title='bbox 770 3589 833 3638; x_wconf 90' lang='lat' dir='ltr'>non</span> <span class='ocrx_word' id='word_1_213' title='bbox 866 3571 1147 3638; x_wconf 79' lang='lat' dir='ltr'>accommodaverit</span> <span class='ocrx_word' id='word_1_214' title='bbox 1175 3557 1362 3656; x_wconf 86' lang='lat' dir='ltr'>etamplius</span> 
     </span>
     <span class='ocr_line' id='line_1_29' title="bbox 411 3675 1362 3762; baseline 0 -20"><span class='ocrx_word' id='word_1_215' title='bbox 411 3695 474 3742; x_wconf 93' lang='lat' dir='ltr'>non</span> <span class='ocrx_word' id='word_1_216' title='bbox 495 3677 654 3762; x_wconf 87' lang='lat' dir='ltr'>acceperit</span> <span class='ocrx_word' id='word_1_217' title='bbox 668 3701 700 3754; x_wconf 78' lang='lat'>»3</span> <span class='ocrx_word' id='word_1_218' title='bbox 724 3683 756 3744; x_wconf 92' lang='lat' dir='ltr'>et</span> <span class='ocrx_word' id='word_1_219' title='bbox 779 3677 832 3742; x_wconf 89' lang='lat' dir='ltr'>ille</span> <span class='ocrx_word' id='word_1_220' title='bbox 853 3695 870 3742; x_wconf 96' lang='grc' dir='ltr'><strong>θ</strong></span> <span class='ocrx_word' id='word_1_221' title='bbox 896 3675 1062 3754; x_wconf 89' lang='lat' dir='ltr'>contrario,</span> <span class='ocrx_word' id='word_1_222' title='bbox 1087 3677 1141 3760; x_wconf 87' lang='lat' dir='ltr'>qui</span> <span class='ocrx_word' id='word_1_223' title='bbox 1163 3677 1296 3760; x_wconf 92' lang='lat' dir='ltr'>amplius</span> <span class='ocrx_word' id='word_1_224' title='bbox 1312 3693 1362 3742; x_wconf 92' lang='lat' dir='ltr'>ac-</span> 
     </span>
     <span class='ocr_line' id='line_1_30' title="bbox 410 3781 1361 3866; baseline -0.003 -18"><span class='ocrx_word' id='word_1_225' title='bbox 410 3781 501 3866; x_wconf 88' lang='lat' dir='ltr'>cipit,</span> <span class='ocrx_word' id='word_1_226' title='bbox 535 3781 725 3866; x_wconf 88' lang='lat' dir='ltr'>reprobatur</span> <span class='ocrx_word' id='word_1_227' title='bbox 748 3781 872 3848; x_wconf 88' lang='lat' dir='ltr'>ibidem.</span> <span class='ocrx_word' id='word_1_228' title='bbox 909 3781 993 3848; x_wconf 91' lang='lat' dir='ltr'>Unde</span> <span class='ocrx_word' id='word_1_229' title='bbox 1026 3781 1140 3848; x_wconf 88' lang='lat' dir='ltr'>talibus</span> <span class='ocrx_word' id='word_1_230' title='bbox 1168 3787 1271 3866; x_wconf 90' lang='lat' dir='ltr'>potest</span> <span class='ocrx_word' id='word_1_231' title='bbox 1301 3781 1361 3846; x_wconf 92' lang='lat' dir='ltr'>dici</span> 
     </span>
     <span class='ocr_line' id='line_1_31' title="bbox 411 3885 1362 3970; baseline 0 -19"><span class='ocrx_word' id='word_1_232' title='bbox 411 3885 488 3952; x_wconf 91' lang='lat' dir='ltr'>illud</span> <span class='ocrx_word' id='word_1_233' title='bbox 510 3885 621 3970; x_wconf 83' lang='lat' dir='ltr'>hggaei</span> <span class='ocrx_word' id='word_1_234' title='bbox 654 3887 800 3970; x_wconf 80' lang='lat' dir='ltr'>primo⁵:</span> <span class='ocrx_word' id='word_1_235' title='bbox 830 3911 846 3944; x_wconf 79' lang='lat' dir='ltr'>r</span> <span class='ocrx_word' id='word_1_236' title='bbox 862 3885 1052 3970; x_wconf 77' lang='lat' dir='ltr'>despexistis</span> <span class='ocrx_word' id='word_1_237' title='bbox 1088 3885 1124 3952; x_wconf 92' lang='lat' dir='ltr'>ad</span> <span class='ocrx_word' id='word_1_238' title='bbox 1159 3885 1308 3970; x_wconf 91' lang='lat' dir='ltr'>amplius,</span> <span class='ocrx_word' id='word_1_239' title='bbox 1334 3889 1362 3952; x_wconf 87' lang='lat' dir='ltr'>et</span> 
     </span>
     <span class='ocr_line' id='line_1_32' title="bbox 411 3991 1360 4076; baseline -0.002 -20"><span class='ocrx_word' id='word_1_240' title='bbox 411 4007 499 4068; x_wconf 90' lang='lat' dir='ltr'>ecoe,</span> <span class='ocrx_word' id='word_1_241' title='bbox 526 3991 713 4058; x_wconf 88' lang='lat' dir='ltr'>factumest</span> <span class='ocrx_word' id='word_1_242' title='bbox 742 3991 849 4058; x_wconf 91' lang='lat' dir='ltr'>minus</span> <span class='ocrx_word' id='word_1_243' title='bbox 864 4015 896 4070; x_wconf 68' lang='grc' dir='ltr'>ε,</span> <span class='ocrx_word' id='word_1_244' title='bbox 920 3991 993 4076; x_wconf 91' lang='lat' dir='ltr'>quia</span> <span class='ocrx_word' id='word_1_245' title='bbox 1018 3991 1047 4056; x_wconf 93' lang='lat' dir='ltr'>in</span> <span class='ocrx_word' id='word_1_246' title='bbox 1084 3991 1203 4056; x_wconf 87' lang='lat' dir='ltr'>Psalmo</span> <span class='ocrx_word' id='word_1_247' title='bbox 1228 3991 1360 4056; x_wconf 88' lang='lat' dir='ltr'>dicitur:</span> 
     </span>
     <span class='ocr_line' id='line_1_33' title="bbox 416 4081 1359 4162; baseline -0.004 0"><span class='ocrx_word' id='word_1_248' title='bbox 416 4095 526 4162; x_wconf 74' lang='lat' dir='ltr'>«Nihil</span> <span class='ocrx_word' id='word_1_249' title='bbox 548 4081 737 4162; x_wconf 89' lang='lat' dir='ltr'>invenerunt</span> <span class='ocrx_word' id='word_1_250' title='bbox 761 4093 821 4160; x_wconf 91' lang='lat' dir='ltr'>viri</span> <span class='ocrx_word' id='word_1_251' title='bbox 844 4093 1025 4162; x_wconf 90' lang='lat' dir='ltr'>divitiarum</span> <span class='ocrx_word' id='word_1_252' title='bbox 1047 4093 1080 4160; x_wconf 92' lang='lat' dir='ltr'>in</span> <span class='ocrx_word' id='word_1_253' title='bbox 1095 4093 1238 4162; x_wconf 88' lang='lat' dir='ltr'>manibus</span> <span class='ocrx_word' id='word_1_254' title='bbox 1253 4093 1359 4162; x_wconf 81' lang='lat' dir='ltr'>suis».</span> 
     </span>
     <span class='ocr_line' id='line_1_34' title="bbox 411 4199 1362 4284; baseline -0.002 -18"><span class='ocrx_word' id='word_1_255' title='bbox 411 4203 498 4268; x_wconf 84' lang='grc' dir='ltr'><strong>Τεῖθε</strong></span> <span class='ocrx_word' id='word_1_256' title='bbox 527 4201 720 4268; x_wconf 81' lang='lat' dir='ltr'>feneratores</span> <span class='ocrx_word' id='word_1_257' title='bbox 734 4199 816 4266; x_wconf 92' lang='lat' dir='ltr'>inter</span> <span class='ocrx_word' id='word_1_258' title='bbox 833 4207 1012 4284; x_wconf 86' lang='lat' dir='ltr'>peccatores</span> <span class='ocrx_word' id='word_1_259' title='bbox 1028 4205 1266 4284; x_wconf 89' lang='lat' dir='ltr'>computantur,</span> <span class='ocrx_word' id='word_1_260' title='bbox 1289 4201 1362 4284; x_wconf 89' lang='lat' dir='ltr'>quia</span> 
     </span>
     <span class='ocr_line' id='line_1_35' title="bbox 411 4303 1361 4390; baseline 0 -18"><span class='ocrx_word' id='word_1_261' title='bbox 411 4313 486 4372; x_wconf 90' lang='lat' dir='ltr'>sunt</span> <span class='ocrx_word' id='word_1_262' title='bbox 507 4321 711 4390; x_wconf 88' lang='lat' dir='ltr'>oppressores</span> <span class='ocrx_word' id='word_1_263' title='bbox 734 4305 888 4384; x_wconf 88' lang='lat' dir='ltr'>aliorum;</span> <span class='ocrx_word' id='word_1_264' title='bbox 913 4307 996 4372; x_wconf 91' lang='lat' dir='ltr'>unde</span> <span class='ocrx_word' id='word_1_265' title='bbox 1018 4305 1255 4372; x_wconf 74' lang='lat' dir='ltr'>proverbiorum</span> <span class='ocrx_word' id='word_1_266' title='bbox 1278 4303 1361 4390; x_wconf 91' lang='lat' dir='ltr'>vige-</span> 
     </span>
     <span class='ocr_line' id='line_1_36' title="bbox 411 4409 1362 4494; baseline -0.003 -18"><span class='ocrx_word' id='word_1_267' title='bbox 411 4411 489 4476; x_wconf 91' lang='lat' dir='ltr'>simo</span> <span class='ocrx_word' id='word_1_268' title='bbox 516 4409 696 4474; x_wconf 77' lang='lat' dir='ltr'>secundat:</span> <span class='ocrx_word' id='word_1_269' title='bbox 725 4409 815 4492; x_wconf 75' lang='lat' dir='ltr'>«Qui</span> <span class='ocrx_word' id='word_1_270' title='bbox 851 4409 963 4494; x_wconf 87' lang='lat' dir='ltr'>accipit</span> <span class='ocrx_word' id='word_1_271' title='bbox 992 4415 1140 4476; x_wconf 90' lang='lat' dir='ltr'>mutuum</span> <span class='ocrx_word' id='word_1_272' title='bbox 1172 4427 1284 4474; x_wconf 91' lang='lat' dir='ltr'>servus</span> <span class='ocrx_word' id='word_1_273' title='bbox 1315 4413 1362 4474; x_wconf 91' lang='grc' dir='ltr'>θεῖ</span> 
     </span>
     <span class='ocr_line' id='line_1_37' title="bbox 409 4513 1360 4600; baseline -0.002 -20"><span class='ocrx_word' id='word_1_274' title='bbox 409 4513 619 4582; x_wconf 81' lang='lat' dir='ltr'>fenerantis».</span> <span class='ocrx_word' id='word_1_275' title='bbox 645 4515 681 4580; x_wconf 90' lang='grc' dir='ltr'><strong>Εῖ</strong></span> <span class='ocrx_word' id='word_1_276' title='bbox 702 4519 870 4600; x_wconf 89' lang='lat' dir='ltr'>propterea</span> <span class='ocrx_word' id='word_1_277' title='bbox 901 4513 1060 4580; x_wconf 88' lang='lat' dir='ltr'>inhibetur</span> <span class='ocrx_word' id='word_1_278' title='bbox 1085 4513 1179 4578; x_wconf 82' lang='lat' dir='ltr'>Exodi</span> <span class='ocrx_word' id='word_1_279' title='bbox 1213 4513 1360 4598; x_wconf 90' lang='lat' dir='ltr'>vigesimo</span> 
     </span>
     <span class='ocr_line' id='line_1_38' title="bbox 409 4619 1359 4704; baseline -0.006 -14"><span class='ocrx_word' id='word_1_280' title='bbox 409 4619 562 4690; x_wconf 90' lang='lat' dir='ltr'>secundo:</span> <span class='ocrx_word' id='word_1_281' title='bbox 593 4645 609 4678; x_wconf 90' lang='lat'>«</span> <span class='ocrx_word' id='word_1_282' title='bbox 625 4621 657 4684; x_wconf 89' lang='lat' dir='ltr'>St</span> <span class='ocrx_word' id='word_1_283' title='bbox 686 4619 853 4704; x_wconf 90' lang='lat' dir='ltr'>pecuniam</span> <span class='ocrx_word' id='word_1_284' title='bbox 885 4625 1029 4686; x_wconf 90' lang='lat' dir='ltr'>mutuam</span> <span class='ocrx_word' id='word_1_285' title='bbox 1057 4619 1180 4686; x_wconf 89' lang='lat' dir='ltr'>dederis</span> <span class='ocrx_word' id='word_1_286' title='bbox 1211 4619 1359 4704; x_wconf 85' lang='lat' dir='ltr'>pauperi,</span> 
     </span>
     <span class='ocr_line' id='line_1_39' title="bbox 409 4723 1359 4810; baseline -0.002 -18"><span class='ocrx_word' id='word_1_287' title='bbox 409 4747 469 4794; x_wconf 89' lang='lat' dir='ltr'>non</span> <span class='ocrx_word' id='word_1_288' title='bbox 488 4723 615 4810; x_wconf 81' lang='lat' dir='ltr'>urgebis</span> <span class='ocrx_word' id='word_1_289' title='bbox 630 4743 703 4792; x_wconf 93' lang='lat' dir='ltr'>eum</span> <span class='ocrx_word' id='word_1_290' title='bbox 718 4723 806 4810; x_wconf 88' lang='lat' dir='ltr'>quasi</span> <span class='ocrx_word' id='word_1_291' title='bbox 819 4733 949 4792; x_wconf 80' lang='lat' dir='ltr'>exactor</span> <span class='ocrx_word' id='word_1_292' title='bbox 966 4743 1023 4792; x_wconf 90' lang='lat' dir='ltr'>nec</span> <span class='ocrx_word' id='word_1_293' title='bbox 1039 4723 1145 4792; x_wconf 90' lang='lat' dir='ltr'>usuris</span> <span class='ocrx_word' id='word_1_294' title='bbox 1160 4725 1317 4810; x_wconf 89' lang='lat' dir='ltr'>opprimes</span> <span class='ocrx_word' id='word_1_295' title='bbox 1330 4753 1359 4790; x_wconf 73' lang='lat' dir='ltr'>r.</span> 
     </span>
     <span class='ocr_line' id='line_1_40' title="bbox 497 4829 1360 4898; baseline 0 -4"><span class='ocrx_word' id='word_1_296' title='bbox 497 4831 550 4894; x_wconf 83' lang='lat' dir='ltr'>Sl.</span> <span class='ocrx_word' id='word_1_297' title='bbox 575 4831 634 4896; x_wconf 88' lang='lat' dir='ltr'>Sed</span> <span class='ocrx_word' id='word_1_298' title='bbox 659 4831 854 4898; x_wconf 90' lang='lat' dir='ltr'>contrarium</span> <span class='ocrx_word' id='word_1_299' title='bbox 876 4831 975 4896; x_wconf 89' lang='lat' dir='ltr'>huius</span> <span class='ocrx_word' id='word_1_300' title='bbox 995 4831 1119 4896; x_wconf 89' lang='lat' dir='ltr'>videtur</span> <span class='ocrx_word' id='word_1_301' title='bbox 1135 4829 1194 4896; x_wconf 91' lang='lat' dir='ltr'>dici</span> <span class='ocrx_word' id='word_1_302' title='bbox 1211 4831 1360 4896; x_wconf 86' lang='lat' dir='ltr'>Deutero-</span> 
     </span>
     <span class='ocr_line' id='line_1_41' title="bbox 273 4933 1359 5040; baseline -0.002 -38"><span class='ocrx_word' id='word_1_303' title='bbox 273 4943 388 5040; x_wconf 57' lang='lat' dir='ltr'>ggtfgpgps</span> <span class='ocrx_word' id='word_1_304' title='bbox 408 4933 503 5002; x_wconf 91' lang='lat' dir='ltr'>uomii</span> <span class='ocrx_word' id='word_1_305' title='bbox 527 4933 677 5018; x_wconf 86' lang='lat' dir='ltr'>vigesimo</span> <span class='ocrx_word' id='word_1_306' title='bbox 700 4933 839 5002; x_wconf 70' lang='lat' dir='ltr'>tentet:</span> <span class='ocrx_word' id='word_1_307' title='bbox 868 4959 884 4992; x_wconf 73' lang='lat' dir='ltr'>c</span> <span class='ocrx_word' id='word_1_308' title='bbox 900 4935 966 5000; x_wconf 90' lang='lat' dir='ltr'>Non</span> <span class='ocrx_word' id='word_1_309' title='bbox 989 4933 1144 5002; x_wconf 91' lang='lat' dir='ltr'>fenerabis</span> <span class='ocrx_word' id='word_1_310' title='bbox 1169 4933 1258 5000; x_wconf 87' lang='lat' dir='ltr'>fratri</span> <span class='ocrx_word' id='word_1_311' title='bbox 1287 4941 1359 5014; x_wconf 91' lang='lat' dir='ltr'>tuo,</span> 
     </span>
     <span class='ocr_line' id='line_1_42' title="bbox 369 5027 1360 5122; baseline -0.006 -12"><span class='ocrx_word' id='word_1_312' title='bbox 369 5027 374 5038; x_wconf 79' lang='grc'><strong>’</strong></span> <span class='ocrx_word' id='word_1_313' title='bbox 408 5041 461 5110; x_wconf 88' lang='lat' dir='ltr'>sed</span> <span class='ocrx_word' id='word_1_314' title='bbox 484 5037 630 5104; x_wconf 90' lang='lat' dir='ltr'>alieno».</span> <span class='ocrx_word' id='word_1_315' title='bbox 656 5075 699 5086; x_wconf 90' lang='lat'><em>-</em></span> <span class='ocrx_word' id='word_1_316' title='bbox 723 5037 782 5104; x_wconf 89' lang='lat' dir='ltr'>Sed</span> <span class='ocrx_word' id='word_1_317' title='bbox 804 5037 1040 5122; x_wconf 91' lang='lat' dir='ltr'>intelligendum</span> <span class='ocrx_word' id='word_1_318' title='bbox 1061 5047 1122 5116; x_wconf 91' lang='grc' dir='ltr'><strong>θεῖ,</strong></span> <span class='ocrx_word' id='word_1_319' title='bbox 1140 5037 1224 5122; x_wconf 83' lang='lat' dir='ltr'>quod</span> <span class='ocrx_word' id='word_1_320' title='bbox 1238 5038 1297 5104; x_wconf 91' lang='lat' dir='ltr'>hoc</span> <span class='ocrx_word' id='word_1_321' title='bbox 1312 5045 1360 5104; x_wconf 92' lang='lat' dir='ltr'>est</span> 
     </span>
     <span class='ocr_line' id='line_1_43' title="bbox 407 5143 1358 5226; baseline -0.004 -14"><span class='ocrx_word' id='word_1_322' title='bbox 407 5147 525 5212; x_wconf 90' lang='lat' dir='ltr'>malum</span> <span class='ocrx_word' id='word_1_323' title='bbox 555 5143 739 5208; x_wconf 85' lang='lat' dir='ltr'>secundum</span> <span class='ocrx_word' id='word_1_324' title='bbox 769 5161 819 5218; x_wconf 73' lang='lat' dir='ltr'>aa·</span> <span class='ocrx_word' id='word_1_325' title='bbox 852 5143 906 5208; x_wconf 92' lang='lat' dir='ltr'>sed</span> <span class='ocrx_word' id='word_1_326' title='bbox 935 5143 1077 5226; x_wconf 89' lang='lat' dir='ltr'>permisit</span> <span class='ocrx_word' id='word_1_327' title='bbox 1110 5143 1171 5208; x_wconf 92' lang='lat' dir='ltr'>illis</span> <span class='ocrx_word' id='word_1_328' title='bbox 1193 5143 1257 5208; x_wconf 84' lang='lat' dir='ltr'>Lex</span> <span class='ocrx_word' id='word_1_329' title='bbox 1283 5143 1358 5222; x_wconf 91' lang='lat' dir='ltr'>hoc,</span> 
     </span>
     <span class='ocr_line' id='line_1_44' title="bbox 407 5245 1359 5330; baseline -0.002 -16"><span class='ocrx_word' id='word_1_330' title='bbox 407 5249 490 5314; x_wconf 88' lang='lat' dir='ltr'>sicut</span> <span class='ocrx_word' id='word_1_331' title='bbox 512 5251 545 5310; x_wconf 92' lang='lat' dir='ltr'>et</span> <span class='ocrx_word' id='word_1_332' title='bbox 566 5245 707 5312; x_wconf 89' lang='lat' dir='ltr'>libellum</span> <span class='ocrx_word' id='word_1_333' title='bbox 733 5245 873 5330; x_wconf 90' lang='lat' dir='ltr'>repudii,</span> <span class='ocrx_word' id='word_1_334' title='bbox 890 5253 1019 5330; x_wconf 91' lang='lat' dir='ltr'>propter</span> <span class='ocrx_word' id='word_1_335' title='bbox 1036 5245 1214 5312; x_wconf 83' lang='lat' dir='ltr'>vitationem</span> <span class='ocrx_word' id='word_1_336' title='bbox 1234 5245 1359 5312; x_wconf 90' lang='lat' dir='ltr'>maioris</span> 
     </span>
     <span class='ocr_line' id='line_1_45' title="bbox 248 5349 1359 5434; baseline 0 -18"><span class='ocrx_word' id='word_1_337' title='bbox 248 5349 513 5416; x_wconf 64' lang='lat' dir='ltr'>latiorum-matii.</span> <span class='ocrx_word' id='word_1_338' title='bbox 542 5383 582 5398; x_wconf 86' lang='lat'>·-</span> <span class='ocrx_word' id='word_1_339' title='bbox 607 5349 693 5414; x_wconf 88' lang='lat' dir='ltr'>Ratio</span> <span class='ocrx_word' id='word_1_340' title='bbox 717 5355 822 5416; x_wconf 92' lang='lat' dir='ltr'>autem</span> <span class='ocrx_word' id='word_1_341' title='bbox 846 5351 940 5416; x_wconf 90' lang='lat' dir='ltr'>huius</span> <span class='ocrx_word' id='word_1_342' title='bbox 964 5349 1181 5434; x_wconf 87' lang='lat' dir='ltr'>prohibitionis</span> <span class='ocrx_word' id='word_1_343' title='bbox 1204 5355 1251 5416; x_wconf 91' lang='grc' dir='ltr'>θεῖ</span> <span class='ocrx_word' id='word_1_344' title='bbox 1278 5351 1359 5416; x_wconf 89' lang='lat' dir='ltr'>mul-</span> 
     </span>
    </p>
   </div>
   <div class='ocr_carea' id='block_1_5' title="bbox 255 5413 1356 5542">
    <p class='ocr_par' dir='ltr' id='par_1_5' title="bbox 255 5413 1356 5542">
     <span class='ocr_line' id='line_1_46' title="bbox 255 5413 1356 5542; baseline 0.031 -56"><span class='ocrx_word' id='word_1_345' title='bbox 255 5413 286 5456; x_wconf 67' lang='lat' dir='ltr'>oa</span> <span class='ocrx_word' id='word_1_346' title='bbox 300 5425 390 5460; x_wconf 56' lang='lat' dir='ltr'>bufam·</span> <span class='ocrx_word' id='word_1_347' title='bbox 406 5455 519 5542; x_wconf 84' lang='lat' dir='ltr'>tiplett:</span> <span class='ocrx_word' id='word_1_348' title='bbox 546 5459 614 5518; x_wconf 69' lang='lat' dir='ltr'>tum</span> <span class='ocrx_word' id='word_1_349' title='bbox 637 5455 713 5538; x_wconf 87' lang='lat' dir='ltr'>quia</span> <span class='ocrx_word' id='word_1_350' title='bbox 736 5455 868 5538; x_wconf 92' lang='lat' dir='ltr'>pecunia</span> <span class='ocrx_word' id='word_1_351' title='bbox 890 5461 1020 5542; x_wconf 90' lang='lat' dir='ltr'>propter</span> <span class='ocrx_word' id='word_1_352' title='bbox 1043 5455 1356 5522; x_wconf 86' lang='lat' dir='ltr'>accommodationem</span> 
     </span>
    </p>
   </div>
   <div class='ocr_carea' id='block_1_6' title="bbox 401 5769 1360 6974">
    <p class='ocr_par' dir='ltr' id='par_1_6' title="bbox 404 5769 1358 5924">
     <span class='ocr_line' id='line_1_47' title="bbox 476 5769 1358 5842; baseline 0.005 -20"><span class='ocrx_word' id='word_1_353' title='bbox 476 5769 486 5800; x_wconf 84' lang='lat'>²</span> <span class='ocrx_word' id='word_1_354' title='bbox 506 5771 580 5822; x_wconf 77' lang='lat' dir='ltr'>Vers,</span> <span class='ocrx_word' id='word_1_355' title='bbox 602 5769 642 5822; x_wconf 74' lang='grc'>35.</span> <span class='ocrx_word' id='word_1_356' title='bbox 664 5797 698 5808; x_wconf 95' lang='grc'>-</span> <span class='ocrx_word' id='word_1_357' title='bbox 714 5773 771 5824; x_wconf 88' lang='lat' dir='ltr'>Duo</span> <span class='ocrx_word' id='word_1_358' title='bbox 792 5785 866 5836; x_wconf 75' lang='lat' dir='ltr'>seqq,</span> <span class='ocrx_word' id='word_1_359' title='bbox 884 5773 933 5824; x_wconf 88' lang='lat' dir='ltr'>loci</span> <span class='ocrx_word' id='word_1_360' title='bbox 952 5779 1013 5824; x_wconf 90' lang='lat' dir='ltr'>sont</span> <span class='ocrx_word' id='word_1_361' title='bbox 1034 5775 1071 5824; x_wconf 86' lang='grc' dir='ltr'>Ρε.</span> <span class='ocrx_word' id='word_1_362' title='bbox 1092 5771 1139 5836; x_wconf 77' lang='grc'>33,</span> <span class='ocrx_word' id='word_1_363' title='bbox 1162 5775 1202 5826; x_wconf 74' lang='lat' dir='ltr'>tt.</span> <span class='ocrx_word' id='word_1_364' title='bbox 1215 5781 1239 5826; x_wconf 90' lang='lat' dir='ltr'>et</span> <span class='ocrx_word' id='word_1_365' title='bbox 1258 5777 1276 5826; x_wconf 93' lang='lat' dir='ltr'>l.</span> <span class='ocrx_word' id='word_1_366' title='bbox 1295 5779 1358 5842; x_wconf 83' lang='lat' dir='ltr'>fleg.</span> 
     </span>
     <span class='ocr_line' id='line_1_48' title="bbox 404 5857 515 5924; baseline -0.018 -14"><span class='ocrx_word' id='word_1_367' title='bbox 404 5857 452 5924; x_wconf 69' lang='lat' dir='ltr'>nl,</span> <span class='ocrx_word' id='word_1_368' title='bbox 475 5857 515 5908; x_wconf 75' lang='lat' dir='ltr'>tt.</span> 
     </span>
    </p>

    <p class='ocr_par' dir='ltr' id='par_1_7' title="bbox 475 5933 685 6020">
     <span class='ocr_line' id='line_1_49' title="bbox 475 5933 685 6020; baseline 0 -24"><span class='ocrx_word' id='word_1_369' title='bbox 475 5943 486 5976; x_wconf 75' lang='lat'>²</span> <span class='ocrx_word' id='word_1_370' title='bbox 506 5933 581 5998; x_wconf 83' lang='lat' dir='ltr'>Vers</span> <span class='ocrx_word' id='word_1_371' title='bbox 599 5945 621 5996; x_wconf 81' lang='lat' dir='ltr'>t.</span> <span class='ocrx_word' id='word_1_372' title='bbox 684 6017 685 6020; x_wconf 7' lang='grc' dir='ltr'><strong>Ἴ</strong></span> 
     </span>
    </p>

    <p class='ocr_par' dir='ltr' id='par_1_8' title="bbox 402 6031 1360 6448">
     <span class='ocr_line' id='line_1_50' title="bbox 475 6031 1357 6100; baseline 0.007 -18"><span class='ocrx_word' id='word_1_373' title='bbox 475 6031 602 6084; x_wconf 80' lang='lat' dir='ltr'>³Psalm.</span> <span class='ocrx_word' id='word_1_374' title='bbox 620 6033 671 6096; x_wconf 74' lang='lat'>23,</span> <span class='ocrx_word' id='word_1_375' title='bbox 689 6035 719 6100; x_wconf 86' lang='lat'>3,</span> <span class='ocrx_word' id='word_1_376' title='bbox 744 6041 804 6100; x_wconf 91' lang='lat' dir='ltr'>post</span> <span class='ocrx_word' id='word_1_377' title='bbox 827 6047 909 6100; x_wconf 88' lang='lat' dir='ltr'>quem</span> <span class='ocrx_word' id='word_1_378' title='bbox 932 6037 975 6088; x_wconf 87' lang='lat' dir='ltr'>Ps.</span> <span class='ocrx_word' id='word_1_379' title='bbox 997 6037 1045 6100; x_wconf 80' lang='lat' dir='ltr'>rt,</span> <span class='ocrx_word' id='word_1_380' title='bbox 1068 6035 1095 6088; x_wconf 82' lang='lat'>5.</span> <span class='ocrx_word' id='word_1_381' title='bbox 1111 6063 1147 6076; x_wconf 87' lang='lat'><em>-</em></span> <span class='ocrx_word' id='word_1_382' title='bbox 1168 6037 1224 6088; x_wconf 81' lang='lat' dir='ltr'>Vat.</span> <span class='ocrx_word' id='word_1_383' title='bbox 1247 6049 1296 6098; x_wconf 91' lang='lat' dir='ltr'>pro</span> <span class='ocrx_word' id='word_1_384' title='bbox 1314 6037 1357 6088; x_wconf 84' lang='grc' dir='ltr'>Ρε.</span> 
     </span>
     <span class='ocr_line' id='line_1_51' title="bbox 404 6119 1359 6190; baseline 0.004 -16"><span class='ocrx_word' id='word_1_385' title='bbox 404 6121 452 6188; x_wconf 76' lang='lat'>23,</span> <span class='ocrx_word' id='word_1_386' title='bbox 473 6123 501 6172; x_wconf 90' lang='lat'>3:</span> <span class='ocrx_word' id='word_1_387' title='bbox 523 6119 589 6184; x_wconf 80' lang='lat' dir='ltr'>Quis</span> <span class='ocrx_word' id='word_1_388' title='bbox 608 6121 734 6176; x_wconf 84' lang='lat' dir='ltr'>ascendet</span> <span class='ocrx_word' id='word_1_389' title='bbox 749 6129 798 6176; x_wconf 89' lang='lat' dir='ltr'>etc.</span> <span class='ocrx_word' id='word_1_390' title='bbox 818 6121 909 6190; x_wconf 79' lang='lat' dir='ltr'>(quem</span> <span class='ocrx_word' id='word_1_391' title='bbox 929 6125 1041 6188; x_wconf 83' lang='lat' dir='ltr'>allegant</span> <span class='ocrx_word' id='word_1_392' title='bbox 1057 6123 1145 6190; x_wconf 89' lang='lat' dir='ltr'>codd.)</span> <span class='ocrx_word' id='word_1_393' title='bbox 1166 6125 1296 6178; x_wconf 89' lang='lat' dir='ltr'>substituit</span> <span class='ocrx_word' id='word_1_394' title='bbox 1313 6127 1359 6178; x_wconf 87' lang='lat' dir='ltr'>ini·</span> 
     </span>
     <span class='ocr_line' id='line_1_52' title="bbox 403 6207 1360 6278; baseline 0.006 -16"><span class='ocrx_word' id='word_1_395' title='bbox 403 6211 468 6262; x_wconf 90' lang='lat' dir='ltr'>tium</span> <span class='ocrx_word' id='word_1_396' title='bbox 491 6211 529 6260; x_wconf 84' lang='grc' dir='ltr'>Ρε.</span> <span class='ocrx_word' id='word_1_397' title='bbox 551 6207 597 6260; x_wconf 85' lang='lat' dir='ltr'>tt:</span> <span class='ocrx_word' id='word_1_398' title='bbox 617 6209 743 6276; x_wconf 82' lang='lat' dir='ltr'>Doneine,</span> <span class='ocrx_word' id='word_1_399' title='bbox 761 6211 822 6278; x_wconf 77' lang='lat' dir='ltr'>onis</span> <span class='ocrx_word' id='word_1_400' title='bbox 842 6209 969 6264; x_wconf 86' lang='lat' dir='ltr'>bubitobr&#39;t</span> <span class='ocrx_word' id='word_1_401' title='bbox 986 6211 1014 6264; x_wconf 86' lang='lat' dir='ltr'>io</span> <span class='ocrx_word' id='word_1_402' title='bbox 1034 6209 1206 6266; x_wconf 83' lang='lat' dir='ltr'>tabernaculo</span> <span class='ocrx_word' id='word_1_403' title='bbox 1226 6217 1293 6266; x_wconf 80' lang='lat' dir='ltr'>tuo?</span> <span class='ocrx_word' id='word_1_404' title='bbox 1310 6217 1360 6268; x_wconf 84' lang='lat' dir='ltr'>out</span> 
     </span>
     <span class='ocr_line' id='line_1_53' title="bbox 402 6293 1359 6364; baseline 0.003 -14"><span class='ocrx_word' id='word_1_405' title='bbox 402 6293 463 6364; x_wconf 82' lang='lat' dir='ltr'>quis</span> <span class='ocrx_word' id='word_1_406' title='bbox 484 6293 630 6362; x_wconf 71' lang='lat' dir='ltr'>requescet</span> <span class='ocrx_word' id='word_1_407' title='bbox 646 6295 676 6348; x_wconf 85' lang='lat' dir='ltr'>iu</span> <span class='ocrx_word' id='word_1_408' title='bbox 692 6299 783 6350; x_wconf 88' lang='lat' dir='ltr'>moute</span> <span class='ocrx_word' id='word_1_409' title='bbox 804 6299 896 6352; x_wconf 86' lang='lat' dir='ltr'>souoto</span> <span class='ocrx_word' id='word_1_410' title='bbox 917 6301 961 6350; x_wconf 91' lang='lat' dir='ltr'>tno</span> <span class='ocrx_word' id='word_1_411' title='bbox 981 6301 1044 6360; x_wconf 85' lang='lat' dir='ltr'>etc.;</span> <span class='ocrx_word' id='word_1_412' title='bbox 1062 6295 1088 6346; x_wconf 86' lang='lat' dir='ltr'>tn</span> <span class='ocrx_word' id='word_1_413' title='bbox 1111 6313 1164 6364; x_wconf 85' lang='lat' dir='ltr'>qua</span> <span class='ocrx_word' id='word_1_414' title='bbox 1185 6299 1293 6352; x_wconf 83' lang='lat' dir='ltr'>lectione</span> <span class='ocrx_word' id='word_1_415' title='bbox 1305 6313 1359 6352; x_wconf 85' lang='lat' dir='ltr'>ser-</span> 
     </span>
     <span class='ocr_line' id='line_1_54' title="bbox 402 6381 978 6448; baseline 0 -12"><span class='ocrx_word' id='word_1_416' title='bbox 402 6387 480 6436; x_wconf 90' lang='lat' dir='ltr'>vatur</span> <span class='ocrx_word' id='word_1_417' title='bbox 500 6381 624 6448; x_wconf 88' lang='lat' dir='ltr'>proprius</span> <span class='ocrx_word' id='word_1_418' title='bbox 641 6397 735 6436; x_wconf 86' lang='lat' dir='ltr'>seusus</span> <span class='ocrx_word' id='word_1_419' title='bbox 752 6383 827 6436; x_wconf 87' lang='lat' dir='ltr'>verbi</span> <span class='ocrx_word' id='word_1_420' title='bbox 846 6381 978 6438; x_wconf 80' lang='lat' dir='ltr'>subditur.</span> 
     </span>
    </p>

    <p class='ocr_par' dir='ltr' id='par_1_9' title="bbox 401 6469 1359 6714">
     <span class='ocr_line' id='line_1_55' title="bbox 473 6469 1359 6538; baseline 0.002 -14"><span class='ocrx_word' id='word_1_421' title='bbox 473 6469 486 6500; x_wconf 79' lang='lat'><strong>⁴</strong></span> <span class='ocrx_word' id='word_1_422' title='bbox 505 6471 579 6524; x_wconf 87' lang='lat' dir='ltr'>Vers.</span> <span class='ocrx_word' id='word_1_423' title='bbox 599 6475 630 6536; x_wconf 91' lang='lat'>8,</span> <span class='ocrx_word' id='word_1_424' title='bbox 655 6473 697 6524; x_wconf 91' lang='lat' dir='ltr'>cui</span> <span class='ocrx_word' id='word_1_425' title='bbox 716 6471 883 6536; x_wconf 84' lang='lat' dir='ltr'>subiungitur</span> <span class='ocrx_word' id='word_1_426' title='bbox 902 6487 929 6526; x_wconf 88' lang='lat' dir='ltr'>v.</span> <span class='ocrx_word' id='word_1_427' title='bbox 953 6473 985 6524; x_wconf 81' lang='lat'>9:</span> <span class='ocrx_word' id='word_1_428' title='bbox 1007 6473 1055 6524; x_wconf 86' lang='lat' dir='ltr'>llic</span> <span class='ocrx_word' id='word_1_429' title='bbox 1073 6471 1156 6526; x_wconf 90' lang='lat' dir='ltr'>iustus</span> <span class='ocrx_word' id='word_1_430' title='bbox 1180 6481 1232 6538; x_wconf 89' lang='lat' dir='ltr'>est,</span> <span class='ocrx_word' id='word_1_431' title='bbox 1250 6475 1304 6526; x_wconf 89' lang='lat' dir='ltr'>rita</span> <span class='ocrx_word' id='word_1_432' title='bbox 1322 6475 1359 6526; x_wconf 82' lang='lat' dir='ltr'>ri·</span> 
     </span>
     <span class='ocr_line' id='line_1_56' title="bbox 401 6557 1359 6624; baseline 0.003 -13"><span class='ocrx_word' id='word_1_433' title='bbox 401 6565 446 6612; x_wconf 87' lang='lat' dir='ltr'>vet</span> <span class='ocrx_word' id='word_1_434' title='bbox 464 6563 513 6610; x_wconf 88' lang='lat' dir='ltr'>etc.</span> <span class='ocrx_word' id='word_1_435' title='bbox 533 6559 598 6610; x_wconf 89' lang='lat' dir='ltr'>lbid.</span> <span class='ocrx_word' id='word_1_436' title='bbox 623 6571 648 6610; x_wconf 88' lang='lat' dir='ltr'>v.</span> <span class='ocrx_word' id='word_1_437' title='bbox 671 6559 721 6610; x_wconf 76' lang='lat' dir='ltr'>ta:</span> <span class='ocrx_word' id='word_1_438' title='bbox 740 6559 780 6610; x_wconf 84' lang='lat' dir='ltr'>Ad</span> <span class='ocrx_word' id='word_1_439' title='bbox 806 6571 911 6610; x_wconf 89' lang='lat' dir='ltr'>usuram</span> <span class='ocrx_word' id='word_1_440' title='bbox 930 6557 1036 6612; x_wconf 89' lang='lat' dir='ltr'>dantem</span> <span class='ocrx_word' id='word_1_441' title='bbox 1054 6565 1078 6610; x_wconf 91' lang='lat' dir='ltr'>et</span> <span class='ocrx_word' id='word_1_442' title='bbox 1097 6561 1209 6624; x_wconf 86' lang='lat' dir='ltr'>amplius</span> <span class='ocrx_word' id='word_1_443' title='bbox 1234 6561 1359 6624; x_wconf 85' lang='lat' dir='ltr'>accipian·</span> 
     </span>
     <span class='ocr_line' id='line_1_57' title="bbox 402 6645 948 6714; baseline -0.013 -11"><span class='ocrx_word' id='word_1_444' title='bbox 402 6655 468 6712; x_wconf 89' lang='lat' dir='ltr'>tem,</span> <span class='ocrx_word' id='word_1_445' title='bbox 490 6645 610 6714; x_wconf 76' lang='lat' dir='ltr'>nunquid</span> <span class='ocrx_word' id='word_1_446' title='bbox 627 6647 721 6700; x_wconf 79' lang='lat' dir='ltr'>vivet?</span> <span class='ocrx_word' id='word_1_447' title='bbox 740 6659 792 6698; x_wconf 88' lang='lat' dir='ltr'>non</span> <span class='ocrx_word' id='word_1_448' title='bbox 811 6647 884 6698; x_wconf 89' lang='lat' dir='ltr'>vivet</span> <span class='ocrx_word' id='word_1_449' title='bbox 902 6651 948 6698; x_wconf 87' lang='lat' dir='ltr'>etc.</span> 
     </span>
    </p>

    <p class='ocr_par' dir='ltr' id='par_1_10' title="bbox 472 6733 977 6800">
     <span class='ocr_line' id='line_1_58' title="bbox 472 6733 977 6800; baseline -0.008 -12"><span class='ocrx_word' id='word_1_450' title='bbox 472 6733 484 6762; x_wconf 81' lang='lat'><strong>⁶</strong></span> <span class='ocrx_word' id='word_1_451' title='bbox 504 6739 576 6788; x_wconf 84' lang='lat' dir='ltr'>vers.</span> <span class='ocrx_word' id='word_1_452' title='bbox 597 6737 628 6796; x_wconf 86' lang='grc'>9,</span> <span class='ocrx_word' id='word_1_453' title='bbox 647 6739 707 6798; x_wconf 79' lang='grc' dir='ltr'><strong>εεεῖ</strong></span> <span class='ocrx_word' id='word_1_454' title='bbox 725 6745 806 6800; x_wconf 88' lang='lat' dir='ltr'>quem</span> <span class='ocrx_word' id='word_1_455' title='bbox 824 6733 865 6784; x_wconf 87' lang='grc' dir='ltr'>Ρε.</span> <span class='ocrx_word' id='word_1_456' title='bbox 884 6733 932 6794; x_wconf 78' lang='lat' dir='ltr'>ts,</span> <span class='ocrx_word' id='word_1_457' title='bbox 950 6733 977 6784; x_wconf 89' lang='grc'>6.</span> 
     </span>
    </p>

    <p class='ocr_par' dir='ltr' id='par_1_11' title="bbox 471 6819 1048 6886">
     <span class='ocr_line' id='line_1_59' title="bbox 471 6819 1048 6886; baseline -0.003 -12"><span class='ocrx_word' id='word_1_458' title='bbox 471 6821 483 6852; x_wconf 82' lang='lat'>⁶</span> <span class='ocrx_word' id='word_1_459' title='bbox 504 6825 576 6874; x_wconf 81' lang='lat' dir='ltr'>Vere.</span> <span class='ocrx_word' id='word_1_460' title='bbox 596 6821 624 6874; x_wconf 85' lang='lat'>7.</span> <span class='ocrx_word' id='word_1_461' title='bbox 641 6849 678 6862; x_wconf 61' lang='grc' dir='ltr'>-ι</span> <span class='ocrx_word' id='word_1_462' title='bbox 696 6819 819 6886; x_wconf 84' lang='lat' dir='ltr'>Sequitur</span> <span class='ocrx_word' id='word_1_463' title='bbox 837 6819 918 6872; x_wconf 86' lang='lat' dir='ltr'>Exod.</span> <span class='ocrx_word' id='word_1_464' title='bbox 938 6821 985 6886; x_wconf 74' lang='lat'>22,</span> <span class='ocrx_word' id='word_1_465' title='bbox 1004 6821 1048 6872; x_wconf 74' lang='lat'>25.</span> 
     </span>
    </p>

    <p class='ocr_par' dir='ltr' id='par_1_12' title="bbox 471 6903 1358 6974">
     <span class='ocr_line' id='line_1_60' title="bbox 471 6903 1358 6974; baseline -0.005 -10"><span class='ocrx_word' id='word_1_466' title='bbox 471 6907 482 6940; x_wconf 52' lang='grc' dir='ltr'>ἵ</span> <span class='ocrx_word' id='word_1_467' title='bbox 504 6913 576 6964; x_wconf 88' lang='lat' dir='ltr'>Vers.</span> <span class='ocrx_word' id='word_1_468' title='bbox 598 6911 638 6962; x_wconf 85' lang='lat' dir='ltr'>te.</span> <span class='ocrx_word' id='word_1_469' title='bbox 659 6913 684 6960; x_wconf 88' lang='lat' dir='ltr'>et</span> <span class='ocrx_word' id='word_1_470' title='bbox 702 6909 745 6958; x_wconf 77' lang='lat'>20.</span> <span class='ocrx_word' id='word_1_471' title='bbox 764 6907 813 6958; x_wconf 81' lang='lat' dir='ltr'>Pro</span> <span class='ocrx_word' id='word_1_472' title='bbox 830 6905 963 6974; x_wconf 69' lang='lat' dir='ltr'>ferreolis</span> <span class='ocrx_word' id='word_1_473' title='bbox 983 6907 1069 6972; x_wconf 90' lang='lat' dir='ltr'>plnres</span> <span class='ocrx_word' id='word_1_474' title='bbox 1087 6907 1165 6958; x_wconf 89' lang='lat' dir='ltr'>codd.</span> <span class='ocrx_word' id='word_1_475' title='bbox 1183 6903 1358 6974; x_wconf 76' lang='lat' dir='ltr'>[erreruberis.</span> 
     </span>
    </p>
   </div>
   <div class='ocr_carea' id='block_1_7' title="bbox 2326 663 2388 730">
    <p class='ocr_par' dir='ltr' id='par_1_13' title="bbox 2326 663 2388 730">
     <span class='ocr_line' id='line_1_61' title="bbox 2326 663 2388 730; baseline -0.032 0"><span class='ocrx_word' id='word_1_476' title='bbox 2326 663 2388 730; x_wconf 79' lang='lat' dir='ltr'>ter</span> 
     </span>
    </p>
   </div>
   <div class='ocr_carea' id='block_1_8' title="bbox 1424 839 2550 4072">
    <p class='ocr_par' dir='ltr' id='par_1_14' title="bbox 1429 839 2386 1956">
     <span class='ocr_line' id='line_1_62' title="bbox 1432 839 2386 925; baseline -0.005 -17"><span class='ocrx_word' id='word_1_477' title='bbox 1432 859 1494 908; x_wconf 91' lang='lat' dir='ltr'>non</span> <span class='ocrx_word' id='word_1_478' title='bbox 1516 841 1746 920; x_wconf 65' lang='lat' dir='ltr'>deterioratum</span> <span class='ocrx_word' id='word_1_479' title='bbox 1769 849 1836 908; x_wconf 91' lang='lat' dir='ltr'>tum</span> <span class='ocrx_word' id='word_1_480' title='bbox 1862 841 1935 925; x_wconf 88' lang='lat' dir='ltr'>quia</span> <span class='ocrx_word' id='word_1_481' title='bbox 1970 841 2007 906; x_wconf 94' lang='lat' dir='ltr'>de</span> <span class='ocrx_word' id='word_1_482' title='bbox 2041 859 2072 906; x_wconf 89' lang='lat' dir='ltr'>se</span> <span class='ocrx_word' id='word_1_483' title='bbox 2105 857 2168 904; x_wconf 94' lang='lat' dir='ltr'>non</span> <span class='ocrx_word' id='word_1_484' title='bbox 2199 839 2386 916; x_wconf 90' lang='lat' dir='ltr'>fructificat,</span> 
     </span>
     <span class='ocr_line' id='line_1_63' title="bbox 1432 943 2386 1030; baseline -0.004 -18"><span class='ocrx_word' id='word_1_485' title='bbox 1432 945 1487 1012; x_wconf 92' lang='lat' dir='ltr'>sed</span> <span class='ocrx_word' id='word_1_486' title='bbox 1510 951 1574 1012; x_wconf 88' lang='lat' dir='ltr'>tota</span> <span class='ocrx_word' id='word_1_487' title='bbox 1598 947 1678 1012; x_wconf 93' lang='lat' dir='ltr'>ratio</span> <span class='ocrx_word' id='word_1_488' title='bbox 1700 945 1844 1012; x_wconf 86' lang='lat' dir='ltr'>utilitatis</span> <span class='ocrx_word' id='word_1_489' title='bbox 1877 953 1926 1012; x_wconf 88' lang='grc' dir='ltr'>θεῖ</span> <span class='ocrx_word' id='word_1_490' title='bbox 1958 961 2000 1010; x_wconf 80' lang='lat' dir='ltr'>ex</span> <span class='ocrx_word' id='word_1_491' title='bbox 2033 951 2122 1030; x_wconf 89' lang='lat' dir='ltr'>parte</span> <span class='ocrx_word' id='word_1_492' title='bbox 2153 943 2288 1024; x_wconf 89' lang='lat' dir='ltr'>utentis;</span> <span class='ocrx_word' id='word_1_493' title='bbox 2318 951 2386 1010; x_wconf 92' lang='lat' dir='ltr'>tum</span> 
     </span>
     <span class='ocr_line' id='line_1_64' title="bbox 1431 1051 2386 1136; baseline -0.002 -18"><span class='ocrx_word' id='word_1_494' title='bbox 1431 1051 1506 1136; x_wconf 84' lang='lat' dir='ltr'>quia</span> <span class='ocrx_word' id='word_1_495' title='bbox 1528 1051 1677 1118; x_wconf 91' lang='lat' dir='ltr'>continue</span> <span class='ocrx_word' id='word_1_496' title='bbox 1699 1051 1856 1118; x_wconf 87' lang='lat' dir='ltr'>consumit</span> <span class='ocrx_word' id='word_1_497' title='bbox 1878 1057 1910 1118; x_wconf 92' lang='lat' dir='ltr'>et</span> <span class='ocrx_word' id='word_1_498' title='bbox 1932 1051 2091 1128; x_wconf 89' lang='lat' dir='ltr'>devastat,</span> <span class='ocrx_word' id='word_1_499' title='bbox 2115 1057 2145 1116; x_wconf 90' lang='lat' dir='ltr'>et</span> <span class='ocrx_word' id='word_1_500' title='bbox 2177 1051 2220 1116; x_wconf 91' lang='lat' dir='ltr'>ita</span> <span class='ocrx_word' id='word_1_501' title='bbox 2249 1067 2386 1116; x_wconf 87' lang='lat' dir='ltr'>commo-</span> 
     </span>
     <span class='ocr_line' id='line_1_65' title="bbox 1431 1155 2385 1234; baseline -0.002 -12"><span class='ocrx_word' id='word_1_502' title='bbox 1431 1155 1506 1222; x_wconf 91' lang='lat' dir='ltr'>dum</span> <span class='ocrx_word' id='word_1_503' title='bbox 1529 1157 1632 1222; x_wconf 90' lang='lat' dir='ltr'>mutui</span> <span class='ocrx_word' id='word_1_504' title='bbox 1656 1159 1854 1222; x_wconf 88' lang='lat' dir='ltr'>convertitur</span> <span class='ocrx_word' id='word_1_505' title='bbox 1870 1157 1899 1222; x_wconf 91' lang='lat' dir='ltr'>in</span> <span class='ocrx_word' id='word_1_506' title='bbox 1918 1157 2151 1222; x_wconf 87' lang='lat' dir='ltr'>incommodum</span> <span class='ocrx_word' id='word_1_507' title='bbox 2175 1155 2295 1234; x_wconf 80' lang='lat' dir='ltr'>damni3</span> <span class='ocrx_word' id='word_1_508' title='bbox 2318 1163 2385 1222; x_wconf 93' lang='lat' dir='ltr'>tum</span> 
     </span>
     <span class='ocr_line' id='line_1_66' title="bbox 1431 1261 2385 1346; baseline -0.002 -20"><span class='ocrx_word' id='word_1_509' title='bbox 1431 1261 1505 1346; x_wconf 86' lang='lat' dir='ltr'>quia</span> <span class='ocrx_word' id='word_1_510' title='bbox 1526 1261 1561 1326; x_wconf 91' lang='lat' dir='ltr'>in</span> <span class='ocrx_word' id='word_1_511' title='bbox 1582 1267 1695 1328; x_wconf 90' lang='lat' dir='ltr'>mutuo</span> <span class='ocrx_word' id='word_1_512' title='bbox 1718 1261 1869 1346; x_wconf 90' lang='lat' dir='ltr'>pecuniae</span> <span class='ocrx_word' id='word_1_513' title='bbox 1892 1261 2005 1326; x_wconf 88' lang='lat' dir='ltr'>transit</span> <span class='ocrx_word' id='word_1_514' title='bbox 2029 1261 2073 1328; x_wconf 91' lang='lat' dir='ltr'>rei</span> <span class='ocrx_word' id='word_1_515' title='bbox 2100 1269 2260 1328; x_wconf 87' lang='lat' dir='ltr'>mutuatae</span> <span class='ocrx_word' id='word_1_516' title='bbox 2290 1261 2385 1326; x_wconf 93' lang='lat' dir='ltr'>domi-</span> 
     </span>
     <span class='ocr_line' id='line_1_67' title="bbox 1431 1365 2383 1450; baseline 0.002 -20"><span class='ocrx_word' id='word_1_517' title='bbox 1431 1365 1535 1444; x_wconf 91' lang='lat' dir='ltr'>nium,</span> <span class='ocrx_word' id='word_1_518' title='bbox 1560 1367 1719 1450; x_wconf 84' lang='lat' dir='ltr'>quianon</span> <span class='ocrx_word' id='word_1_519' title='bbox 1744 1373 1870 1432; x_wconf 88' lang='lat' dir='ltr'>tenetur</span> <span class='ocrx_word' id='word_1_520' title='bbox 1898 1367 2056 1434; x_wconf 75' lang='lat' dir='ltr'>eandem9</span> <span class='ocrx_word' id='word_1_521' title='bbox 2079 1385 2213 1432; x_wconf 90' lang='lat' dir='ltr'>numero</span> <span class='ocrx_word' id='word_1_522' title='bbox 2238 1365 2383 1444; x_wconf 84' lang='lat' dir='ltr'>reddere3</span> 
     </span>
     <span class='ocr_line' id='line_1_68' title="bbox 1430 1471 2384 1558; baseline -0.001 -22"><span class='ocrx_word' id='word_1_523' title='bbox 1430 1475 1498 1536; x_wconf 94' lang='lat' dir='ltr'>tum</span> <span class='ocrx_word' id='word_1_524' title='bbox 1521 1471 1596 1556; x_wconf 89' lang='lat' dir='ltr'>qnia</span> <span class='ocrx_word' id='word_1_525' title='bbox 1631 1477 1734 1538; x_wconf 92' lang='lat' dir='ltr'>totum</span> <span class='ocrx_word' id='word_1_526' title='bbox 1763 1473 1953 1540; x_wconf 89' lang='lat' dir='ltr'>transfertur</span> <span class='ocrx_word' id='word_1_527' title='bbox 1979 1471 2154 1558; x_wconf 88' lang='lat' dir='ltr'>periculum</span> <span class='ocrx_word' id='word_1_528' title='bbox 2180 1473 2210 1538; x_wconf 89' lang='lat' dir='ltr'>in</span> <span class='ocrx_word' id='word_1_529' title='bbox 2235 1489 2307 1540; x_wconf 82' lang='lat' dir='ltr'>eunt</span> <span class='ocrx_word' id='word_1_530' title='bbox 2330 1471 2384 1556; x_wconf 88' lang='lat' dir='ltr'>qni</span> 
     </span>
     <span class='ocr_line' id='line_1_69' title="bbox 1430 1575 2385 1662; baseline 0.002 -22"><span class='ocrx_word' id='word_1_531' title='bbox 1430 1575 1531 1642; x_wconf 88' lang='lat' dir='ltr'>fuerat</span> <span class='ocrx_word' id='word_1_532' title='bbox 1556 1583 1739 1654; x_wconf 65' lang='lat' dir='ltr'>mutuatum</span> <span class='ocrx_word' id='word_1_533' title='bbox 1762 1581 1828 1642; x_wconf 90' lang='lat' dir='ltr'>tum</span> <span class='ocrx_word' id='word_1_534' title='bbox 1853 1577 1960 1654; x_wconf 89' lang='lat' dir='ltr'>etlam,</span> <span class='ocrx_word' id='word_1_535' title='bbox 1986 1579 2061 1662; x_wconf 88' lang='lat' dir='ltr'>qnia</span> <span class='ocrx_word' id='word_1_536' title='bbox 2082 1577 2115 1642; x_wconf 94' lang='lat' dir='ltr'>in</span> <span class='ocrx_word' id='word_1_537' title='bbox 2132 1579 2185 1642; x_wconf 93' lang='lat' dir='ltr'>tall</span> <span class='ocrx_word' id='word_1_538' title='bbox 2201 1577 2295 1644; x_wconf 92' lang='lat' dir='ltr'>modo</span> <span class='ocrx_word' id='word_1_539' title='bbox 2316 1595 2385 1642; x_wconf 93' lang='lat' dir='ltr'>mu·</span> 
     </span>
     <span class='ocr_line' id='line_1_70' title="bbox 1429 1679 2385 1768; baseline 0.002 -24"><span class='ocrx_word' id='word_1_540' title='bbox 1429 1679 1536 1746; x_wconf 84' lang='lat' dir='ltr'>tuendi</span> <span class='ocrx_word' id='word_1_541' title='bbox 1563 1679 1633 1762; x_wconf 92' lang='lat' dir='ltr'>plus</span> <span class='ocrx_word' id='word_1_542' title='bbox 1647 1679 1790 1764; x_wconf 87' lang='lat' dir='ltr'>diligitur</span> <span class='ocrx_word' id='word_1_543' title='bbox 1810 1699 1959 1746; x_wconf 92' lang='lat' dir='ltr'>nummus</span> <span class='ocrx_word' id='word_1_544' title='bbox 1984 1699 2078 1768; x_wconf 87' lang='lat' dir='ltr'>quam</span> <span class='ocrx_word' id='word_1_545' title='bbox 2104 1681 2287 1766; x_wconf 83' lang='lat' dir='ltr'>proximae,</span> <span class='ocrx_word' id='word_1_546' title='bbox 2311 1681 2385 1746; x_wconf 92' lang='lat' dir='ltr'>dnm</span> 
     </span>
     <span class='ocr_line' id='line_1_71' title="bbox 1430 1785 2383 1870; baseline 0 -20"><span class='ocrx_word' id='word_1_547' title='bbox 1430 1801 1575 1852; x_wconf 91' lang='lat' dir='ltr'>nummos</span> <span class='ocrx_word' id='word_1_548' title='bbox 1591 1785 1740 1870; x_wconf 82' lang='lat' dir='ltr'>proximo</span> <span class='ocrx_word' id='word_1_549' title='bbox 1754 1785 1968 1852; x_wconf 90' lang='lat' dir='ltr'>accommodat</span> <span class='ocrx_word' id='word_1_550' title='bbox 1985 1803 2046 1852; x_wconf 95' lang='lat' dir='ltr'>non</span> <span class='ocrx_word' id='word_1_551' title='bbox 2059 1803 2100 1852; x_wconf 83' lang='lat' dir='ltr'>ex</span> <span class='ocrx_word' id='word_1_552' title='bbox 2114 1803 2220 1852; x_wconf 81' lang='lat' dir='ltr'>aurore</span> <span class='ocrx_word' id='word_1_553' title='bbox 2234 1785 2383 1870; x_wconf 79' lang='lat' dir='ltr'>proximi,</span> 
     </span>
     <span class='ocr_line' id='line_1_72' title="bbox 1430 1889 1833 1956; baseline 0 -2"><span class='ocrx_word' id='word_1_554' title='bbox 1430 1889 1484 1956; x_wconf 90' lang='lat' dir='ltr'>sed</span> <span class='ocrx_word' id='word_1_555' title='bbox 1506 1907 1548 1956; x_wconf 83' lang='lat' dir='ltr'>ex</span> <span class='ocrx_word' id='word_1_556' title='bbox 1571 1907 1678 1956; x_wconf 90' lang='lat' dir='ltr'>amove</span> <span class='ocrx_word' id='word_1_557' title='bbox 1701 1891 1833 1954; x_wconf 91' lang='lat' dir='ltr'>nummi.</span> 
     </span>
    </p>

    <p class='ocr_par' dir='ltr' id='par_1_15' title="bbox 1517 1995 2523 2080">
     <span class='ocr_line' id='line_1_73' title="bbox 1517 1995 2523 2080; baseline 0.002 -20"><span class='ocrx_word' id='word_1_558' title='bbox 1517 1997 1571 2062; x_wconf 70' lang='grc'>83.</span> <span class='ocrx_word' id='word_1_559' title='bbox 1602 1995 1704 2078; x_wconf 74' lang='lat' dir='ltr'>(bers.</span> <span class='ocrx_word' id='word_1_560' title='bbox 1738 1995 1816 2078; x_wconf 71' lang='lat' dir='ltr'>db).</span> <span class='ocrx_word' id='word_1_561' title='bbox 1857 1997 2085 2062; x_wconf 85' lang='lat' dir='ltr'>Verumtamen</span> <span class='ocrx_word' id='word_1_562' title='bbox 2118 1997 2244 2080; x_wconf 73' lang='lat' dir='ltr'>rtr&#39;ltptce</span> <span class='ocrx_word' id='word_1_563' title='bbox 2273 1997 2385 2062; x_wconf 79' lang='lat' dir='ltr'>tbu&#39;rm&#39;-</span> <span class='ocrx_word' id='word_1_564' title='bbox 2414 2013 2445 2056; x_wconf 83' lang='lat' dir='ltr'>m</span> <span class='ocrx_word' id='word_1_565' title='bbox 2459 2011 2523 2056; x_wconf 75' lang='lat' dir='ltr'>unu</span> 
     </span>
    </p>

    <p class='ocr_par' dir='ltr' id='par_1_16' title="bbox 1427 2069 2518 2796">
     <span class='ocr_line' id='line_1_74' title="bbox 1429 2069 2518 2184; baseline -0.002 -20"><span class='ocrx_word' id='word_1_566' title='bbox 1429 2117 1482 2164; x_wconf 82' lang='lat' dir='ltr'>eos</span> <span class='ocrx_word' id='word_1_567' title='bbox 1506 2105 1565 2166; x_wconf 89' lang='grc' dir='ltr'><strong>θῖθ.</strong></span> <span class='ocrx_word' id='word_1_568' title='bbox 1589 2101 1642 2164; x_wconf 85' lang='grc' dir='ltr'>Ηῖθ</span> <span class='ocrx_word' id='word_1_569' title='bbox 1665 2107 1735 2184; x_wconf 91' lang='lat' dir='ltr'>post</span> <span class='ocrx_word' id='word_1_570' title='bbox 1759 2101 2042 2184; x_wconf 84' lang='lat' dir='ltr'>promulgationem</span> <span class='ocrx_word' id='word_1_571' title='bbox 2059 2107 2089 2164; x_wconf 92' lang='lat' dir='ltr'>et</span> <span class='ocrx_word' id='word_1_572' title='bbox 2107 2101 2322 2182; x_wconf 87' lang='lat' dir='ltr'>probationem</span> <span class='ocrx_word' id='word_1_573' title='bbox 2340 2119 2385 2166; x_wconf 93' lang='lat' dir='ltr'>re·</span> <span class='ocrx_word' id='word_1_574' title='bbox 2404 2069 2518 2162; x_wconf 54' lang='lat' dir='ltr'>cuffiam</span> 
     </span>
     <span class='ocr_line' id='line_1_75' title="bbox 1429 2201 2382 2286; baseline 0.001 -20"><span class='ocrx_word' id='word_1_575' title='bbox 1429 2201 1524 2266; x_wconf 92' lang='lat' dir='ltr'>sumit</span> <span class='ocrx_word' id='word_1_576' title='bbox 1547 2203 1711 2268; x_wconf 72' lang='lat' dir='ltr'>reuredum</span> <span class='ocrx_word' id='word_1_577' title='bbox 1748 2203 1936 2286; x_wconf 85' lang='lat' dir='ltr'>approbate</span> <span class='ocrx_word' id='word_1_578' title='bbox 1965 2221 2044 2268; x_wconf 81' lang='lat' dir='ltr'>crem</span> <span class='ocrx_word' id='word_1_579' title='bbox 2077 2203 2207 2268; x_wconf 79' lang='lat' dir='ltr'>rodone</span> <span class='ocrx_word' id='word_1_580' title='bbox 2231 2211 2382 2268; x_wconf 87' lang='lat' dir='ltr'>rrrooente.</span> 
     </span>
     <span class='ocr_line' id='line_1_76' title="bbox 1429 2305 2384 2392; baseline 0.002 -20"><span class='ocrx_word' id='word_1_581' title='bbox 1429 2305 1509 2372; x_wconf 91' lang='lat' dir='ltr'>Sunt</span> <span class='ocrx_word' id='word_1_582' title='bbox 1529 2315 1636 2374; x_wconf 86' lang='lat' dir='ltr'>autem</span> <span class='ocrx_word' id='word_1_583' title='bbox 1660 2309 1739 2386; x_wconf 90' lang='lat' dir='ltr'>tria,</span> <span class='ocrx_word' id='word_1_584' title='bbox 1763 2325 1844 2392; x_wconf 76' lang='lat' dir='ltr'>utrae</span> <span class='ocrx_word' id='word_1_585' title='bbox 1869 2306 1983 2375; x_wconf 88' lang='lat' dir='ltr'>debent</span> <span class='ocrx_word' id='word_1_586' title='bbox 2007 2325 2064 2374; x_wconf 94' lang='lat' dir='ltr'>nos</span> <span class='ocrx_word' id='word_1_587' title='bbox 2086 2325 2214 2374; x_wconf 88' lang='lat' dir='ltr'>movere</span> <span class='ocrx_word' id='word_1_588' title='bbox 2240 2309 2277 2374; x_wconf 91' lang='lat' dir='ltr'>ad</span> <span class='ocrx_word' id='word_1_589' title='bbox 2295 2325 2384 2392; x_wconf 87' lang='lat' dir='ltr'>prae-</span> 
     </span>
     <span class='ocr_line' id='line_1_77' title="bbox 1427 2413 2385 2500; baseline 0.002 -22"><span class='ocrx_word' id='word_1_590' title='bbox 1427 2413 1510 2480; x_wconf 93' lang='lat' dir='ltr'>dicta</span> <span class='ocrx_word' id='word_1_591' title='bbox 1531 2413 1689 2494; x_wconf 89' lang='lat' dir='ltr'>facienda,</span> <span class='ocrx_word' id='word_1_592' title='bbox 1712 2413 1830 2482; x_wconf 88' lang='lat' dir='ltr'>scilicet</span> <span class='ocrx_word' id='word_1_593' title='bbox 1845 2413 2032 2480; x_wconf 80' lang='lat' dir='ltr'>unctoritoe</span> <span class='ocrx_word' id='word_1_594' title='bbox 2044 2413 2232 2500; x_wconf 82' lang='lat' dir='ltr'>praerepti,</span> <span class='ocrx_word' id='word_1_595' title='bbox 2250 2413 2385 2480; x_wconf 79' lang='lat' dir='ltr'>frueren-</span> 
     </span>
     <span class='ocr_line' id='line_1_78' title="bbox 1427 2517 2384 2602; baseline 0 -18"><span class='ocrx_word' id='word_1_596' title='bbox 1427 2517 1512 2584; x_wconf 80' lang='lat' dir='ltr'>st&#39;tus</span> <span class='ocrx_word' id='word_1_597' title='bbox 1530 2521 1681 2602; x_wconf 80' lang='lat' dir='ltr'>pruermb&#39;</span> <span class='ocrx_word' id='word_1_598' title='bbox 1709 2527 1741 2584; x_wconf 94' lang='grc' dir='ltr'>θῖ</span> <span class='ocrx_word' id='word_1_599' title='bbox 1771 2517 1960 2584; x_wconf 80' lang='lat' dir='ltr'>sublimitas</span> <span class='ocrx_word' id='word_1_600' title='bbox 1983 2519 2131 2602; x_wconf 75' lang='lat' dir='ltr'>eunapii.</span> <span class='ocrx_word' id='word_1_601' title='bbox 2156 2519 2298 2584; x_wconf 86' lang='lat' dir='ltr'>Primum</span> <span class='ocrx_word' id='word_1_602' title='bbox 2320 2535 2384 2584; x_wconf 79' lang='lat' dir='ltr'>mo</span> 
     </span>
     <span class='ocr_line' id='line_1_79' title="bbox 1428 2623 2384 2708; baseline -0.004 -18"><span class='ocrx_word' id='word_1_603' title='bbox 1428 2630 1478 2690; x_wconf 92' lang='lat' dir='ltr'>vet</span> <span class='ocrx_word' id='word_1_604' title='bbox 1503 2623 1708 2702; x_wconf 87' lang='lat' dir='ltr'>irascibilem,</span> <span class='ocrx_word' id='word_1_605' title='bbox 1733 2623 1905 2690; x_wconf 90' lang='lat' dir='ltr'>secundum</span> <span class='ocrx_word' id='word_1_606' title='bbox 1938 2623 2230 2708; x_wconf 91' lang='lat' dir='ltr'>concupiscibilem,</span> <span class='ocrx_word' id='word_1_607' title='bbox 2255 2623 2384 2688; x_wconf 90' lang='lat' dir='ltr'>tertium</span> 
     </span>
     <span class='ocr_line' id='line_1_80' title="bbox 1430 2731 1720 2796; baseline 0 -2"><span class='ocrx_word' id='word_1_608' title='bbox 1430 2745 1506 2794; x_wconf 89' lang='lat' dir='ltr'>vero</span> <span class='ocrx_word' id='word_1_609' title='bbox 1527 2731 1720 2796; x_wconf 90' lang='lat' dir='ltr'>rationalem.</span> 
     </span>
    </p>

    <p class='ocr_par' dir='ltr' id='par_1_17' title="bbox 1424 2833 2550 4072">
     <span class='ocr_line' id='line_1_81' title="bbox 1517 2833 2550 2944; baseline -0.01 -44"><span class='ocrx_word' id='word_1_610' title='bbox 1517 2835 1654 2900; x_wconf 91' lang='lat' dir='ltr'>Resumit</span> <span class='ocrx_word' id='word_1_611' title='bbox 1678 2833 1775 2920; x_wconf 88' lang='lat' dir='ltr'>igitur</span> <span class='ocrx_word' id='word_1_612' title='bbox 1799 2833 1957 2918; x_wconf 87' lang='lat' dir='ltr'>praedicta</span> <span class='ocrx_word' id='word_1_613' title='bbox 1972 2833 2159 2898; x_wconf 90' lang='lat' dir='ltr'>documenta</span> <span class='ocrx_word' id='word_1_614' title='bbox 2176 2849 2232 2916; x_wconf 91' lang='lat' dir='ltr'>per</span> <span class='ocrx_word' id='word_1_615' title='bbox 2248 2833 2384 2898; x_wconf 89' lang='lat' dir='ltr'>modum</span> <span class='ocrx_word' id='word_1_616' title='bbox 2402 2847 2550 2944; x_wconf 48' lang='lat' dir='ltr'>vrathestho-</span> 
     </span>
     <span class='ocr_line' id='line_1_82' title="bbox 1425 2911 2549 3048; baseline 0.004 -44"><span class='ocrx_word' id='word_1_617' title='bbox 1425 2941 1609 3024; x_wconf 85' lang='lat' dir='ltr'>praecepti,</span> <span class='ocrx_word' id='word_1_618' title='bbox 1635 2959 1706 3006; x_wconf 91' lang='lat' dir='ltr'>oum</span> <span class='ocrx_word' id='word_1_619' title='bbox 1731 2941 1792 3006; x_wconf 91' lang='lat' dir='ltr'>ait:</span> <span class='ocrx_word' id='word_1_620' title='bbox 1826 2941 2056 3004; x_wconf 84' lang='lat' dir='ltr'>Verumtamen</span> <span class='ocrx_word' id='word_1_621' title='bbox 2078 2939 2205 3024; x_wconf 76' lang='lat' dir='ltr'>diligite</span> <span class='ocrx_word' id='word_1_622' title='bbox 2230 2937 2383 3004; x_wconf 81' lang='lat' dir='ltr'>irrtrm&#39;coo</span> <span class='ocrx_word' id='word_1_623' title='bbox 2403 2911 2436 3048; x_wconf 61' lang='lat' dir='ltr'>a}</span> <span class='ocrx_word' id='word_1_624' title='bbox 2456 2911 2549 3008; x_wconf 56' lang='grc' dir='ltr'>ἷῗῗεοῖἕῖ</span> 
     </span>
     <span class='ocr_line' id='line_1_83' title="bbox 1426 3015 2444 3136; baseline 0.002 -30"><span class='ocrx_word' id='word_1_625' title='bbox 1426 3051 1550 3136; x_wconf 84' lang='lat' dir='ltr'>uestros</span> <span class='ocrx_word' id='word_1_626' title='bbox 1566 3051 1594 3108; x_wconf 91' lang='lat' dir='ltr'>et</span> <span class='ocrx_word' id='word_1_627' title='bbox 1608 3045 1635 3084; x_wconf 86' lang='lat'>¹⁰</span> <span class='ocrx_word' id='word_1_628' title='bbox 1650 3043 1836 3130; x_wconf 32' lang='lat' dir='ltr'>terremotu,</span> <span class='ocrx_word' id='word_1_629' title='bbox 1848 3043 1965 3110; x_wconf 90' lang='lat' dir='ltr'>scilicet</span> <span class='ocrx_word' id='word_1_630' title='bbox 1978 3051 2014 3110; x_wconf 92' lang='lat' dir='ltr'>ut</span> <span class='ocrx_word' id='word_1_631' title='bbox 2025 3061 2086 3110; x_wconf 90' lang='lat' dir='ltr'>noo</span> <span class='ocrx_word' id='word_1_632' title='bbox 2106 3043 2268 3128; x_wconf 74' lang='lat' dir='ltr'>«diligatis</span> <span class='ocrx_word' id='word_1_633' title='bbox 2285 3043 2382 3110; x_wconf 90' lang='lat' dir='ltr'>verbo</span> <span class='ocrx_word' id='word_1_634' title='bbox 2402 3015 2444 3058; x_wconf 66' lang='lat' dir='ltr'>p„</span> 
     </span>
     <span class='ocr_line' id='line_1_84' title="bbox 1426 3145 2383 3232; baseline 0 -18"><span class='ocrx_word' id='word_1_635' title='bbox 1426 3165 1528 3232; x_wconf 88' lang='lat' dir='ltr'>neque</span> <span class='ocrx_word' id='word_1_636' title='bbox 1553 3149 1675 3232; x_wconf 89' lang='lat' dir='ltr'>lingua,</span> <span class='ocrx_word' id='word_1_637' title='bbox 1694 3149 1748 3214; x_wconf 90' lang='lat' dir='ltr'>sed</span> <span class='ocrx_word' id='word_1_638' title='bbox 1764 3165 1858 3232; x_wconf 89' lang='lat' dir='ltr'>opere</span> <span class='ocrx_word' id='word_1_639' title='bbox 1883 3155 1913 3214; x_wconf 91' lang='lat' dir='ltr'>et</span> <span class='ocrx_word' id='word_1_640' title='bbox 1930 3149 2061 3214; x_wconf 85' lang='lat' dir='ltr'>veritate</span> <span class='ocrx_word' id='word_1_641' title='bbox 2074 3175 2104 3226; x_wconf 76' lang='lat' dir='ltr'>r,</span> <span class='ocrx_word' id='word_1_642' title='bbox 2123 3147 2242 3232; x_wconf 89' lang='lat' dir='ltr'>primae</span> <span class='ocrx_word' id='word_1_643' title='bbox 2262 3145 2383 3214; x_wconf 88' lang='lat' dir='ltr'>loannis</span> 
     </span>
     <span class='ocr_line' id='line_1_85' title="bbox 1426 3253 2382 3340; baseline 0 -24"><span class='ocrx_word' id='word_1_644' title='bbox 1426 3253 1528 3320; x_wconf 90' lang='lat' dir='ltr'>tertio.</span> <span class='ocrx_word' id='word_1_645' title='bbox 1556 3255 1589 3320; x_wconf 84' lang='lat' dir='ltr'>Et</span> <span class='ocrx_word' id='word_1_646' title='bbox 1621 3257 1680 3320; x_wconf 89' lang='lat' dir='ltr'>hoc</span> <span class='ocrx_word' id='word_1_647' title='bbox 1711 3253 1895 3340; x_wconf 87' lang='lat' dir='ltr'>imperando</span> <span class='ocrx_word' id='word_1_648' title='bbox 1925 3253 2016 3332; x_wconf 88' lang='lat' dir='ltr'>dicit,</span> <span class='ocrx_word' id='word_1_649' title='bbox 2040 3253 2130 3340; x_wconf 89' lang='lat' dir='ltr'>quia,</span> <span class='ocrx_word' id='word_1_650' title='bbox 2162 3253 2244 3318; x_wconf 91' lang='lat' dir='ltr'>sicut</span> <span class='ocrx_word' id='word_1_651' title='bbox 2265 3253 2382 3318; x_wconf 89' lang='lat' dir='ltr'>dicitnr</span> 
     </span>
     <span class='ocr_line' id='line_1_86' title="bbox 1426 3357 2382 3444; baseline 0.001 -21"><span class='ocrx_word' id='word_1_652' title='bbox 1426 3357 1547 3424; x_wconf 90' lang='lat' dir='ltr'>loannis</span> <span class='ocrx_word' id='word_1_653' title='bbox 1571 3359 1841 3444; x_wconf 85' lang='lat' dir='ltr'>decimoquinto,</span> <span class='ocrx_word' id='word_1_654' title='bbox 1872 3385 1887 3416; x_wconf 86' lang='lat'>«</span> <span class='ocrx_word' id='word_1_655' title='bbox 1900 3359 1959 3426; x_wconf 91' lang='lat' dir='ltr'>hoc</span> <span class='ocrx_word' id='word_1_656' title='bbox 1975 3367 2021 3426; x_wconf 89' lang='lat' dir='ltr'>ost</span> <span class='ocrx_word' id='word_1_657' title='bbox 2046 3364 2248 3444; x_wconf 87' lang='lat' dir='ltr'>praeceptum</span> <span class='ocrx_word' id='word_1_658' title='bbox 2264 3375 2382 3436; x_wconf 91' lang='lat' dir='ltr'>meum,</span> 
     </span>
     <span class='ocr_line' id='line_1_87' title="bbox 1425 3463 2382 3546; baseline -0.003 -17"><span class='ocrx_word' id='word_1_659' title='bbox 1425 3469 1463 3529; x_wconf 91' lang='lat' dir='ltr'>ut</span> <span class='ocrx_word' id='word_1_660' title='bbox 1484 3463 1620 3546; x_wconf 88' lang='lat' dir='ltr'>diligatis</span> <span class='ocrx_word' id='word_1_661' title='bbox 1642 3463 1792 3540; x_wconf 89' lang='lat' dir='ltr'>invicem,</span> <span class='ocrx_word' id='word_1_662' title='bbox 1818 3463 1898 3530; x_wconf 88' lang='lat' dir='ltr'>sicut</span> <span class='ocrx_word' id='word_1_663' title='bbox 1930 3463 2025 3530; x_wconf 74' lang='lat' dir='ltr'>(lilexi</span> <span class='ocrx_word' id='word_1_664' title='bbox 2059 3481 2114 3530; x_wconf 87' lang='lat' dir='ltr'>vos</span> <span class='ocrx_word' id='word_1_665' title='bbox 2131 3489 2159 3526; x_wconf 87' lang='grc'>».</span> <span class='ocrx_word' id='word_1_666' title='bbox 2189 3463 2253 3546; x_wconf 92' lang='lat' dir='ltr'>lpse</span> <span class='ocrx_word' id='word_1_667' title='bbox 2275 3469 2382 3528; x_wconf 92' lang='lat' dir='ltr'>autem</span> 
     </span>
     <span class='ocr_line' id='line_1_88' title="bbox 1424 3567 2383 3646; baseline 0 -12"><span class='ocrx_word' id='word_1_668' title='bbox 1424 3567 1536 3634; x_wconf 87' lang='lat' dir='ltr'>dilexit</span> <span class='ocrx_word' id='word_1_669' title='bbox 1560 3585 1620 3634; x_wconf 92' lang='lat' dir='ltr'>non</span> <span class='ocrx_word' id='word_1_670' title='bbox 1646 3571 1747 3634; x_wconf 90' lang='lat' dir='ltr'>solnm</span> <span class='ocrx_word' id='word_1_671' title='bbox 1781 3571 1909 3646; x_wconf 86' lang='lat' dir='ltr'>attactu,</span> <span class='ocrx_word' id='word_1_672' title='bbox 1944 3569 1998 3634; x_wconf 90' lang='lat' dir='ltr'>sod</span> <span class='ocrx_word' id='word_1_673' title='bbox 2030 3567 2126 3634; x_wconf 90' lang='lat' dir='ltr'>etiam</span> <span class='ocrx_word' id='word_1_674' title='bbox 2158 3567 2291 3644; x_wconf 88' lang='lat' dir='ltr'>ellectu,</span> <span class='ocrx_word' id='word_1_675' title='bbox 2318 3567 2383 3634; x_wconf 90' lang='lat' dir='ltr'>sine</span> 
     </span>
     <span class='ocr_line' id='line_1_89' title="bbox 1424 3671 2382 3756; baseline 0.001 -20"><span class='ocrx_word' id='word_1_676' title='bbox 1424 3673 1529 3754; x_wconf 89' lang='lat' dir='ltr'>aliqua</span> <span class='ocrx_word' id='word_1_677' title='bbox 1551 3689 1606 3756; x_wconf 92' lang='lat' dir='ltr'>spe</span> <span class='ocrx_word' id='word_1_678' title='bbox 1624 3673 1848 3739; x_wconf 90' lang='lat' dir='ltr'>retributionis.</span> <span class='ocrx_word' id='word_1_679' title='bbox 1867 3709 1908 3722; x_wconf 89' lang='lat'>-</span> <span class='ocrx_word' id='word_1_680' title='bbox 1927 3673 1996 3738; x_wconf 90' lang='lat' dir='ltr'>ldeo</span> <span class='ocrx_word' id='word_1_681' title='bbox 2012 3671 2154 3738; x_wconf 87' lang='lat' dir='ltr'>additur:</span> <span class='ocrx_word' id='word_1_682' title='bbox 2174 3673 2211 3736; x_wconf 84' lang='lat' dir='ltr'>nt</span> <span class='ocrx_word' id='word_1_683' title='bbox 2226 3681 2382 3736; x_wconf 78' lang='lat' dir='ltr'>eventuum</span> 
     </span>
     <span class='ocr_line' id='line_1_90' title="bbox 1424 3773 2382 3862; baseline 0.001 -21"><span class='ocrx_word' id='word_1_684' title='bbox 1424 3775 1516 3854; x_wconf 90' lang='lat' dir='ltr'>dote,</span> <span class='ocrx_word' id='word_1_685' title='bbox 1539 3773 1626 3842; x_wconf 80' lang='lat' dir='ltr'>milvii</span> <span class='ocrx_word' id='word_1_686' title='bbox 1641 3775 1716 3842; x_wconf 80' lang='lat' dir='ltr'>forle</span> <span class='ocrx_word' id='word_1_687' title='bbox 1729 3785 1918 3862; x_wconf 81' lang='lat' dir='ltr'>sperantes,</span> <span class='ocrx_word' id='word_1_688' title='bbox 1938 3775 2055 3844; x_wconf 89' lang='lat' dir='ltr'>scilicet</span> <span class='ocrx_word' id='word_1_689' title='bbox 2072 3775 2382 3860; x_wconf 79' lang='lat' dir='ltr'>recompensationis3</span> 
     </span>
     <span class='ocr_line' id='line_1_91' title="bbox 1424 3881 2382 3964; baseline 0 -18"><span class='ocrx_word' id='word_1_690' title='bbox 1424 3881 1658 3948; x_wconf 86' lang='lat' dir='ltr'>Deuteronomii</span> <span class='ocrx_word' id='word_1_691' title='bbox 1682 3881 1833 3964; x_wconf 85' lang='lat' dir='ltr'>vigesimo</span> <span class='ocrx_word' id='word_1_692' title='bbox 1856 3881 2007 3948; x_wconf 79' lang='lat' dir='ltr'>tertio¹¹z</span> <span class='ocrx_word' id='word_1_693' title='bbox 2035 3909 2051 3938; x_wconf 87' lang='lat'>«</span> <span class='ocrx_word' id='word_1_694' title='bbox 2070 3881 2166 3946; x_wconf 84' lang='lat' dir='ltr'>Fratri</span> <span class='ocrx_word' id='word_1_695' title='bbox 2187 3887 2241 3946; x_wconf 91' lang='lat' dir='ltr'>tuo</span> <span class='ocrx_word' id='word_1_696' title='bbox 2264 3881 2382 3964; x_wconf 87' lang='lat' dir='ltr'>absque</span> 
     </span>
     <span class='ocr_line' id='line_1_92' title="bbox 1424 3985 2382 4072; baseline 0 -22"><span class='ocrx_word' id='word_1_697' title='bbox 1424 4003 1524 4050; x_wconf 91' lang='lat' dir='ltr'>usura</span> <span class='ocrx_word' id='word_1_698' title='bbox 1546 3985 1579 4050; x_wconf 90' lang='lat' dir='ltr'>id</span> <span class='ocrx_word' id='word_1_699' title='bbox 1601 3985 1685 4070; x_wconf 90' lang='lat' dir='ltr'>quod</span> <span class='ocrx_word' id='word_1_700' title='bbox 1709 3985 1842 4072; x_wconf 85' lang='lat' dir='ltr'>indiget,</span> <span class='ocrx_word' id='word_1_701' title='bbox 1859 3985 2126 4064; x_wconf 89' lang='lat' dir='ltr'>accommodabis,</span> <span class='ocrx_word' id='word_1_702' title='bbox 2150 3991 2187 4050; x_wconf 91' lang='lat' dir='ltr'>nt</span> <span class='ocrx_word' id='word_1_703' title='bbox 2221 3985 2382 4052; x_wconf 78' lang='lat' dir='ltr'>loenedicat</span> 
     </span>
    </p>
   </div>
   <div class='ocr_carea' id='block_1_9' title="bbox 1403 4087 2382 4175">
    <p class='ocr_par' dir='ltr' id='par_1_18' title="bbox 1403 4087 2382 4175">
     <span class='ocr_line' id='line_1_93' title="bbox 1403 4087 2382 4175; baseline -0.001 -20"><span class='ocrx_word' id='word_1_704' title='bbox 1403 4087 1480 4156; x_wconf 66' lang='lat' dir='ltr'>&#39;tibi</span> <span class='ocrx_word' id='word_1_705' title='bbox 1506 4091 1701 4168; x_wconf 87' lang='lat' dir='ltr'>Dominus»,</span> <span class='ocrx_word' id='word_1_706' title='bbox 1725 4089 1757 4156; x_wconf 94' lang='lat' dir='ltr'>id</span> <span class='ocrx_word' id='word_1_707' title='bbox 1787 4099 1852 4170; x_wconf 91' lang='grc' dir='ltr'><strong>θεῖ,</strong></span> <span class='ocrx_word' id='word_1_708' title='bbox 1887 4109 1947 4156; x_wconf 89' lang='lat' dir='ltr'>non</span> <span class='ocrx_word' id='word_1_709' title='bbox 1974 4107 2110 4175; x_wconf 87' lang='lat' dir='ltr'>quaeras</span> <span class='ocrx_word' id='word_1_710' title='bbox 2142 4087 2382 4156; x_wconf 91' lang='lat' dir='ltr'>retributionem</span> 
     </span>
    </p>
   </div>
   <div class='ocr_carea' id='block_1_10' title="bbox 1421 4195 2546 5434">
    <p class='ocr_par' dir='ltr' id='par_1_19' title="bbox 1421 4195 2546 5434">
     <span class='ocr_line' id='line_1_94' title="bbox 1423 4195 2380 4278; baseline -0.002 -18"><span class='ocrx_word' id='word_1_711' title='bbox 1423 4195 1463 4260; x_wconf 91' lang='lat' dir='ltr'>de</span> <span class='ocrx_word' id='word_1_712' title='bbox 1485 4195 1544 4260; x_wconf 93' lang='lat' dir='ltr'>hoc</span> <span class='ocrx_word' id='word_1_713' title='bbox 1568 4195 1606 4258; x_wconf 91' lang='lat' dir='ltr'>ab</span> <span class='ocrx_word' id='word_1_714' title='bbox 1631 4195 1775 4274; x_wconf 90' lang='lat' dir='ltr'>homine,</span> <span class='ocrx_word' id='word_1_715' title='bbox 1799 4195 1881 4262; x_wconf 89' lang='lat' dir='ltr'>sicut</span> <span class='ocrx_word' id='word_1_716' title='bbox 1902 4195 2059 4272; x_wconf 89' lang='lat' dir='ltr'>usurarii,</span> <span class='ocrx_word' id='word_1_717' title='bbox 2077 4195 2131 4278; x_wconf 76' lang='grc' dir='ltr'>θεῖ</span> <span class='ocrx_word' id='word_1_718' title='bbox 2148 4201 2277 4276; x_wconf 87' lang='lat' dir='ltr'>propter</span> <span class='ocrx_word' id='word_1_719' title='bbox 2293 4209 2380 4276; x_wconf 92' lang='lat' dir='ltr'>spem</span> 
     </span>
     <span class='ocr_line' id='line_1_95' title="bbox 1424 4299 2382 4384; baseline 0 -18"><span class='ocrx_word' id='word_1_720' title='bbox 1424 4317 1541 4378; x_wconf 86' lang='lat' dir='ltr'>usurae</span> <span class='ocrx_word' id='word_1_721' title='bbox 1565 4299 1703 4384; x_wconf 88' lang='lat' dir='ltr'>perdunt</span> <span class='ocrx_word' id='word_1_722' title='bbox 1732 4317 1821 4384; x_wconf 90' lang='lat' dir='ltr'>spem</span> <span class='ocrx_word' id='word_1_723' title='bbox 1852 4301 1935 4366; x_wconf 87' lang='lat' dir='ltr'>vitae</span> <span class='ocrx_word' id='word_1_724' title='bbox 1965 4307 2133 4378; x_wconf 88' lang='lat' dir='ltr'>aeternae;</span> <span class='ocrx_word' id='word_1_725' title='bbox 2164 4303 2382 4382; x_wconf 79' lang='lat' dir='ltr'>contractos</span> 
     </span>
     <span class='ocr_line' id='line_1_96' title="bbox 1423 4403 2380 4488; baseline 0 -20"><span class='ocrx_word' id='word_1_726' title='bbox 1423 4403 1589 4488; x_wconf 76' lang='lat' dir='ltr'>apostotus</span> <span class='ocrx_word' id='word_1_727' title='bbox 1610 4405 1731 4486; x_wconf 89' lang='lat' dir='ltr'>primae</span> <span class='ocrx_word' id='word_1_728' title='bbox 1748 4405 1785 4470; x_wconf 92' lang='lat' dir='ltr'>ad</span> <span class='ocrx_word' id='word_1_729' title='bbox 1802 4405 1979 4470; x_wconf 89' lang='lat' dir='ltr'>Corinthios</span> <span class='ocrx_word' id='word_1_730' title='bbox 2003 4405 2124 4468; x_wconf 89' lang='lat' dir='ltr'>decimo</span> <span class='ocrx_word' id='word_1_731' title='bbox 2147 4403 2258 4486; x_wconf 88' lang='lat' dir='ltr'>quinto</span> <span class='ocrx_word' id='word_1_732' title='bbox 2271 4405 2296 4444; x_wconf 80' lang='lat'>¹²</span> <span class='ocrx_word' id='word_1_733' title='bbox 2321 4403 2380 4468; x_wconf 87' lang='lat' dir='ltr'>ait:</span> 
     </span>
     <span class='ocr_line' id='line_1_97' title="bbox 1430 4505 2382 4592; baseline 0.009 -29"><span class='ocrx_word' id='word_1_734' title='bbox 1430 4505 1487 4570; x_wconf 85' lang='lat' dir='ltr'>«Si</span> <span class='ocrx_word' id='word_1_735' title='bbox 1505 4513 1625 4572; x_wconf 88' lang='lat' dir='ltr'>tantum</span> <span class='ocrx_word' id='word_1_736' title='bbox 1645 4507 1673 4570; x_wconf 90' lang='lat' dir='ltr'>in</span> <span class='ocrx_word' id='word_1_737' title='bbox 1693 4507 1750 4574; x_wconf 91' lang='lat' dir='ltr'>hac</span> <span class='ocrx_word' id='word_1_738' title='bbox 1768 4507 1831 4574; x_wconf 92' lang='lat' dir='ltr'>vita</span> <span class='ocrx_word' id='word_1_739' title='bbox 1853 4513 2016 4592; x_wconf 86' lang='lat' dir='ltr'>sperantes</span> <span class='ocrx_word' id='word_1_740' title='bbox 2031 4523 2160 4582; x_wconf 87' lang='lat' dir='ltr'>sarnus,</span> <span class='ocrx_word' id='word_1_741' title='bbox 2178 4505 2382 4572; x_wconf 87' lang='lat' dir='ltr'>miserabilio-</span> 
     </span>
     <span class='ocr_line' id='line_1_98' title="bbox 1424 4613 2380 4692; baseline 0 -14"><span class='ocrx_word' id='word_1_742' title='bbox 1424 4631 1476 4678; x_wconf 91' lang='lat' dir='ltr'>res</span> <span class='ocrx_word' id='word_1_743' title='bbox 1499 4631 1608 4680; x_wconf 92' lang='lat' dir='ltr'>sumns</span> <span class='ocrx_word' id='word_1_744' title='bbox 1633 4615 1779 4680; x_wconf 93' lang='lat' dir='ltr'>omnibus</span> <span class='ocrx_word' id='word_1_745' title='bbox 1794 4615 1976 4682; x_wconf 89' lang='lat' dir='ltr'>hominibus</span> <span class='ocrx_word' id='word_1_746' title='bbox 1993 4641 2023 4678; x_wconf 71' lang='lat' dir='ltr'>r.</span> <span class='ocrx_word' id='word_1_747' title='bbox 2047 4614 2139 4679; x_wconf 87' lang='lat' dir='ltr'>Tales</span> <span class='ocrx_word' id='word_1_748' title='bbox 2160 4619 2235 4678; x_wconf 90' lang='lat' dir='ltr'>snut</span> <span class='ocrx_word' id='word_1_749' title='bbox 2252 4613 2380 4692; x_wconf 85' lang='lat' dir='ltr'>divites,</span> 
     </span>
     <span class='ocr_line' id='line_1_99' title="bbox 1423 4717 2382 4804; baseline -0.004 -18"><span class='ocrx_word' id='word_1_750' title='bbox 1423 4717 1477 4804; x_wconf 86' lang='lat' dir='ltr'>qui</span> <span class='ocrx_word' id='word_1_751' title='bbox 1493 4719 1527 4784; x_wconf 93' lang='lat' dir='ltr'>in</span> <span class='ocrx_word' id='word_1_752' title='bbox 1541 4719 1658 4784; x_wconf 86' lang='lat' dir='ltr'>divitiis</span> <span class='ocrx_word' id='word_1_753' title='bbox 1679 4725 1825 4804; x_wconf 87' lang='lat' dir='ltr'>sperant;</span> <span class='ocrx_word' id='word_1_754' title='bbox 1850 4719 1960 4786; x_wconf 89' lang='lat' dir='ltr'>talium</span> <span class='ocrx_word' id='word_1_755' title='bbox 1990 4735 2089 4802; x_wconf 82' lang='lat' dir='ltr'>«spes</span> <span class='ocrx_word' id='word_1_756' title='bbox 2104 4727 2151 4784; x_wconf 86' lang='lat' dir='ltr'>est</span> <span class='ocrx_word' id='word_1_757' title='bbox 2175 4735 2274 4786; x_wconf 77' lang='lat' dir='ltr'>vrroua</span> <span class='ocrx_word' id='word_1_758' title='bbox 2290 4725 2322 4786; x_wconf 90' lang='lat' dir='ltr'>et</span> <span class='ocrx_word' id='word_1_759' title='bbox 2338 4717 2382 4782; x_wconf 87' lang='lat' dir='ltr'>la-</span> 
     </span>
     <span class='ocr_line' id='line_1_100' title="bbox 1421 4823 2381 4910; baseline -0.002 -20"><span class='ocrx_word' id='word_1_760' title='bbox 1421 4823 1515 4890; x_wconf 89' lang='lat' dir='ltr'>bores</span> <span class='ocrx_word' id='word_1_761' title='bbox 1531 4825 1596 4890; x_wconf 88' lang='lat' dir='ltr'>sine</span> <span class='ocrx_word' id='word_1_762' title='bbox 1611 4825 1719 4890; x_wconf 90' lang='lat' dir='ltr'>fructu</span> <span class='ocrx_word' id='word_1_763' title='bbox 1734 4851 1767 4904; x_wconf 70' lang='grc' dir='ltr'>ι),</span> <span class='ocrx_word' id='word_1_764' title='bbox 1783 4825 1958 4910; x_wconf 87' lang='lat' dir='ltr'>Sapientiae</span> <span class='ocrx_word' id='word_1_765' title='bbox 1973 4823 2076 4890; x_wconf 88' lang='lat' dir='ltr'>lertio.</span> <span class='ocrx_word' id='word_1_766' title='bbox 2095 4825 2129 4888; x_wconf 85' lang='lat' dir='ltr'>Et</span> <span class='ocrx_word' id='word_1_767' title='bbox 2147 4823 2215 4888; x_wconf 88' lang='lat' dir='ltr'>idco</span> <span class='ocrx_word' id='word_1_768' title='bbox 2231 4825 2381 4890; x_wconf 81' lang='lat' dir='ltr'>Ecclesia·</span> 
     </span>
     <span class='ocr_line' id='line_1_101' title="bbox 1422 4927 2382 5014; baseline -0.002 -18"><span class='ocrx_word' id='word_1_769' title='bbox 1422 4927 1488 4996; x_wconf 92' lang='lat' dir='ltr'>stioi</span> <span class='ocrx_word' id='word_1_770' title='bbox 1506 4927 1666 5014; x_wconf 88' lang='lat' dir='ltr'>trigesimo</span> <span class='ocrx_word' id='word_1_771' title='bbox 1682 4929 1797 5012; x_wconf 90' lang='lat' dir='ltr'>primo:</span> <span class='ocrx_word' id='word_1_772' title='bbox 1822 4957 1838 4988; x_wconf 87' lang='lat'>«</span> <span class='ocrx_word' id='word_1_773' title='bbox 1850 4931 1963 4996; x_wconf 84' lang='lat' dir='ltr'>Beatus</span> <span class='ocrx_word' id='word_1_774' title='bbox 1977 4929 2082 5006; x_wconf 79' lang='lat' dir='ltr'>divae,</span> <span class='ocrx_word' id='word_1_775' title='bbox 2098 4927 2152 5012; x_wconf 84' lang='lat' dir='ltr'>oui</span> <span class='ocrx_word' id='word_1_776' title='bbox 2170 4927 2319 4994; x_wconf 89' lang='lat' dir='ltr'>inventus</span> <span class='ocrx_word' id='word_1_777' title='bbox 2335 4935 2382 4994; x_wconf 87' lang='lat' dir='ltr'>cst</span> 
     </span>
     <span class='ocr_line' id='line_1_102' title="bbox 1422 5033 2382 5120; baseline 0 -22"><span class='ocrx_word' id='word_1_778' title='bbox 1422 5035 1488 5098; x_wconf 88' lang='lat' dir='ltr'>sine</span> <span class='ocrx_word' id='word_1_779' title='bbox 1513 5035 1649 5112; x_wconf 85' lang='lat' dir='ltr'>oracula,</span> <span class='ocrx_word' id='word_1_780' title='bbox 1671 5041 1704 5100; x_wconf 89' lang='lat' dir='ltr'>et</span> <span class='ocrx_word' id='word_1_781' title='bbox 1726 5035 1781 5118; x_wconf 87' lang='lat' dir='ltr'>qui</span> <span class='ocrx_word' id='word_1_782' title='bbox 1806 5041 1875 5120; x_wconf 91' lang='lat' dir='ltr'>post</span> <span class='ocrx_word' id='word_1_783' title='bbox 1899 5053 2014 5100; x_wconf 91' lang='lat' dir='ltr'>aurum</span> <span class='ocrx_word' id='word_1_784' title='bbox 2046 5051 2106 5098; x_wconf 94' lang='lat' dir='ltr'>non</span> <span class='ocrx_word' id='word_1_785' title='bbox 2132 5033 2208 5098; x_wconf 88' lang='lat' dir='ltr'>abiit</span> <span class='ocrx_word' id='word_1_786' title='bbox 2230 5053 2287 5098; x_wconf 85' lang='lat' dir='ltr'>trec</span> <span class='ocrx_word' id='word_1_787' title='bbox 2312 5049 2382 5116; x_wconf 88' lang='lat' dir='ltr'>spe-</span> 
     </span>
     <span class='ocr_line' id='line_1_103' title="bbox 1421 5123 2381 5224; baseline 0 -20"><span class='ocrx_word' id='word_1_788' title='bbox 1421 5139 1502 5204; x_wconf 87' lang='lat' dir='ltr'>ravit</span> <span class='ocrx_word' id='word_1_789' title='bbox 1527 5139 1556 5204; x_wconf 90' lang='lat' dir='ltr'>in</span> <span class='ocrx_word' id='word_1_790' title='bbox 1583 5139 1714 5222; x_wconf 68' lang='lat' dir='ltr'>preconia</span> <span class='ocrx_word' id='word_1_791' title='bbox 1744 5147 1777 5206; x_wconf 93' lang='lat' dir='ltr'>et</span> <span class='ocrx_word' id='word_1_792' title='bbox 1799 5141 1968 5206; x_wconf 76' lang='lat' dir='ltr'>thesauris,</span> <span class='ocrx_word' id='word_1_793' title='bbox 1992 5137 2070 5224; x_wconf 86' lang='lat' dir='ltr'>Quis</span> <span class='ocrx_word' id='word_1_794' title='bbox 2093 5123 2140 5206; x_wconf 77' lang='lat' dir='ltr'>est</span> <span class='ocrx_word' id='word_1_795' title='bbox 2164 5139 2229 5218; x_wconf 88' lang='lat' dir='ltr'>hic,</span> <span class='ocrx_word' id='word_1_796' title='bbox 2259 5145 2288 5206; x_wconf 90' lang='lat' dir='ltr'>et</span> <span class='ocrx_word' id='word_1_797' title='bbox 2315 5139 2381 5204; x_wconf 89' lang='lat' dir='ltr'>lan-</span> 
     </span>
     <span class='ocr_line' id='line_1_104' title="bbox 1421 5243 2334 5312; baseline 0 -4"><span class='ocrx_word' id='word_1_798' title='bbox 1421 5243 1564 5308; x_wconf 88' lang='lat' dir='ltr'>dabimus</span> <span class='ocrx_word' id='word_1_799' title='bbox 1589 5249 1682 5308; x_wconf 84' lang='lat' dir='ltr'>eurnt</span> <span class='ocrx_word' id='word_1_800' title='bbox 1706 5245 1787 5310; x_wconf 86' lang='lat' dir='ltr'>Fecit</span> <span class='ocrx_word' id='word_1_801' title='bbox 1810 5245 1893 5312; x_wconf 92' lang='lat' dir='ltr'>enim</span> <span class='ocrx_word' id='word_1_802' title='bbox 1918 5243 2073 5310; x_wconf 88' lang='lat' dir='ltr'>mirabilia</span> <span class='ocrx_word' id='word_1_803' title='bbox 2098 5243 2129 5308; x_wconf 91' lang='lat' dir='ltr'>ln</span> <span class='ocrx_word' id='word_1_804' title='bbox 2153 5245 2217 5310; x_wconf 86' lang='lat' dir='ltr'>vita</span> <span class='ocrx_word' id='word_1_805' title='bbox 2233 5263 2334 5310; x_wconf 76' lang='lat' dir='ltr'>suar.</span> 
     </span>
     <span class='ocr_line' id='line_1_105' title="bbox 1509 5349 2546 5434; baseline -0.004 -20"><span class='ocrx_word' id='word_1_806' title='bbox 1509 5349 1561 5416; x_wconf 88' lang='grc'>83.</span> <span class='ocrx_word' id='word_1_807' title='bbox 1588 5349 1679 5428; x_wconf 84' lang='lat' dir='ltr'>Nota,</span> <span class='ocrx_word' id='word_1_808' title='bbox 1706 5349 1790 5434; x_wconf 85' lang='lat' dir='ltr'>qtrod</span> <span class='ocrx_word' id='word_1_809' title='bbox 1812 5371 1887 5434; x_wconf 81' lang='lat' dir='ltr'>spes</span> <span class='ocrx_word' id='word_1_810' title='bbox 1910 5351 1943 5416; x_wconf 88' lang='lat' dir='ltr'>iu</span> <span class='ocrx_word' id='word_1_811' title='bbox 1976 5357 2091 5416; x_wconf 77' lang='lat' dir='ltr'>rtrutuo</span> <span class='ocrx_word' id='word_1_812' title='bbox 2123 5357 2223 5434; x_wconf 89' lang='lat' dir='ltr'>potest</span> <span class='ocrx_word' id='word_1_813' title='bbox 2247 5367 2316 5416; x_wconf 90' lang='grc' dir='ltr'><strong>θεεθ</strong></span> <span class='ocrx_word' id='word_1_814' title='bbox 2339 5351 2377 5416; x_wconf 88' lang='lat' dir='ltr'>ad</span> <span class='ocrx_word' id='word_1_815' title='bbox 2419 5365 2546 5422; x_wconf 75' lang='lat' dir='ltr'>oerupnu</span> 
     </span>
    </p>
   </div>
   <div class='ocr_carea' id='block_1_11' title="bbox 1421 5421 2544 5540">
    <p class='ocr_par' dir='ltr' id='par_1_20' title="bbox 1421 5421 2544 5540">
     <span class='ocr_line' id='line_1_106' title="bbox 1421 5421 2544 5540; baseline 0 -22"><span class='ocrx_word' id='word_1_816' title='bbox 1421 5451 1521 5518; x_wconf 89' lang='lat' dir='ltr'>simile</span> <span class='ocrx_word' id='word_1_817' title='bbox 1544 5453 1750 5540; x_wconf 82' lang='lat' dir='ltr'>obsequium,</span> <span class='ocrx_word' id='word_1_818' title='bbox 1778 5455 1824 5520; x_wconf 88' lang='lat' dir='ltr'>vel</span> <span class='ocrx_word' id='word_1_819' title='bbox 1847 5455 1886 5520; x_wconf 90' lang='lat' dir='ltr'>ad</span> <span class='ocrx_word' id='word_1_820' title='bbox 1904 5455 2044 5522; x_wconf 83' lang='lat' dir='ltr'>lrrcrrnu.</span> <span class='ocrx_word' id='word_1_821' title='bbox 2066 5455 2166 5524; x_wconf 84' lang='lat' dir='ltr'>Primo</span> <span class='ocrx_word' id='word_1_822' title='bbox 2183 5455 2275 5524; x_wconf 90' lang='lat' dir='ltr'>modo</span> <span class='ocrx_word' id='word_1_823' title='bbox 2292 5455 2378 5536; x_wconf 79' lang='lat' dir='ltr'>licet3</span> <span class='ocrx_word' id='word_1_824' title='bbox 2399 5431 2444 5518; x_wconf 54' lang='lat' dir='ltr'>iii.</span> <span class='ocrx_word' id='word_1_825' title='bbox 2460 5421 2481 5464; x_wconf 72' lang='lat'>¹⁰</span> <span class='ocrx_word' id='word_1_826' title='bbox 2501 5433 2544 5464; x_wconf 56' lang='grc' dir='ltr'>Μ’</span> 
     </span>
    </p>
   </div>
   <div class='ocr_carea' id='block_1_12' title="bbox 1421 5767 2381 6972">
    <p class='ocr_par' dir='ltr' id='par_1_21' title="bbox 1495 5767 2379 5840">
     <span class='ocr_line' id='line_1_107' title="bbox 1495 5767 2379 5840; baseline -0.001 -15"><span class='ocrx_word' id='word_1_827' title='bbox 1495 5767 1506 5800; x_wconf 83' lang='lat'>⁸</span> <span class='ocrx_word' id='word_1_828' title='bbox 1527 5773 1576 5826; x_wconf 90' lang='lat' dir='ltr'>Cir.</span> <span class='ocrx_word' id='word_1_829' title='bbox 1591 5777 1607 5824; x_wconf 91' lang='lat' dir='ltr'>l.</span> <span class='ocrx_word' id='word_1_830' title='bbox 1622 5773 1691 5824; x_wconf 84' lang='lat' dir='ltr'>Seru.</span> <span class='ocrx_word' id='word_1_831' title='bbox 1707 5773 1731 5824; x_wconf 89' lang='lat' dir='ltr'>d.</span> <span class='ocrx_word' id='word_1_832' title='bbox 1746 5773 1788 5824; x_wconf 81' lang='lat' dir='ltr'>ii.</span> <span class='ocrx_word' id='word_1_833' title='bbox 1802 5789 1830 5838; x_wconf 80' lang='lat' dir='ltr'>q.</span> <span class='ocrx_word' id='word_1_834' title='bbox 1845 5773 1866 5824; x_wconf 87' lang='lat' dir='ltr'>l.</span> <span class='ocrx_word' id='word_1_835' title='bbox 1881 5781 1907 5824; x_wconf 87' lang='grc' dir='ltr'>θῖ</span> <span class='ocrx_word' id='word_1_836' title='bbox 1921 5773 1962 5824; x_wconf 76' lang='lat' dir='ltr'>ll&#39;.</span> <span class='ocrx_word' id='word_1_837' title='bbox 1977 5773 2047 5826; x_wconf 82' lang='lat' dir='ltr'>Seni.</span> <span class='ocrx_word' id='word_1_838' title='bbox 2060 5775 2088 5826; x_wconf 90' lang='lat' dir='ltr'>d.</span> <span class='ocrx_word' id='word_1_839' title='bbox 2102 5775 2145 5826; x_wconf 89' lang='grc'>33.</span> <span class='ocrx_word' id='word_1_840' title='bbox 2159 5789 2181 5826; x_wconf 86' lang='grc' dir='ltr'><strong>θ.</strong></span> <span class='ocrx_word' id='word_1_841' title='bbox 2203 5775 2226 5824; x_wconf 90' lang='grc'>3.</span> <span class='ocrx_word' id='word_1_842' title='bbox 2245 5789 2274 5840; x_wconf 77' lang='lat' dir='ltr'>q.</span> <span class='ocrx_word' id='word_1_843' title='bbox 2291 5775 2311 5824; x_wconf 92' lang='lat' dir='ltr'>l.</span> <span class='ocrx_word' id='word_1_844' title='bbox 2326 5787 2379 5840; x_wconf 84' lang='lat' dir='ltr'>seq.</span> 
     </span>
    </p>

    <p class='ocr_par' dir='ltr' id='par_1_22' title="bbox 1421 5857 2381 6434">
     <span class='ocr_line' id='line_1_108' title="bbox 1491 5857 2381 5928; baseline 0.002 -18"><span class='ocrx_word' id='word_1_845' title='bbox 1491 5857 1502 5888; x_wconf 80' lang='lat'>⁹</span> <span class='ocrx_word' id='word_1_846' title='bbox 1523 5859 1623 5914; x_wconf 58' lang='lat' dir='ltr'>cona</span> <span class='ocrx_word' id='word_1_847' title='bbox 1646 5859 1738 5912; x_wconf 91' lang='lat' dir='ltr'>omittit</span> <span class='ocrx_word' id='word_1_848' title='bbox 1757 5861 1884 5924; x_wconf 82' lang='lat' dir='ltr'>eovvdenr,</span> <span class='ocrx_word' id='word_1_849' title='bbox 1904 5875 1953 5926; x_wconf 89' lang='lat' dir='ltr'>pro</span> <span class='ocrx_word' id='word_1_850' title='bbox 1975 5875 2028 5928; x_wconf 83' lang='lat' dir='ltr'>quo</span> <span class='ocrx_word' id='word_1_851' title='bbox 2046 5861 2065 5912; x_wconf 83' lang='lat' dir='ltr'>C</span> <span class='ocrx_word' id='word_1_852' title='bbox 2081 5863 2101 5912; x_wconf 90' lang='lat' dir='ltr'>H</span> <span class='ocrx_word' id='word_1_853' title='bbox 2120 5865 2226 5914; x_wconf 82' lang='lat' dir='ltr'>tortium</span> <span class='ocrx_word' id='word_1_854' title='bbox 2252 5859 2334 5926; x_wconf 81' lang='lat' dir='ltr'>idem,</span> <span class='ocrx_word' id='word_1_855' title='bbox 2358 5863 2381 5912; x_wconf 89' lang='lat' dir='ltr'>D</span> 
     </span>
     <span class='ocr_line' id='line_1_109' title="bbox 1421 5945 2381 6012; baseline 0 -14"><span class='ocrx_word' id='word_1_856' title='bbox 1421 5945 1499 5998; x_wconf 80' lang='lat' dir='ltr'>ideae.</span> <span class='ocrx_word' id='word_1_857' title='bbox 1518 5947 1568 6000; x_wconf 75' lang='lat' dir='ltr'>Cir,</span> <span class='ocrx_word' id='word_1_858' title='bbox 1589 5949 1626 5998; x_wconf 89' lang='lat' dir='ltr'>lll.</span> <span class='ocrx_word' id='word_1_859' title='bbox 1647 5947 1718 5998; x_wconf 84' lang='lat' dir='ltr'>Sent.</span> <span class='ocrx_word' id='word_1_860' title='bbox 1736 5947 1818 5998; x_wconf 75' lang='grc'><strong>(1.37.</strong></span> <span class='ocrx_word' id='word_1_861' title='bbox 1840 5947 1905 6000; x_wconf 77' lang='lat' dir='ltr'>dul).</span> <span class='ocrx_word' id='word_1_862' title='bbox 1921 5949 1948 6000; x_wconf 80' lang='lat' dir='ltr'>i.</span> <span class='ocrx_word' id='word_1_863' title='bbox 1964 5949 1987 6000; x_wconf 93' lang='lat' dir='ltr'>in</span> <span class='ocrx_word' id='word_1_864' title='bbox 2007 5951 2071 6010; x_wconf 83' lang='lat' dir='ltr'>fine,</span> <span class='ocrx_word' id='word_1_865' title='bbox 2087 5947 2132 5998; x_wconf 89' lang='lat' dir='ltr'>nbi</span> <span class='ocrx_word' id='word_1_866' title='bbox 2147 5957 2247 6012; x_wconf 87' lang='lat' dir='ltr'>praeter</span> <span class='ocrx_word' id='word_1_867' title='bbox 2267 5947 2331 5998; x_wconf 88' lang='lat' dir='ltr'>olias</span> <span class='ocrx_word' id='word_1_868' title='bbox 2343 5963 2381 6000; x_wconf 87' lang='lat' dir='ltr'>va·</span> 
     </span>
     <span class='ocr_line' id='line_1_110' title="bbox 1421 6035 2380 6100; baseline 0.001 -14"><span class='ocrx_word' id='word_1_869' title='bbox 1421 6035 1502 6086; x_wconf 88' lang='lat' dir='ltr'>tiones</span> <span class='ocrx_word' id='word_1_870' title='bbox 1515 6041 1603 6086; x_wconf 90' lang='lat' dir='ltr'>contra</span> <span class='ocrx_word' id='word_1_871' title='bbox 1617 6047 1726 6086; x_wconf 89' lang='lat' dir='ltr'>usuram</span> <span class='ocrx_word' id='word_1_872' title='bbox 1739 6037 1804 6086; x_wconf 88' lang='lat' dir='ltr'>haec</span> <span class='ocrx_word' id='word_1_873' title='bbox 1816 6037 1939 6088; x_wconf 79' lang='lat' dir='ltr'>assbrtur:</span> <span class='ocrx_word' id='word_1_874' title='bbox 1960 6037 2021 6100; x_wconf 88' lang='lat' dir='ltr'>qnia</span> <span class='ocrx_word' id='word_1_875' title='bbox 2035 6037 2059 6086; x_wconf 90' lang='lat' dir='ltr'>in</span> <span class='ocrx_word' id='word_1_876' title='bbox 2074 6035 2235 6086; x_wconf 87' lang='lat' dir='ltr'>mutuatione</span> <span class='ocrx_word' id='word_1_877' title='bbox 2255 6037 2380 6100; x_wconf 68' lang='lat' dir='ltr'>rrecunlae</span> 
     </span>
     <span class='ocr_line' id='line_1_111' title="bbox 1422 6121 2379 6188; baseline 0.002 -18"><span class='ocrx_word' id='word_1_878' title='bbox 1422 6123 1572 6172; x_wconf 85' lang='lat' dir='ltr'>transfertur</span> <span class='ocrx_word' id='word_1_879' title='bbox 1593 6121 1702 6184; x_wconf 80' lang='lat' dir='ltr'>pecunia</span> <span class='ocrx_word' id='word_1_880' title='bbox 1724 6121 1748 6172; x_wconf 89' lang='lat' dir='ltr'>in</span> <span class='ocrx_word' id='word_1_881' title='bbox 1768 6121 1915 6174; x_wconf 88' lang='lat' dir='ltr'>dominium</span> <span class='ocrx_word' id='word_1_882' title='bbox 1928 6123 2050 6174; x_wconf 87' lang='lat' dir='ltr'>alienum.</span> <span class='ocrx_word' id='word_1_883' title='bbox 2066 6123 2095 6172; x_wconf 88' lang='lat' dir='ltr'>Et</span> <span class='ocrx_word' id='word_1_884' title='bbox 2112 6121 2190 6172; x_wconf 86' lang='lat' dir='ltr'>lruins</span> <span class='ocrx_word' id='word_1_885' title='bbox 2210 6121 2315 6184; x_wconf 71' lang='lat' dir='ltr'>signum</span> <span class='ocrx_word' id='word_1_886' title='bbox 2330 6127 2379 6188; x_wconf 81' lang='lat' dir='ltr'>est,</span> 
     </span>
     <span class='ocr_line' id='line_1_112' title="bbox 1421 6207 2379 6274; baseline 0.004 -16"><span class='ocrx_word' id='word_1_887' title='bbox 1421 6209 1484 6274; x_wconf 72' lang='grc' dir='ltr'><strong>θεῖε</strong></span> <span class='ocrx_word' id='word_1_888' title='bbox 1501 6223 1554 6260; x_wconf 89' lang='lat' dir='ltr'>non</span> <span class='ocrx_word' id='word_1_889' title='bbox 1572 6215 1675 6260; x_wconf 85' lang='lat' dir='ltr'>tenetur</span> <span class='ocrx_word' id='word_1_890' title='bbox 1700 6209 1768 6260; x_wconf 90' lang='lat' dir='ltr'>illam</span> <span class='ocrx_word' id='word_1_891' title='bbox 1789 6209 1899 6260; x_wconf 84' lang='lat' dir='ltr'>eandum</span> <span class='ocrx_word' id='word_1_892' title='bbox 1918 6223 2030 6262; x_wconf 84' lang='lat' dir='ltr'>munero</span> <span class='ocrx_word' id='word_1_893' title='bbox 2048 6207 2173 6272; x_wconf 84' lang='lat' dir='ltr'>reddere,</span> <span class='ocrx_word' id='word_1_894' title='bbox 2200 6211 2243 6260; x_wconf 83' lang='lat' dir='ltr'>sod</span> <span class='ocrx_word' id='word_1_895' title='bbox 2267 6211 2306 6260; x_wconf 88' lang='lat' dir='ltr'>tttt</span> <span class='ocrx_word' id='word_1_896' title='bbox 2318 6223 2379 6262; x_wconf 88' lang='lat' dir='ltr'>con·</span> 
     </span>
     <span class='ocr_line' id='line_1_113' title="bbox 1421 6293 2377 6358; baseline 0.001 -12"><span class='ocrx_word' id='word_1_897' title='bbox 1421 6293 1531 6346; x_wconf 86' lang='lat' dir='ltr'>similem</span> <span class='ocrx_word' id='word_1_898' title='bbox 1542 6315 1548 6358; x_wconf 70' lang='grc' dir='ltr'><strong><em>ς</em></strong></span> <span class='ocrx_word' id='word_1_899' title='bbox 1567 6295 1595 6346; x_wconf 89' lang='grc' dir='ltr'>ῖε</span> <span class='ocrx_word' id='word_1_900' title='bbox 1613 6293 1857 6347; x_wconf 87' lang='lat' dir='ltr'>accommodatione</span> <span class='ocrx_word' id='word_1_901' title='bbox 1869 6301 1959 6346; x_wconf 86' lang='lat' dir='ltr'>antem</span> <span class='ocrx_word' id='word_1_902' title='bbox 1978 6295 2073 6346; x_wconf 78' lang='lat' dir='ltr'>domus</span> <span class='ocrx_word' id='word_1_903' title='bbox 2093 6295 2132 6344; x_wconf 82' lang='lat' dir='ltr'>rel</span> <span class='ocrx_word' id='word_1_904' title='bbox 2153 6295 2213 6358; x_wconf 80' lang='grc' dir='ltr'><strong>θεεῖ</strong></span> <span class='ocrx_word' id='word_1_905' title='bbox 2232 6295 2377 6348; x_wconf 83' lang='grc' dir='ltr'><strong>(ῖθεῖῖεῖεεῖ</strong></span> 
     </span>
     <span class='ocr_line' id='line_1_114' title="bbox 1421 6385 1656 6434; baseline 0.009 -2"><span class='ocrx_word' id='word_1_906' title='bbox 1421 6395 1475 6432; x_wconf 92' lang='lat' dir='ltr'>non</span> <span class='ocrx_word' id='word_1_907' title='bbox 1494 6385 1656 6434; x_wconf 85' lang='lat' dir='ltr'>transfertur.</span> 
     </span>
    </p>

    <p class='ocr_par' dir='ltr' id='par_1_23' title="bbox 1421 6469 2378 6708">
     <span class='ocr_line' id='line_1_115' title="bbox 1493 6469 2376 6540; baseline 0.002 -14"><span class='ocrx_word' id='word_1_908' title='bbox 1493 6469 1514 6502; x_wconf 84' lang='lat'>¹⁰</span> <span class='ocrx_word' id='word_1_909' title='bbox 1535 6475 1645 6538; x_wconf 86' lang='lat' dir='ltr'>Vulgata</span> <span class='ocrx_word' id='word_1_910' title='bbox 1667 6475 1758 6526; x_wconf 88' lang='lat' dir='ltr'>omittit</span> <span class='ocrx_word' id='word_1_911' title='bbox 1788 6477 1824 6538; x_wconf 88' lang='lat' dir='ltr'>ei,</span> <span class='ocrx_word' id='word_1_912' title='bbox 1853 6475 1924 6538; x_wconf 82' lang='lat' dir='ltr'>quod</span> <span class='ocrx_word' id='word_1_913' title='bbox 1943 6481 2031 6526; x_wconf 74' lang='lat' dir='ltr'>tanuen</span> <span class='ocrx_word' id='word_1_914' title='bbox 2054 6473 2177 6526; x_wconf 76' lang='lat' dir='ltr'>exhibent</span> <span class='ocrx_word' id='word_1_915' title='bbox 2199 6475 2280 6540; x_wconf 83' lang='lat' dir='ltr'>Roda,</span> <span class='ocrx_word' id='word_1_916' title='bbox 2299 6473 2376 6528; x_wconf 84' lang='lat' dir='ltr'>Card.</span> 
     </span>
     <span class='ocr_line' id='line_1_116' title="bbox 1421 6559 2378 6628; baseline 0.001 -18"><span class='ocrx_word' id='word_1_917' title='bbox 1421 6561 1497 6624; x_wconf 82' lang='lat' dir='ltr'>lingo</span> <span class='ocrx_word' id='word_1_918' title='bbox 1514 6567 1540 6612; x_wconf 84' lang='lat' dir='ltr'>et</span> <span class='ocrx_word' id='word_1_919' title='bbox 1559 6561 1588 6610; x_wconf 83' lang='lat' dir='ltr'>ll.</span> <span class='ocrx_word' id='word_1_920' title='bbox 1607 6559 1705 6612; x_wconf 68' lang='lat' dir='ltr'>Athen.</span> <span class='ocrx_word' id='word_1_921' title='bbox 1727 6589 1762 6600; x_wconf 92' lang='lat'>-</span> <span class='ocrx_word' id='word_1_922' title='bbox 1782 6563 1839 6614; x_wconf 89' lang='lat' dir='ltr'>Duo</span> <span class='ocrx_word' id='word_1_923' title='bbox 1857 6577 1931 6628; x_wconf 79' lang='lat' dir='ltr'>seqq.</span> <span class='ocrx_word' id='word_1_924' title='bbox 1952 6563 1998 6614; x_wconf 85' lang='lat' dir='ltr'>lori</span> <span class='ocrx_word' id='word_1_925' title='bbox 2029 6569 2088 6612; x_wconf 85' lang='lat' dir='ltr'>sunt</span> <span class='ocrx_word' id='word_1_926' title='bbox 2108 6563 2125 6610; x_wconf 93' lang='lat' dir='ltr'>l.</span> <span class='ocrx_word' id='word_1_927' title='bbox 2147 6563 2213 6612; x_wconf 87' lang='lat' dir='ltr'>loon.</span> <span class='ocrx_word' id='word_1_928' title='bbox 2239 6565 2269 6624; x_wconf 88' lang='lat'>3,</span> <span class='ocrx_word' id='word_1_929' title='bbox 2294 6563 2334 6616; x_wconf 85' lang='lat' dir='ltr'>lS.</span> <span class='ocrx_word' id='word_1_930' title='bbox 2354 6571 2378 6616; x_wconf 85' lang='lat' dir='ltr'>et</span> 
     </span>
     <span class='ocr_line' id='line_1_117' title="bbox 1421 6647 1620 6708; baseline 0.005 -9"><span class='ocrx_word' id='word_1_931' title='bbox 1421 6649 1489 6700; x_wconf 91' lang='lat' dir='ltr'>loan.</span> <span class='ocrx_word' id='word_1_932' title='bbox 1509 6647 1557 6708; x_wconf 73' lang='lat' dir='ltr'>te,</span> <span class='ocrx_word' id='word_1_933' title='bbox 1583 6649 1620 6700; x_wconf 70' lang='lat' dir='ltr'>li.</span> 
     </span>
    </p>

    <p class='ocr_par' dir='ltr' id='par_1_24' title="bbox 1492 6731 1671 6786">
     <span class='ocr_line' id='line_1_118' title="bbox 1492 6731 1671 6786; baseline 0.006 -2"><span class='ocrx_word' id='word_1_934' title='bbox 1492 6731 1511 6762; x_wconf 83' lang='lat'>¹¹</span> <span class='ocrx_word' id='word_1_935' title='bbox 1534 6733 1609 6784; x_wconf 79' lang='lat' dir='ltr'>l&#39;ers.</span> <span class='ocrx_word' id='word_1_936' title='bbox 1628 6737 1671 6786; x_wconf 66' lang='lat' dir='ltr'>dd.</span> 
     </span>
    </p>

    <p class='ocr_par' dir='ltr' id='par_1_25' title="bbox 1422 6817 2378 6972">
     <span class='ocr_line' id='line_1_119' title="bbox 1491 6817 2378 6886; baseline 0.015 -18"><span class='ocrx_word' id='word_1_937' title='bbox 1491 6817 1512 6850; x_wconf 77' lang='lat'>²²</span> <span class='ocrx_word' id='word_1_938' title='bbox 1535 6821 1609 6872; x_wconf 77' lang='lat' dir='ltr'>t&#39;ers.</span> <span class='ocrx_word' id='word_1_939' title='bbox 1633 6823 1671 6872; x_wconf 85' lang='lat' dir='ltr'>te.</span> <span class='ocrx_word' id='word_1_940' title='bbox 1688 6847 1727 6860; x_wconf 87' lang='lat'><em>-</em></span> <span class='ocrx_word' id='word_1_941' title='bbox 1745 6823 1862 6874; x_wconf 85' lang='lat' dir='ltr'>Subinde</span> <span class='ocrx_word' id='word_1_942' title='bbox 1886 6823 2031 6886; x_wconf 78' lang='lat' dir='ltr'>allegantur</span> <span class='ocrx_word' id='word_1_943' title='bbox 2055 6823 2116 6886; x_wconf 80' lang='lat' dir='ltr'>Sap.</span> <span class='ocrx_word' id='word_1_944' title='bbox 2138 6823 2168 6886; x_wconf 87' lang='grc'>3,</span> <span class='ocrx_word' id='word_1_945' title='bbox 2192 6823 2230 6874; x_wconf 88' lang='lat' dir='ltr'>it.</span> <span class='ocrx_word' id='word_1_946' title='bbox 2258 6833 2283 6878; x_wconf 89' lang='grc' dir='ltr'>θῖ</span> <span class='ocrx_word' id='word_1_947' title='bbox 2301 6827 2378 6880; x_wconf 82' lang='lat' dir='ltr'>Ereti.</span> 
     </span>
     <span class='ocr_line' id='line_1_120' title="bbox 1422 6907 1589 6972; baseline 0 -14"><span class='ocrx_word' id='word_1_948' title='bbox 1422 6907 1470 6970; x_wconf 82' lang='lat' dir='ltr'>at,</span> <span class='ocrx_word' id='word_1_949' title='bbox 1490 6907 1514 6958; x_wconf 85' lang='lat'>8.</span> <span class='ocrx_word' id='word_1_950' title='bbox 1535 6921 1589 6972; x_wconf 79' lang='lat' dir='ltr'>seq.</span> 
     </span>
    </p>
   </div>
   <div class='ocr_carea' id='block_1_13' title="bbox 0 0 2954 8265">
    <p class='ocr_par' dir='ltr' id='par_1_26' title="bbox 0 0 2954 8265">
     <span class='ocr_line' id='line_1_121' title="bbox 0 0 2954 8265; baseline 0 0"><span class='ocrx_word' id='word_1_951' title='bbox 0 0 2954 8265; x_wconf 95' lang='lat' dir='ltr'> </span> 
     </span>
    </p>
   </div>
  </div>
 </body>
</html>
