5900 8266
565 537 630 604 att

562 719 742 796 peccatores
763 709 804 776 ad
825 709 1048 794 poenitentiam
1065 733 1096 788 »3
1125 711 1209 776 uode
1244 719 1275 778 et
1305 709 1449 778 Matthaei
1475 709 1520 774 ri-

563 815 681 900 gesimo
701 815 806 898 primo
833 815 954 880 dictum
979 820 1024 880 est
1050 815 1243 882 pharisaeis:
1272 843 1290 874 c<
1305 815 1465 881 Publiceni
1490 819 1520 880 et

563 921 745 988 meretrices
765 919 954 1004 praecedent
977 937 1032 988 ros
1056 919 1085 986 in
1110 937 1242 1006 regnum
1265 919 1320 988 Dei
1337 945 1369 984 ο.

650 1027 702 1092 dl.
730 1027 832 1092 Tertio
857 1027 948 1092 modo
972 1025 1103 1112 legitur,
1126 1033 1162 1092 ut
1186 1033 1297 1094 sonem
1319 1027 1351 1090 in
1375 1025 1518 1112 defectus

461 1147 542 1190 rene·
563 1131 747 1210 ur'rtuoroc,
770 1137 809 1198 ut
828 1131 976 1198 dicantur
996 1151 1162 1216 puaperes
1178 1139 1207 1198 et
1225 1131 1341 1198 debiles
1365 1137 1518 1216 quantum

445 1307 451 1318 ,
561 1235 599 1302 ad
625 1237 783 1324 propriam
809 1237 1060 1322 reputationem;
1091 1243 1122 1306 ot
1148 1237 1219 1304 illos
1250 1237 1377 1322 quidem
1406 1237 1517 1302 intelli·

560 1343 664 1428 gimus
686 1363 864 1430 puerperas,
887 1343 943 1428 qui
957 1363 1018 1410 non
1038 1345 1197 1410 confidunt
1220 1345 1258 1410 tle
1274 1343 1371 1408 nimia
1385 1343 1518 1428 eptolen-

562 1449 633 1526 du:
654 1447 694 1516 de
716 1449 833 1534 quihus
859 1449 1101 1516 Proverbiorum
1124 1447 1245 1516 decimo
1266 1447 1362 1516 tertio
1375 1449 1404 1512 1:
1434 1473 1449 1518 r
1467 1449 1517 1514 Est

561 1553 647 1640 quasi
673 1573 808 1640 pauper,
830 1573 903 1622 curn
929 1555 959 1620 in
986 1554 1092 1620 multis
1116 1555 1233 1620 divitiis
1248 1555 1288 1620 sit
1304 1579 1334 1632 n:
1358 1553 1427 1618 illos
1442 1571 1516 1620 nero

560 1657 694 1738 (taddeo,
722 1659 775 1746 qui
809 1679 872 1726 uon
902 1659 1065 1726 confidunt
1086 1659 1125 1726 de
1147 1677 1204 1726 sua
1229 1659 1374 1738 uirtute;
1395 1659 1515 1744 primae

560 1765 597 1832 ad
622 1765 797 1832 Corinthios
821 1765 942 1852 primo:
972 1765 1092 1848 «Quod
1117 1765 1275 1832 intumum
1303 1771 1350 1832 est
1372 1765 1427 1832 Dei
1450 1765 1515 1834 lor-

561 1873 624 1938 tius
645 1879 693 1938 est
714 1873 895 1938 hominihus
913 1897 944 1952 »3
968 1891 1100 1950 coecos,
1125 1873 1265 1958 quinon
1290 1873 1450 1940 confidunt
1478 1873 1515 1942 de

560 1979 795 2056 suasetentiu,
818 1977 849 2044 id
875 1983 935 2058 est,
965 1979 1020 2074 qui
1047 1987 1194 2064 reputant
1217 1999 1250 2050 se
1277 1999 1407 2062 oaeoos;
1431 1983 1513 2050 unde

559 2085 681 2152 loannis
701 2103 783 2152 nono
798 2087 826 2152 ²:
858 2087 918 2152 «Si
944 2087 1025 2156 caeci
1052 2087 1178 2170 essetis,
1200 2095 1365 2174 peccatum
1379 2107 1442 2156 non
1457 2079 1513 2156 ha4

559 2191 695 2274 beretis;
718 2211 805 2260 nunc
830 2201 956 2276 autem,
989 2195 1064 2282 quia
1093 2197 1212 2276 dicitis,
1244 2197 1318 2282 quia
1350 2197 1512 2276 ridemus;

559 2307 720 2386 peccatum
753 2309 893 2370 restrum
920 2309 1024 2380 manet
1042 2327 1071 2382 »;
1097 2305 1252 2386 clnrrdoo,
1276 2305 1329 2392 qui
1357 2323 1417 2370 non
1441 2321 1514 2370 con-

557 2409 657 2476 fidunt
689 2409 726 2476 de
758 2425 816 2476 sua
846 2409 1065 2488 rectitudine;
1095 2411 1180 2478 unde
1210 2411 1317 2490 Iacob,
1346 2417 1511 2496 postquam

558 2515 636 2582 uidit
665 2515 851 2596 Dominum,
884 2515 1001 2584 dicitur
1031 2517 1240 2596 claudicasse,
1267 2515 1394 2584 Genesis
1419 2515 1512 2600 trige-

558 2623 636 2688 simo
651 2623 799 2690 seeundo.
817 2625 903 2692 Tales
922 2623 1074 2690 Dominus
1088 2623 1277 2700 introducit,
1296 2623 1413 2688 scilicet
1425 2641 1513 2706 pou-

554 2745 648 2812 peree
685 2743 740 2812 per
773 2735 990 2810 contemptum
1019 2732 1165 2792 terrenae
1194 2727 1392 2808 opulentiae:
1431 2725 1513 2790 Psal-

557 2833 674 2900 musi:
703 2833 843 2898 «Parcet
868 2833 999 2916 pauperi
1022 2837 1055 2896 et
1075 2829 1158 2914 inopi
1178 2857 1193 2890 »
1222 2839 1299 2908 ο]ο.;
1322 2829 1440 2896 (debiles
1454 2847 1511 2912 per

558 2943 768 3022 contemptum
802 2937 947 3022 propriae
970 2935 1195 3016 confidentiae:
1220 2935 1314 3002 lsaiae
1337 2935 1512 3020 quadrage-

557 3045 653 3112 simo:
686 3031 774 3126 «Qui
800 3049 928 3126 sperant
949 3041 981 3106 in
1005 3041 1136 3106 Domino
1164 3041 1331 3108 mutabunt
1355 3039 1513 3106 fortitudi-

557 3167 628 3216 nem
644 3173 675 3226 »;
699 3165 813 3212 croceos
833 3165 891 3232 per
916 3155 1130 3232 contemptum
1152 3145 1302 3232 propriae
1316 3145 1509 3226 industriae;

554 3253 676 3320 loannis
698 3271 801 3320 nono:
830 3279 846 3312 «
863 3255 893 3320 ln
919 3253 1070 3320 iudicium
1092 3271 1149 3340 ego
1175 3253 1245 3320 reni
1266 3253 1300 3318 in
1316 3255 1401 3320 hunc
1420 3271 1510 3318 mun-

554 3359 644 3436 dum,
668 3357 781 3444 utqui
806 3377 869 3424 non
891 3357 1014 3436 rident,
1029 3357 1164 3426 'rideant
1187 3367 1262 3438 etc.;
1289 3359 1426 3424 eluredus
1451 3375 1509 3442 pet

553 3469 766 3550 contemptum
779 3465 926 3548 propriae
938 3463 1087 3544 institiae:
1106 3463 1508 3550 lsaiaetrigesimoquinto:

559 3573 679 3664 «Tunc
701 3571 789 3636 saliet
821 3571 900 3636 sicut
935 3589 1047 3638 cerrus
1078 3571 1227 3650 claudus,
1251 3576 1281 3636 et
1313 3575 1422 3654 aperta
1448 3571 1509 3636 erit

553 3677 658 3760 lingua
683 3685 842 3742 mutorum
862 3703 890 3742 a.
910 3713 951 3724 -
969 3679 1005 3742 Ε]
1020 3695 1079 3760 pro
1095 3677 1145 3742 his
1155 3677 1307 3760 ¹omnihus
1322 3675 1438 3742 dicitur
1454 3693 1507 3742 su-

551 3801 609 3868 pra
634 3783 803 3868 septimo4:
832 3811 848 3842 ι(
865 3785 951 3850 Caeci
969 3785 1092 3862 rident,
1112 3783 1212 3850 claudi
1229 3783 1400 3860 ambulant,
1420 3783 1505 3850 surdi

551 3889 699 3970 audiunt,
731 3889 849 3958 mortui
883 3897 1071 3976 resurgunt,
1108 3907 1263 3976 pauperes
1295 3889 1506 3974 evangelizan-

551 4005 603 4064 tur
618 4021 648 4078 a:
673 3997 747 4082 quia
768 3997 827 4080 ipsi
850 3997 891 4064 ad
914 3997 1008 4062 vitam
1034 3997 1279 4064 introducuntur
1297 4003 1327 4064 et
1343 4003 1505 4062 vocantur.

466 4111 530 4162 rot..
550 4141 594 4150 -
611 4105 646 4168 Et
663 4103 713 4170 hic
730 4103 860 4170 ultimus
883 4103 1061 4170 intellectus
1082 4103 1206 4170 ridetur
1232 4103 1327 4190 magis
1352 4119 1506 4170 consonus

550 4209 924 4296 praecedentibusque
953 4235 967 4268 r<
980 4211 1066 4276 Deus
1087 4209 1233 4298 superbis
1256 4211 1414 4276 resistit».

512 4317 515 4324 “
592 4347 593 4350 ¹
638 4315 917 4400 derversem).
942 4315 1089 4398 Secundo
1122 4323 1274 4402 quantum
1299 4317 1336 4384 ad
1361 4317 1505 4404 eorrtput-

404 4437 525 4502 compunt
548 4423 672 4488 sionnam
695 4423 945 4510 negligentium,
970 4441 1053 4510 qnae
1068 4423 1211 4510 sequitur
1228 4423 1423 4490 vocationem
1445 4425 1505 4492 hu·

410 4495 520 4588 ”bibli
548 4527 688 4610 milium,
711 4529 834 4596 subdit:
852 4531 892 4596 Ε]
915 4529 964 4596 uit
978 4549 1115 4596 errores:
1133 4529 1279 4608 Pontiae,
1297 4527 1499 4618 factumest,

548 4641 587 4702 ut
608 4635 791 4720 irnperosti,
817 4645 843 4702 et
869 4633 978 4702 erlbac
1003 4637 1091 4704 tecua
1116 4645 1177 4712 ert,-
1199 4637 1353 4720 quianon
1371 4642 1505 4704 tolsunt

546 4741 704 4822 hirmitec,
727 4749 807 4830 quot
828 4743 1050 4828 praedestinati
1073 4743 1111 4810 ad
1135 4741 1251 4824 vitam,
1274 4761 1336 4810 non
1362 4749 1406 4810 tot
1430 4751 1504 4812 οοο]

548 4849 587 4916 ad
611 4849 705 4916 ritum
721 4857 882 4918 aeternam
896 4849 1081 4916 uoluntarii
1088 4899 1098 4928 ,
1117 4855 1194 4936 quot
1208 4857 1282 4916 sunt
1300 4869 1317 4916 a
1332 4849 1395 4916 Deo
1412 4867 1502 4936 prae-

478 4981 480 4984 ·
548 4953 703 5020 destinati.
943 4941 948 4952 ’

618 5047 687 5124 'lu
710 5061 812 5144 (Vera.
836 5061 912 5146 23).
947 5061 1016 5128 ldeo
1048 5059 1169 5128 subdit:
1202 5061 1243 5126 Ε]
1272 5061 1322 5128 uit
1345 5059 1502 5128 deminus

394 5177 525 5276 qureideqiqq
545 5183 657 5230 seruo:
686 5167 749 5230 Eri
770 5165 806 5230 ire
829 5167 902 5232 uiuo
926 5173 956 5232 et
968 5185 1068 5252 ceper.
1085 5167 1142 5234 Per
1157 5165 1233 5230 eius
1249 5173 1276 5232 ct
1292 5185 1399 5250 seper,
1419 5181 1501 5248 quae

438 5295 482 5338 res.
546 5275 622 5336 sunt
643 5277 733 5338 entra
758 5273 870 5338 urbem
882 5271 1125 5356 ,intelliguntur
1140 5279 1336 5356 peccatores,
1355 5269 1410 5356 qui
1427 5275 1500 5336 suut

548 5379 643 5442 entra
664 5375 902 5442 ecclesiasticam
936 5375 1106 5456 unitatem,
1130 5381 1160 5444 et
1192 5375 1327 5440 rnaninne
1360 5375 1500 5460 gentiles

617 5675 626 5706 ¹
647 5681 719 5732 Vens.
739 5679 765 5730 7.
782 5707 818 5718 -
837 5679 959 5746 Sequitur
978 5683 996 5734 l.
1015 5679 1075 5734 Cor.
1088 5681 1118 5744 l,
1136 5681 1185 5742 ]5,
1199 5681 1224 5732 in
1239 5683 1314 5734 citius
1325 5683 1378 5734 hnc
1389 5681 1408 5736 G
1419 5683 1500 5734 DFG

542 5773 585 5824 ert
599 5767 722 5824 erunibus
742 5767 902 5822 homiuibus.
920 5797 956 5808 -
975 5769 1101 5834 Superius
1127 5773 1186 5836 post
1203 5773 1236 5824 ut
1256 5769 1383 5824 dicuntur
1397 5785 1500 5840 polipe-

506 5881 509 5888 ·
539 5873 585 5914 res
607 5863 662 5912 Vnt.
684 5859 777 5912 omittit
795 5861 822 5912 et
837 5855 951 5922 debltes;
969 5859 1016 5912 scd
1035 5861 1081 5910 ch.
1101 5859 1128 5912 in
1145 5863 1205 5912 nota
1223 5861 1390 5928 praecedenti
1416 5859 1499 5914 rerba

541 5947 669 6012 Gregorii.

610 6033 621 6066 ²
643 6037 716 6090 Pers.
736 6037 778 6088 ll.
795 6063 832 6076 -
848 6033 967 6088 Subinde
986 6037 1113 6102 allegatur
1131 6039 1191 6088 Gen.
1211 6039 1260 6106 32,
1279 6039 1322 6090 at.

609 6123 732 6179 ⁸Psahn.
754 6126 801 6190 71,
823 6127 864 6178 ]3.
883 6155 917 6166 -
939 6127 1005 6178 Tres
1030 6141 1104 6196 seqq.
1133 6127 1182 6182 loci
1208 6135 1268 6182 sunt
1295 6127 1351 6180 lsai.
1378 6127 1425 6192 td,
1447 6129 1475 6180 3l
1490 6147 1497 6192 3

484 6215 485 6220 ’
540 6217 610 6270 lonn.
632 6217 660 6278 9,
682 6217 722 6268 39.
743 6223 768 6268 ο]
784 6217 840 6268 lsai.
860 6217 907 6280 35,
929 6217 953 6266 6.

606 6301 618 6332 ⁴
639 6303 712 6358 Vens.
731 6307 774 6356 22.
792 6331 829 6346 ·-
847 6303 964 6358 Subinde
984 6305 1111 6370 allegatur
1130 6307 1146 6358 l.
1165 6307 1232 6358 Patr.
1253 6307 1279 6370 5,
1295 6307 1320 6358 a.
1333 6305 1392 6372 (lac.
1407 6307 1436 6370 4,
1450 6305 1498 6372 b).

607 6391 618 6420 ⁵
639 6391 707 6446 Lihr.
726 6393 755 6446 ll.
772 6393 865 6446 llomil
885 6393 910 6444 in
932 6395 1029 6458 Erang.
1050 6397 1139 6448 homil.
1158 6395 1202 6448 36.
1220 6409 1248 6448 n.
1266 6397 1290 6460 8,
1311 6399 1335 6446 el
1354 6395 1382 6446 in
1404 6396 1497 6446 Glussa

538 6479 681 6536 ordr'rturt'c
700 6481 771 6546 apud
787 6483 919 6546 Lpranum
940 6481 963 6532 in
983 6483 1044 6534 Luc.
1068 6481 1114 6544 tl,
1135 6485 1178 6534 23.
1200 6509 1234 6520 -·
1253 6481 1416 6534 detinuimus
1436 6495 1495 6534 cunr

536 6571 595 6622 Vat.
615 6569 777 6638 Gregorius,
795 6583 843 6634 pro
863 6583 916 6638 quo
938 6569 1014 6622 codd.
1032 6569 1202 6624 Ambrosius.

560 6681 563 6684 ·
608 6655 708 6712 6Εοοο
725 6661 852 6712 sententia
873 6657 1019 6712 insinuator
1037 6673 1053 6710 a
1073 6659 1212 6724 Gregorio,
1232 6659 1280 6710 loc.
1300 6657 1341 6708 cit.
1361 6673 1386 6710 n.
1406 6659 1496 6724 o;cr.

536 6757 617 6808 supra
638 6759 699 6810 pag.
721 6747 783 6808 tto,
802 6753 862 6800 uota
882 6749 905 6800 9.
926 6747 1036 6800 -Duo
1058 6759 1133 6814 seqq.
1150 6747 1200 6796 loci
1219 6751 1278 6796 οοο]
1298 6745 1336 6796 Ps.
1352 6745 1399 6808 77,
1414 6745 1455 6798 al.
1469 6751 1496 6798 et

534 6835 564 6886 ll.
584 6835 650 6886 Tim.
671 6835 702 6898 l,
720 6839 746 6888 Ε.

1143 533 1338 604 contutant.
1364 537 1401 602 ΙΝ
1425 533 1663 600 ΕΕΑΝΕΕΕΙΕΜ
1685 531 1802 598 ΕΕΕΑΕ
1828 531 1860 598 C.
1885 531 1960 598 xiv.
1991 605 1992 608 Ἴ

1583 709 1670 776 Unde
1691 709 1885 794 Gregorius⁵
1898 733 1913 774 :w
1934 735 1950 766 κ
1967 709 2043 774 Cum
2065 709 2106 776 de
2127 709 2212 774 olcis
2238 715 2269 774 ct
2287 709 2407 796 pluteis
2428 715 2536 790 vocat,

1583 815 1712 880 ludaeos
1735 815 1902 898 significat,
1919 815 1973 898 qui
1989 819 2097 880 tenere
2117 815 2229 898 Legem
2244 815 2443 904 suburbana
2465 833 2537 880 con-

1582 919 1757 988 versatione
1782 925 1950 998 noverant3
1977 903 2178 988 comantem
2202 919 2239 986 de
2263 919 2327 988 otis
2350 929 2378 986 et
2405 919 2536 1006 sepibus

1583 1033 1689 1104 vocat,
1713 1031 1866 1110 agrestem
1889 1027 2042 1110 poputum
2057 1025 2410 1112 gentiumsignihcat».
2426 1027 2465 1092 Ε]
2478 1045 2536 1112 per

1583 1131 1665 1196 hanc
1686 1129 1813 1196 eandem
1841 1131 1992 1198 rationem
2016 1131 2114 1198 ceteri
2130 1137 2319 1218 percuteres
2343 1137 2474 1216 possunt
2488 1131 2537 1198 iu·

1582 1235 1677 1320 telligi
1701 1241 1734 1300 et
1766 1233 1905 1300 mraxime
1934 1235 2036 1322 pigri,
2057 1237 2112 1322 qui
2148 1235 2184 1302 ad
2220 1237 2339 1304 bonum
2361 1237 2535 1302 trahuntur

1581 1343 1680 1408 inriti.
1704 1379 1749 1390 —
1772 1341 1858 1408 Unde
1879 1341 2002 1408 subdit:
2031 1345 2070 1410 Ε]
2101 1343 2247 1430 conrpclla
2280 1345 2424 1422 intrare,
2456 1361 2537 1410 com·

1580 1451 1749 1516 minatione
1772 1449 1888 1516 scilicet
1912 1457 2112 1518 aeternorum
2135 1451 2361 1536 suppliciorum
2385 1457 2535 1518 etosten-

1580 1555 1668 1622 sione
1700 1555 1931 1638 praesentium
1968 1555 2058 1640 quia,
2100 1557 2179 1624 sicut
2219 1557 2296 1624 dicit·
2328 1555 2496 1642 Gregorius
2510 1557 2534 1636 ⁶,

1586 1687 1602 1720 «
1618 1663 1716 1738 mala,
1741 1677 1820 1744 quae
1846 1677 1903 1726 nos
1925 1661 1977 1726 hic
1999 1669 2167 1744 premunt,
2189 1663 2229 1728 ad
2250 1663 2352 1730 Deum
2374 1663 2421 1730 ire
2450 1679 2534 1730 com-

1578 1767 1700 1852 pellunt
1718 1789 1747 1846 »3
1772 1765 2010 1852 propterquod
2034 1767 2064 1832 in
2090 1767 2226 1832 Psalmo:
2256 1769 2361 1834 «Cum
2378 1769 2535 1836 occideret

1555 1889 1650 1950 eos,
1675 1873 1868 1956 quaerebant
1890 1889 1964 1936 eum
1980 1897 2010 1936 u.
2036 1871 2121 1936 Unde
2153 1871 2211 1936 hos
2240 1873 2399 1954 compellit
2420 1891 2535 1938 servus

1577 1979 1647 2056 Dei,
1673 1977 1799 2062 quando
1819 1995 1873 2044 eos
1898 1983 1995 2044 terret
2026 1975 2263 2044 comminatione
2288 1975 2463 2044 severitatis
2484 1975 2533 2042 iu-

1577 2083 1665 2164 dicii,
1681 2083 1854 2150 secundum
1869 2083 1944 2150 illud
1964 2083 2118 2152 secundae
2133 2083 2172 2150 ad
2187 2083 2386 2150 Timotheum
2405 2089 2532 2168 quarto:

1582 2217 1599 2252 «
1617 2191 1759 2260 Praedica
1784 2191 1930 2272 uerbum,
1955 2191 2037 2258 insta
2057 2197 2250 2278 opportune,
2277 2189 2466 2274 importune,
2482 2207 2533 2254 ar-

1576 2317 1647 2386 gue,
1661 2297 1800 2380 obsecra,
1811 2299 1938 2384 increpa
1954 2325 1972 2358 a
1991 2303 2049 2366 etc.
2068 2337 2110 2346 --
2127 2299 2165 2364 Ε]
2177 2295 2265 2364 rollo
2280 2297 2373 2362 huius
2387 2301 2432 2362 est
2449 2313 2533 2362 com·
2550 2311 2622 2354 nano.

1577 2407 1768 2490 piamentum
1795 2405 1920 2470 numeri
1942 2405 2132 2482 electorum:
2160 2405 2240 2470 unde
2264 2401 2386 2470 subdit:
2416 2401 2455 2466 Ut
2471 2401 2532 2468 im-

1574 2513 1709 2596 plectur
1734 2509 1853 2576 eternus
1873 2529 1967 2590 meu,
1990 2509 2137 2578 Glossat:
2168 2509 2338 2578 «Numero
2360 2509 2532 2594 praedesti-

1575 2623 1724 2682 naturum
1746 2617 1903 2692 fidelium,
1927 2617 1982 2698 qui
2011 2629 2166 2682 numerus
2191 2615 2370 2700 inexpletus
2396 2633 2457 2680 non
2482 2633 2531 2682 re-

1576 2721 1715 2788 manebit
1731 2747 1760 2796 »,
1778 2721 1815 2786 de
1831 2737 1895 2804 quo
1910 2737 2043 2784 numero
2057 2719 2254 2802 hpocalppsis
2271 2727 2375 2786 sexto:
2399 2721 2531 2788 «hdhuc

1576 2825 1728 2890 srrstinete
1750 2811 1910 2890 modicum
1932 2831 2069 2906 tempus,
2099 2823 2195 2890 donec
2223 2823 2393 2908 impleatur
2419 2843 2531 2892 nume-

1575 2947 1632 2994 rus
1643 2929 1780 2994 fratrum
1801 2933 1980 2994 vestrorum
1993 2955 2022 2992 u.
2039 2929 2115 2994 llaec
2130 2947 2207 3014 ergo
2225 2929 2343 2996 domos
2355 2929 2529 3016 inoptatae,
2553 3019 2554 3022 Ἴ

1575 3035 1700 3120 quando
1714 3035 1854 3102 saluatur
1866 3035 2055 3102 universitas
2070 3037 2253 3114 electorum,
2267 3035 2434 3120 dequibus
2450 3037 2529 3122 hpo-
2549 3021 2550 3024 ¹

1575 3141 1708 3226 oaqpsts
1733 3141 1907 3226 septimo⁸z
1930 3143 2028 3208 «Post
2046 3143 2120 3208 haec
2138 3141 2199 3208 ridi
2219 3143 2344 3209 turbam
2366 3161 2529 3226 maguam,

1574 3265 1671 3334 quam
1692 3247 1893 3316 dinumerare
1917 3265 2007 3314 nemo
2031 3253 2154 3334 poterat
2170 3271 2199 3328 »;
2217 3255 2247 3316 et
2261 3249 2461 3336 Apocalypsis
2477 3251 2529 3318 de-

1574 3353 1655 3420 cimo
1686 3360 1820 3438 quarto:
1860 3355 1959 3422 «Vidi
1995 3373 2093 3440 supra
2126 3361 2264 3424 montem
2300 3355 2371 3422 Sion
2408 3357 2528 3440 ,ignum

1573 3465 1704 3526 stantem
1731 3465 1759 3528 et
1786 3481 1857 3528 curn
1880 3479 1918 3528 eo
1932 3487 1947 3520 »
1979 3465 2047 3540 etc.;
2070 3467 2104 3528 et
2124 3461 2158 3528 in
2180 3463 2305 3530 Cantico
2335 3463 2529 3532 Deuterono-

1573 3569 1625 3634 mii
1650 3567 1819 3658 trigesimo
1835 3567 2009 3636 secundot:
2042 3569 2182 3634 «Statuit
2214 3571 2365 3636 terminos
2398 3573 2529 3654 populo-

1572 3693 1643 3740 rum
1670 3675 1760 3742 iuxta
1784 3693 1951 3742 numerum
1976 3673 2113 3742 liliorum
2136 3675 2231 3742 lsrael
2246 3701 2278 3756 »ς
2295 3675 2348 3742 ubi
2365 3675 2439 3742 dicit
2456 3677 2529 3746 Gre-

1571 3777 1692 3864 gorius,
1718 3780 1803 3866 quod
1830 3807 1848 3840 «
1864 3787 1909 3848 ]ο]
1938 3781 2145 3848 salvabuntur
2176 3781 2337 3860 homines,
2368 3785 2445 3865 quot
2468 3783 2528 3850 hu-

1571 3883 1630 3974 geli
1654 3895 1810 3956 steterunt
1825 3913 1857 3952 u.
1880 3885 2039 3972 Quidquid
2061 3893 2165 3952 tamen
2188 3887 2229 3952 sit
2243 3887 2283 3952 de
2306 3889 2381 3966 hoc,
2405 3895 2526 3956 certum

1571 4001 1634 4072 est,
1659 3995 1744 4080 quod
1765 3991 1932 4078 perfectus
1955 3993 2015 4060 erit
2039 4009 2190 4060 numerus
2215 3993 2405 4072 electorum3
2422 3993 2454 4058 in
2472 4013 2526 4086 cu-

1570 4101 1620 4168 ius
1642 4099 1779 4186 figurant
1804 4099 1920 4168 dicitur
1940 4099 2175 4166 Deuteronomil
2189 4099 2352 4184 trigesimo
2374 4099 2468 4166 tertio
2481 4103 2525 4170 ¹⁰:

1574 4233 1590 4266 «
1608 4207 1758 4290 Apparuit
1781 4205 1818 4274 de
1846 4213 1950 4272 monte
1976 4205 2112 4286 Pharan,
2135 4213 2260 4274 etcum
2287 4223 2322 4272 eo
2340 4207 2523 4276 Sanctorum

1570 4313 1713 4382 millia».

1659 4423 1709 4488 ho.
1741 4421 1840 4504 (Vens.
1868 4421 1943 4502 ah).
1975 4421 2077 4486 Tertio
2102 4425 2253 4504 quantum
2291 4421 2328 4486 ad
2363 4421 2690 4504 rependo-neumnen-
2770 4459 2771 4464 κ

2540 4489 2688 4534 torquentium.

1559 4545 1641 4594 nem
1667 4525 1940 4594 contemnentium
1970 4523 2149 4612 subiungit:
2177 4525 2253 4592 Dr'eo
2279 4533 2388 4592 nutem
2414 4527 2522 4608 cobis,

1568 4633 1656 4722 qtcod
1670 4651 1762 4700 nemo
1781 4633 1935 4702 utrorum
1958 4633 2104 4712 illorum,
2127 4633 2187 4720 qui
2201 4633 2310 4700 oooott
2324 4641 2419 4712 sunt,
2435 4639 2468 4700 et
2490 4653 2523 4704 se

1568 4747 1803 4808 excusaverunt
1816 4741 1853 4822 1¹,
1868 4739 2015 4826 purtobt't
2032 4759 2166 4804 coenum
2180 4757 2289 4804 meone
2298 4763 2309 4816 ;
2325 4739 2400 4824 quia
2417 4739 2522 4810 nullus

1567 4847 1606 4912 ad
1629 4863 1758 4912 coenam
1782 4847 1866 4912 illam
1889 4845 2040 4930 pertingit
2061 4845 2120 4912 nisi
2138 4843 2291 4924 ‘humilis;
2307 4845 2450 4912 llatthaei
2470 4847 2522 4914 de

1567 4951 1646 5018 cinno
1670 4957 1798 5018 octavo:
1826 4951 1923 5014 «Nisi
1946 4951 2089 5014 conversi
2123 4949 2247 5014 fueritis
2282 4955 2313 5014 et
2345 4949 2520 5018 efficiamini

1566 5059 1646 5124 sicut
1670 5057 1812 5142 parvuli,
1836 5073 1898 5122 non
1923 5053 2077 5122 intrabitis
2102 5055 2133 5120 in
2159 5073 2290 5140 regnum
2313 5055 2472 5122 caelorum
2488 5085 2519 5138 »3

1565 5161 1647 5228 unde
1680 5169 1710 5228 et
1742 5161 1773 5226 in
1810 5161 1930 5228 Psalmo
1958 5161 2092 5228 dicitur:
2122 5161 2253 5246 «Quam
2278 5179 2388 5248 magna
2413 5163 2519 5230 multi-

1565 5269 1640 5334 tudo
1664 5267 1836 5336 dulcedinis
1864 5273 1953 5346 tuae,
1979 5267 2125 5348 Domine,
2150 5285 2246 5354 quarn
2270 5269 2457 5336 abscondisti
2483 5269 2520 5336 ti-

1566 5373 1725 5440 mentibus
1749 5381 1779 5440 te
1795 5381 1825 5440 »t
1859 5373 2059 5440 Timentibus
2081 5373 2164 5440 enim
2188 5373 2338 5440 Donninus
2363 5383 2519 5458 reservat,

1634 5677 1643 5710 ²
1664 5681 1764 5734 Scilicet
1784 5679 1976 5736 beterlineurrb.
1995 5709 2028 5720 ν’-
2049 5679 2164 5734 Subinde
2183 5681 2307 5746 allegatur
2325 5681 2409 5746 npoo.
2426 5681 2457 5744 6,
2474 5681 2517 5746 ll,

1562 5771 1632 5824 lurda
1655 5773 1814 5834 Responsor.
1831 5773 1887 5824 lect.
1910 5773 1935 5824 a.
1952 5771 2031 5836 primi
2051 5773 2121 5824 hort.
2140 5771 2169 5822 in
2187 5771 2251 5822 testo
2271 5773 2310 5822 Ss.
2330 5769 2517 5824 innocentium.

1562 5861 1611 5912 Pro
1630 5857 1751 5922 butro-m
1768 5863 1923 5914 uestrorum
1941 5861 2029 5926 plnres
2049 5859 2126 5912 codd.
2143 5859 2264 5926 tintcum
2285 5863 2451 5914 recoluerunt.

1631 5941 1641 5974 ⁸
1663 5949 1736 6000 Vens,
1757 5951 1787 6012 ll,
1808 5949 1848 6002 cui
1868 5947 2037 6014 subiungitur
2057 5949 2104 6014 ld,
2125 5948 2148 6000 l.

1631 6031 1737 6090 9Εοιο.
1756 6041 1782 6090 8.
1810 6067 1844 6076 -
1873 6039 2002 6092 Sententia
2030 6037 2148 6102 Gregorii
2178 6035 2288 6090 hahetur
2312 6037 2341 6088 tt.
2370 6037 2464 6090 llomil.
2492 6037 2517 6088 in

1561 6129 1659 6192 Erang.
1680 6127 1767 6180 homil.
1790 6129 1829 6180 al.
1851 6143 1877 6180 n.
1898 6129 1944 6194 ll3
1964 6133 2010 6180 olr.
2030 6133 2093 6178 torn.
2114 6127 2138 6178 ll.
2159 6139 2220 6190 pag.
2240 6125 2305 6192 net,
2324 6131 2384 6178 nola
2406 6128 2428 6178 l.

1631 6211 1653 6244 ¹⁰
1675 6217 1748 6270 Pers.
1767 6219 1782 6268 2
1791 6237 1799 6280 ;
1817 6215 1881 6268 ibid.
1895 6231 1922 6268 v.
1937 6217 1960 6268 3.
1980 6215 2088 6268 dieitur:
2108 6215 2202 6268 Omnes
2220 6215 2307 6268 Sancti
2318 6215 2345 6266 in
2360 6229 2438 6268 manu
2452 6215 2518 6270 illius

1562 6311 1649 6364 sunt..

1631 6391 1650 6434 Ε
1672 6395 1761 6448 Glossa
1780 6391 1961 6448 iratertbreuris
1977 6393 2016 6460 (en
2031 6393 2154 6458 Gorgon,
2169 6395 2195 6444 ll.
2208 6393 2303 6446 llomil.
2321 6391 2349 6444 in
2363 6395 2461 6456 Erang.
2475 6397 2518 6444 ho-

1560 6483 1614 6534 mil.
1633 6483 1674 6534 36.
1693 6499 1717 6534 u.
1741 6481 1808 6548 l⁰·)²
1827 6481 1911 6536 Nemo
1926 6479 2049 6534 uirorum
2061 6479 2187 6546 illorum,
2201 6481 2394 6544 excursantium,
2415 6481 2462 6550 qut
2474 6493 2517 6536 οο-

1560 6569 1613 6624 cati
1629 6573 1705 6634 serrat,
1726 6567 1845 6636 procreate
1864 6583 1973 6622 cornum
1992 6583 2092 6634 incurat,
2113 6571 2160 6622 etsi
2174 6583 2220 6634 per
2233 6585 2316 6624 seram
2331 6571 2516 6636 poenitentiam

1559 6659 1698 6724 aliquando
1715 6659 1814 6710 intrare
1832 6663 1974 6724 quaeram:
1994 6657 2064 6710 unde
2081 6657 2177 6710 dieitur
2195 6657 2296 6726 [llatth.
2311 6661 2360 6724 23,
2375 6659 2427 6726 lm]
2440 6657 2517 6710 fatuis

1559 6745 1720 6810 rtrgtnthos:
1742 6745 1825 6800 Amen
1844 6745 1902 6798 dico
1925 6743 2007 6810 nobb,
2027 6745 2197 6814 recrederet:
2216 6761 2296 6800 nemo
2318 6759 2382 6812 ergo
2409 6751 2518 6798 vocatos

1560 6841 1664 6888 exctrset
1684 6849 1719 6888 se.
1739 6861 1772 6874 -
1793 6835 1848 6886 Duo
1868 6847 1941 6902 seqq.
1961 6835 2010 6888 loci
2029 6839 2088 6886 sont
2108 6835 2193 6886 llatth.
2214 6835 2261 6898 la,
2276 6837 2307 6902 3,
2319 6841 2345 6888 et
2359 6837 2396 6886 Ps.
2412 6835 2460 6902 ab,
2474 6835 2514 6890 ab.
