5900 8266
296 1387 426 1434 Secundam.

322 2447 426 2508 Tertium.

444 549 509 626 'arr

443 733 529 818 quod
552 753 614 802 nou
636 733 732 802 fiebat
746 739 818 802 ante
833 733 1002 800 salvatoris
1017 733 1212 812 adventum,
1229 733 1402 800 6666666666
1461 713 1463 716 ’

443 839 522 904 iilud
547 839 639 908 Isaiae
663 841 810 924 primo1:
839 841 993 906 «Vulnus
1015 845 1048 906 ei
1080 840 1162 906 livor
1184 845 1215 906 et
1239 841 1329 924 plaga
1354 845 1404 906 tu-

1055 555 1248 624 contraiis.
1272 557 1310 624 IN
1333 553 1571 626 EVANGELIUM
1597 551 1713 620 idota
1737 553 1770 620 C.
1793 551 1829 618 X.

1564 729 1656 796 Circa
1680 727 1878 796 rationalem
1908 735 2014 798 autem
2041 733 2320 816 comparationem
2349 751 2427 818 que·
2445 747 2594 854 gggggffl·

1469 843 1542 904 tuor
1562 835 1824 904 introducuntur:
1846 835 1983 922 primum
2005 841 2052 930 est
2072 837 2276 918 consortium
2294 837 2427 904 divinae
2458 853 2584 898 rationalem

2465 907 2580 960 tanguntur

443 961 534 1040 meus
557 961 619 1012 nou
653 949 701 1012 est
736 943 951 1030 circumligata
975 961 1033 1012 neo
1062 949 1173 1012 curata
1199 943 1404 1012 medicamine
1464 941 1695 1028 praesentiae,
1728 943 1902 1009 secundum
1925 947 1975 1008 est
2000 941 2105 1008 oticcm
2135 941 2425 1026 contemplativae,
2473 965 2573 1012 6666.

444 1067 550 1136 neque
570 1049 633 1116 iota
657 1051 726 1118 oleo
741 1075 771 1114 ».
798 1051 858 1118 Sed
886 1051 947 1116 boo
981 1051 1101 1118 iactum
1124 1057 1173 1118 est
1194 1057 1265 1134 post
1288 1049 1404 1118 Christi

446 1153 636 1234 adventum;
661 1153 746 1222 unde
779 1155 900 1240 primae
924 1153 1005 1222 Petri
1031 1153 1185 1222 secundo:
1216 1153 1308 1240 «Qui
1332 1171 1404 1240 pec-

446 1267 515 1326 cata
530 1267 637 1326 nostra
653 1261 720 1344 ipse
736 1261 867 1346 pertulit
881 1261 914 1324 66
931 1279 1063 1346 corpore
1079 1279 1137 1326 suo
1154 1279 1250 1346 super
1267 1260 1403 1346 iignum,

445 1363 480 1432 66
509 1363 609 1432 livore
642 1365 711 1432 eius
746 1365 845 1432 sanati
875 1381 1035 1432 snmus».
1064 1401 1107 1414 --
1134 1365 1284 1433 Adhibuit
1310 1367 1404 1432 etiam

445 1467 651 1548 coticulam,
676 1475 706 1536 et
730 1471 790 1538 boo
813 1489 870 1556 per
890 1471 1044 1558 gratiam
1064 1471 1231 1538 oirtntnm
1252 1477 1283 1536 et
1305 1471 1405 1540 dono-

446 1597 546 1656 rum,
569 1595 627 1662 per
650 1595 746 1662 quam
768 1577 918 1644 vehimur
940 1575 1161 1642 instabulum
1177 1579 1339 1658 Ecclesiae,
1357 1575 1405 1648 se'·

446 1681 583 1750 eundum
608 1681 686 1748 iilud
708 1681 866 1750 Psalmi2:
895 1681 1041 1750 «Beatus
1071 1683 1137 1762 vir,
1163 1681 1254 1750 onius
1278 1687 1324 1750 est
1349 1703 1404 1752 au-

444 1785 561 1854 xilinm
581 1787 638 1852 abs
662 1795 710 1866 te;
735 1787 932 1856 ascensiones
966 1789 998 1852 in
1033 1789 1127 1854 corde
1151 1775 1210 1854 suo
1232 1789 1404 1874 disposuit,

444 1893 477 1960 iu
501 1895 580 1960 valle
605 1893 816 1978 lacrymarum
832 1917 865 1972 »3
881 1899 914 1960 et
935 1901 1023 1978 post:
1047 1895 1199 1960 «Etenim
1215 1893 1404 1963 benedictio-

444 2017 516 2066 nem
542 1999 627 2068 dabit
648 1999 821 2086 legislator,
845 1999 937 2066 ibunt
958 1999 998 2068 de
1019 1999 1139 2068 virtute
1155 1999 1187 2068 in
1208 2001 1360 2068 virtutem
1373 2029 1404 2068 6.

444 2107 483 2172 iit
505 2107 564 2174 boo
587 2105 714 2192 quidem
739 2107 774 2172 iit
805 2107 837 2170 in
871 2107 1002 2174 stabulo
1026 2107 1197 2186 Ecclesiae:
1223 2105 1307 2174 unde
1329 2107 1404 2174 sub-

444 2213 550 2278 ditur:
578 2235 594 2268 <t
614 2209 695 2296 Eiegi
719 2209 861 2278 abiectus
890 2229 958 2278 esse
989 2213 1021 2278 ia
1046 2211 1137 2278 domo
1163 2213 1248 2278 Dei»
1278 2221 1349 2294 eic.;
1373 2219 1404 2280 et

444 2323 532 2406 post:
563 2343 578 2378 «
593 2317 674 2404 Quia
695 2317 941 2386 misericordiam
958 2325 990 2386 et
1005 2317 1170 2386 veritatem
1185 2317 1287 2406 diligit
1301 2321 1403 2402 oeus,

445 2425 576 2514 gratiam
612 2431 642 2494 et
678 2425 809 2512 gloriam
839 2425 927 2496 dabit
954 2427 1155 2496 Dominus».
1181 2464 1224 2478 -
1255 2427 1405 2496 66666666

444 2535 705 2614 nutrimentum,
731 2533 815 2622 quod
837 2535 873 2602 tit
896 2553 952 2620 per
978 2535 1167 2604 (leoninam
1188 2537 1336 2602 dnorccm
1362 2543 1404 2602 te-

444 2647 702 2720 stamentorum,
728 2659 810 2728 qnae
831 2641 1017 2728 intelligitur
1047 2641 1078 2710 in
1114 2643 1288 2728 prolatione
1321 2641 1404 2708 dno-

444 2767 523 2812 ram
555 2749 795 2828 denariorum,
826 2739 907 2834 quos
941 2749 1031 2816 dedit
1060 2747 1269 2826 6666666666,
1293 2749 1324 2814 id
1357 2753 1404 2816 est

443 2853 601 2938 praelato,
626 2853 717 2920 cuius
742 2859 789 2920 est
821 2853 996 2920 doctrinam
1028 2853 1143 2920 Christi
1169 2855 1350 2920 ministrare
1372 2861 1404 2920 et

444 2959 918 3044 explanandosupererogare:
933 2959 1017 3024 unde
1041 2957 1244 3026 Ecclesiastici
1267 2957 1403 3042 quadra·

444 3065 562 3150 gesimo
584 3063 695 3150 quinto
707 3063 738 3130 ³:
758 3087 775 3122 v
794 3063 882 3130 Dedit
898 3065 995 3148 Moysi
1017 3063 1170 3132 Dominus
1186 3081 1241 3130 cor
1256 3065 1296 3130 ad
1311 3081 1404 3148 prae-

444 3177 534 3256 cepta
554 3177 583 3238 et
602 3171 701 3256 legem
721 3169 800 3238 vitae
815 3175 846 3236 et
866 3167 1063 3254 disciplinae,
1078 3169 1191 3238 dooere
1206 3169 1299 3236 Iacob
1313 3175 1404 3238 testa·¹

443 3283 585 3344 mentam
611 3295 704 3344 suum
728 3281 759 3342 ot
789 3275 904 3344 iudicia
928 3293 986 3344 sna
1007 3275 1149 3344 lsrael».
1174 3275 1226 3342 iiis
1251 3275 1404 3344 Dominus

443 3383 573 3462 reddet,
590 3401 663 3450 cum
683 3383 812 3450 redierit
833 3381 867 3448 in
889 3383 940 3450 die
954 3383 1076 3462 iudicii,
1097 3381 1212 3448 ornnia
1232 3403 1404 3468 superero-

441 3497 546 3576 gata,-
565 3487 727 3574 quoniam,
749 3489 924 3556 secuudum
940 3487 1025 3574 quod
1042 3487 1158 3556 dieitur
1175 3487 1311 3556 Danielis
1325 3489 1404 3556 duo-

443 3595 579 3676 decimo,
611 3621 627 3656 «
641 3595 696 3682 qui
728 3594 766 3662 ad
798 3593 949 3664 iustitiam
973 3595 1125 3664 erudiunt
1147 3595 1281 3676 multos,
1313 3593 1404 3682 quasi

444 3703 552 3770 stellae
570 3703 603 3768 66
626 3709 796 3788 perpetuas
814 3703 1015 3772 aeternitates
1031 3727 1068 3784 »;
1084 3701 1231 3770 iiatthaei
1253 3703 1404 3790 vigesimo

443 3809 570 3892 quiuto:
600 3835 617 3868 6
640 3809 744 3894 Euge,
775 3827 867 3878 serve
896 3809 979 3876 bone
1008 3814 1040 3875 et
1067 3809 1185 3890 iideiis,
1209 3809 1285 3896 quia
1308 3827 1405 3896 super

443 3931 544 3996 pauca
566 3913 651 3982 fuisti
671 3913 786 3994 tidelis,
808 3931 903 4000 super
928 3913 1026 3980 muita
1051 3919 1081 3982 te
1103 3913 1321 3982 constituam»
1343 3919 1401 3982 eto.

516 4087 557 4142 Ad
573 4087 780 4144 informationem
800 4089 985 4162 discipulorum
1003 4087 1175 4160 subiungitur
1192 4087 1332 4144 hamanum

680 4177 823 4250 exemplum
842 4177 982 4252 dupliciter
1000 4177 1167 4250 propositum.

444 4387 445 4390 ,
533 4341 584 4406 db.
610 4341 752 4408 Factam
778 4349 825 4408 aa
857 4347 986 4420 antem,
1010 4339 1092 4406 dnm
1115 4339 1200 4408 ircnt
1228 4345 1287 4408 eie.
1318 4339 1404 4408 Post-

443 4461 538 4532 quam
572 4445 699 4512 tradidit
731 4447 865 4512 iormam
898 4445 1023 4512 vivendi
1059 4465 1117 4530 per
1150 4445 1293 4514 divinum
1313 4461 1404 4530 prae-

443 4557 586 4636 cepium,
620 4549 672 4618 bia
701 4553 838 4620 secundo
873 4551 969 4618 tradit
999 4569 1058 4638 per
1086 4549 1276 4618 6666666666
1300 4569 1404 4618 enan·-

439 4657 546 4744 piam.
577 4656 664 4726 Unde
694 4657 803 4726 Glossa
832 4657 933 4726 Dedae
947 4659 984 4746 4:
1012 4657 1160 4726 «Habito
1190 4675 1335 4726 sermone
1366 4657 1404 4726 de

442 4763 606 4832 dilectione
629 4765 685 4832 Dei
709 4771 742 4832 et
764 4765 919 4848 proximi,
947 4765 1097 4852 supponit
1120 4767 1305 4852 exemplum
1322 4765 1404 4832 utri-

401 4957 403 4960 ,
443 4889 546 4956 usque
559 4897 587 4936 r.
610 4869 822 4938 introducitur
839 4871 924 4938 enim
940 4871 993 4940 hic
1012 4873 1052 4938 ad
1067 4871 1203 4938 litteram
1220 4871 1404 4956 enemplam

223 5165 225 5168 Ι
333 5107 426 5158 Divisio.

442 4975 665 5064 perfectionne,
680 4979 863 5062 exemplum
875 4977 956 5044 vitae
968 4977 1087 5044 activae
1096 4977 1402 5062 etaontemplativae‚

443 5087 476 5148 et
503 5083 765 5168 comparationis
791 5083 977 5170 utriusque.
1001 5083 1087 5148 Unde
1112 5083 1188 5148 haec
1211 5099 1286 5166 pars
1309 5083 1404 5148 habet

444 5185 522 5254 duas
539 5193 661 5272 partes:
680 5187 711 5252 in
728 5205 865 5272 quarum
881 5187 986 5272 prima
1001 5185 1214 5272 praemittitur
1226 5203 1403 5272 eompara-

444 5293 489 5360 tio
519 5291 723 5368 roboratis,-
752 5291 783 5358 in
815 5289 953 5360 Secunda
984 5309 1060 5360 vero
1083 5289 1232 5358 subditur
1255 5289 1402 5378 delinitio

328 5459 330 5464 .
443 5397 633 5478 iudicialis,
656 5395 744 5496 ibii:
769 5399 809 5464 Et
832 5399 1032 5482 respondens
1056 5395 1143 5464 dicit
1157 5395 1207 5464 illi
1228 5395 1399 5464 Dominus.

513 5783 523 5814 ¹
544 5785 618 5840 Vers.
638 5785 663 5838 6.
683 5813 717 5826 -
737 5783 855 5838 Subinde
874 5785 1002 5852 allegatur
1028 5785 1047 5840 i.
1065 5787 1133 5840 Petr.
1152 5787 1185 5852 2,
1202 5785 1246 5840 26.
1264 5815 1301 5828 -
1319 5787 1402 5854 Supe-

427 5861 500 5930 ⁴rius
517 5889 567 5940 pro
583 5873 740 5930 illinitiones
758 5877 837 5930 codd.
856 5873 1035 5946 alligationes.

514 5959 525 5992 ²
545 5965 638 6016 psalm.
659 5965 708 6026 83,
728 5963 779 6016 6-8.
800 5969 825 6016 66
842 5963 903 6016 dein
920 5979 946 6016 v.
968 5965 1010 6016 ii.
1029 5969 1056 6016 et
1075 5965 1119 6016 62.

513 6049 525 6082 ³
544 6053 621 6106 Vera
630 6051 654 6104 6.
664 6079 700 6092 -
710 6051 768 6104 Duo
782 6065 857 6118 seqq.
870 6051 919 6104 ioci
933 6057 994 6106 sunt
1004 6051 1069 6104 Dan.
1085 6053 1127 6116 62,
1137 6053 1163 6106 3.
1173 6057 1198 6106 66
1207 6053 1295 6106 666666.
1307 6051 1348 6116 26,
1360 6055 1401 6106 21.

512 6137 525 6170 ⁴
545 6141 645 6194 Scilicet
663 6139 807 6196 ordinario
818 6141 843 6192 iu
863 6141 925 6194 Luc.
939 6139 986 6204 66,
1004 6139 1050 6192 38.
1061 6141 1111 6192 Pro
1123 6131 1250 6208 supponit
1265 6139 1325 6194 Vat.
1338 6153 1401 6194 cum

443 6235 513 6284 textu
530 6229 651 6296 originali
669 6227 841 6298 supponitur.
855 6259 890 6268 -
910 6229 948 6280 De
966 6229 1140 6294 praecedente
1152 6229 1333 6294 propositione
1353 6231 1400 6282 cir.

443 6335 523 6388 supra
542 6315 568 6374 6.
587 6319 632 6372 te.

513 6403 525 6436 ⁶
544 6409 619 6460 Vecs,
638 6405 684 6460 66.
703 6433 738 6446 -
758 6407 794 6460 De
812 6421 888 6474 seqq.
906 6409 954 6460 cir.
975 6405 1100 6472 August,
1120 6409 1203 6460 Serm.
1217 6405 1277 6460 663.
1298 6409 1323 6460 66
1341 6403 1402 6458 666.

445 6495 519 6566 (alias
538 6497 581 6550 26.
599 6501 626 6550 66
642 6493 687 6550 26.
705 6495 740 6548 de
758 6493 854 6550 Verbis
872 6495 999 6564 Domini).

516 6581 622 6638 ὓ6666.
642 6585 666 6636 6.
690 6611 726 6622 -
745 6585 897 6652 Sequuntur
914 6583 978 6636 Luc.
998 6583 1028 6650 e,
1047 6583 1089 6636 53.
1110 6585 1150 6652 (iit
1169 6597 1221 6636 nou
1244 6587 1402 6650 receperunt

444 6673 516 6742 eum)
536 6679 563 6726 66
580 6673 628 6726 aa:
646 6673 678 6724 Et
695 6669 816 6724 abierunt
833 6677 884 6724 eto.

513 6757 523 6790 ²
544 6761 619 6814 Vers.
638 6747 670 6824 l,
694 6759 742 6812 ubi
759 6759 873 6826 Vulgata
896 6759 1002 6816 sororis
1021 6759 1083 6828 (τῆς
1109 6747 1231 6830 ἀδελφῆς)
1257 6771 1308 6824 pro
1325 6771 1403 6814 core·

441 6859 522 6914 ram,
544 6849 617 6916 quod
635 6847 734 6900 babent
752 6847 830 6902 etiam
848 6847 928 6904 Curd.
945 6849 1035 6916 liuga,
1055 6851 1082 6904 Β.
1095 6847 1193 6904 Albani.
1212 6853 1240 6902 et
1256 6847 1383 6914 Lyrauus

1470 1047 1599 1114 tertium
1621 1053 1670 1114 est
1690 1047 1884 1116 exercitium
1910 1047 2114 1134 operativae,
2140 1051 2290 1132 quartum
2317 1053 2364 1114 est
2389 1047 2427 1114 li·

1470 1153 1588 1240 tipinm
1613 1155 1696 1220 inter
1722 1161 1911 1244 utrumqne.
2192 1159 2194 1164 '

1559 1261 1610 1326 66.
1635 1261 1737 1346 (Vera.
1763 1261 1841 1344 38.)
1865 1261 1970 1328 Primo
1990 1259 2089 1348 igitur
2111 1265 2267 1346 quantum
2289 1259 2330 1324 ad
2350 1279 2425 1326 con·
2445 1269 2548 1320 Primum.

1469 1367 1612 1432 sortium
1642 1365 1776 1432 divinae
1802 1367 2012 1454 praesentiae
2041 1365 2173 1432 dicitur:
2206 1365 2349 1432 Factam
2378 1375 2426 1432 eat

1469 1481 1602 1552 antem,
1632 1473 1715 1540 clane
1745 1473 1848 1554 irent,
1876 1483 1908 1540 ct
1937 1475 2007 1560 ipse
2038 1471 2177 1540 introvit
2199 1471 2235 1538 in
2258 1471 2427 1558 quoddam

1470 1577 1660 1658 castellnm,
1684 1579 1749 1646 sive
1779 1585 1909 1664 propter
1935 1597 2077 1666 regnum
2105 1579 2166 1646 Dei
2192 1577 2425 1664 evangelican-

1469 1685 1565 1762 dam,
1591 1685 1764 1752 secundum
1789 1685 1872 1770 quod
1892 1685 2007 1750 dicitur
2033 1703 2128 1772 supra
2153 1691 2261 1752 octavo
2274 1685 2300 1750 ⁶:
2329 1711 2345 1744 a
2359 1685 2427 1770 ipse

1469 1789 1529 1858 iter
1552 1789 1683 1858 iaciebat
1706 1807 1763 1876 per
1788 1789 1927 1858 civitates
1958 1795 1989 1858 et
2017 1791 2157 1870 castella,
2187 1791 2372 1876 praedicans
2397 1799 2426 1858 et

1469 1895 1684 1982 evangelizans
1709 1915 1842 1980 regnum
1865 1895 1919 1962 Dei
1935 1921 1952 1954 n
1964 1921 1973 1976 ;
1996 1897 2061 1962 sive
2087 1903 2217 1980 propter
2245 1893 2427 1982 bospitinm

1469 2001 1716 2092 quaerendum,
1744 2003 1918 2070 secundum
1941 2001 2027 2088 quod
2056 2001 2172 2070 dieitur
2200 2019 2297 2086 supra
2326 2005 2425 2086 nodo,

1469 2109 1553 2194 qnod
1576 2125 1650 2176 oum
1674 2109 1859 2176 Samaritani
1881 2107 1999 2176 nollent
2028 2125 2100 2176 eum
2122 2114 2155 2175 et
2176 2107 2347 2194 discipulos
2369 2107 2427 2176 bo-

1469 2215 1560 2300 spitio
1580 2213 1737 2300 recipere,
1760 2215 1848 2300 quod
1871 2241 1887 2274 v
1901 2215 2046 2282 abierunt
2060 2213 2093 2280 in
2112 2213 2198 2280 alind
2219 2213 2380 2280 castelium
2395 2239 2424 2284 a.

1469 2323 1512 2390 De
1530 2322 1589 2389 hoc
1605 2321 1732 2390 castello
1746 2323 1863 2390 dicitur
1881 2321 2064 2408 expressius
2081 2319 2203 2388 ioannis
2219 2319 2385 2388 undecimo
2399 2321 2425 2392 ⁷:

1474 2431 1578 2496 «Erat
1602 2429 1728 2516 quidam
1751 2431 1905 2514 languens
1928 2431 2062 2496 Lazarus
2087 2449 2105 2496 a
2126 2427 2290 2508 Bethania,
2313 2427 2353 2494 de
2376 2445 2427 2496 oa-

1469 2537 1557 2604 steiio
1579 2535 1692 2602 biariae
1717 2543 1747 2602 et
1766 2537 1920 2616 itiartbae,
1936 2553 2082 2602 sororum
2104 2535 2219 2602 eius».
2234 2533 2268 2600 66
2288 2535 2361 2614 666,
2378 2533 2427 2602 66-

1468 2659 1579 2728 quem,
1605 2641 1732 2708 castello
1758 2639 1878 2706 invenit
1907 2641 2088 2724 hospitium.
2115 2679 2162 2688 --·
2186 2641 2317 2722 Propter
2343 2641 2427 2724 quod

1468 2747 1635 2814 subditur:
1665 2749 1701 2812 m
1717 2745 1838 2812 mulier
1853 2745 2035 2832 quaedam,
2050 2743 2184 2812 lilartlm
2200 2745 2348 2824 nomine,
2371 2763 2427 2812 cn-

1468 2851 1572 2938 cepit8
1590 2849 1684 2918 illam
1703 2851 1740 2918 in
1754 2853 1893 2918 domam.
1914 2869 2030 2930 snam,
2047 2857 2198 2934 tauquam
2219 2849 2338 2916 scilicet
2351 2868 2427 2933 pau·

1467 2973 1572 3042 perem
1595 2962 1625 3023 et
1649 2973 1792 3040 egenum.
1811 2955 1899 3022 Unde
1919 2957 2035 3024 talibus
2056 2955 2139 3024 dicet
2158 2957 2235 3022 iliud
2257 2955 2289 3022 66
2309 2955 2426 3026 iudicio

1468 3061 1611 3130 iiattbaei
1631 3061 1783 3148 vigesimo
1805 3061 1930 3146 quinto:
1957 3061 2106 3148 «Hospes
2128 3079 2230 3142 eram,
2254 3067 2287 3128 66
2300 3061 2426 3148 collegi-

1468 3167 1524 3234 stis
1544 3185 1641 3246 me»,
1663 3165 1816 3234 similibus
1841 3167 1958 3234 seilicet
1976 3169 2127 3246 iiartbae,
2151 3167 2251 3254 qualis
2276 3173 2344 3234 erat
2358 3167 2425 3252 iob,

1467 3271 1593 3360 dequo
1623 3271 1785 3358 trigesimo
1807 3273 1927 3358 primo:
1956 3273 2073 3340 «Foris
2105 3291 2168 3340 non
2198 3273 2312 3340 mansit
2335 3291 2427 3360 pere·
2543 3339 2544 3342 ,

1467 3379 1593 3466 gainus,
1617 3385 1648 3446 et
1672 3379 1790 3448 ostium
1812 3397 1921 3448 meum
1947 3379 2057 3448 viatori
2084 3379 2229 3466 patuit».
2254 3379 2291 3446 Et
2317 3379 2351 3446 66
2372 3379 2427 3450 6666

1467 3487 1604 3574 hospitio
1632 3505 1782 3572 praeseus
1809 3493 1877 3554 erat
1901 3487 2129 3574 corporaliter,
2156 3487 2236 3554 siout
2258 3485 2367 3554 activis
2397 3497 2427 3556 et
2542 3473 2544 3478 ’

1468 3593 1718 3680 contemplativis
1741 3611 1890 3678 praesens
1922 3601 1969 3662 est
1989 3593 2229 3680 spiritualiter,
2252 3593 2426 3662 secundum

1467 3699 1546 3766 iilud
1574 3699 1773 3786 Apocalypsis
1805 3699 1898 3766 tertio
1912 3701 1941 3766 ⁹:
1973 3727 1988 3760 v
2017 3701 2078 3786 Ego
2102 3705 2151 3766 sto
2180 3701 2222 3768 ad
2247 3699 2364 3768 ostium
2397 3709 2427 3766 et

1468 3805 1575 3890 puiso;
1601 3805 1626 3872 si
1650 3805 1723 3890 quis
1745 3805 1906 3890 aperuerit
1925 3805 2030 3884 66666,
2053 3805 2188 3874 introibo
2220 3805 2258 3870 ad
2282 3805 2371 3871 iilum
2397 3811 2427 3872 et

1469 3911 1605 3978 coenabo
1634 3929 1708 3978 cum
1738 3911 1843 3992 iiior:
1866 3911 1940 3996 quia
1973 3911 2214 3998 proverbiorum
2241 3919 2352 3978 octavo
2379 3907 2426 3976 di.

1469 4017 1565 4086 citur:
1597 4017 1761 4084 «Deliciae
1781 4035 1869 4086 meae
1892 4035 1961 4084 6εε6
1981 4035 2054 4084 eum
2070 4017 2143 4086 liliis
2162 4015 2325 4084 bominum
2343 4039 2373 4096 »3
2397 4027 2427 4086 et

1469 4141 1673 4204 econverso,
1692 4123 1779 4192 unde
1798 4123 1974 4210 Sapientiae
1994 4129 2118 4192 octavo:
2147 4149 2164 4184 a
2176 4123 2301 4192 intrans
2327 4123 2360 4188 66
2375 4121 2427 4190 da

1463 4249 1557 4300 *mum
1580 4249 1696 4312 meam,
1721 4231 1938 4318 conquiescam
1964 4249 2037 4300 oum
2054 4229 2119 4312 iiia;
2144 4249 2206 4298 non
2230 4231 2312 4298 enim
2334 4229 2428 4300 babet

1468 4339 1710 4406 amaritudinem
1734 4337 1929 4406 conversatio
1950 4337 2050 4418 iilius,
2074 4355 2131 4404 nec
2156 4335 2293 4404 taedium
2321 4337 2427 4404 eonvi-

1469 4451 1540 4512 ctus
1561 4443 1646 4510 iilius
1664 4471 1692 4510 6.

1559 4551 1610 4618 67.
1628 4549 1730 4630 (Vers.
1748 4549 1824 4634 36.).
1843 4539 1985 4618 Secundo
1999 4567 2076 4618 vero
2093 4553 2246 4636 quantum
2267 4549 2306 4616 ad
2323 4547 2427 4616 otiam
2446 4561 2575 4612 66666.

1468 4655 1738 4744 contomplatione
1760 4657 1881 4724 subdit:
1908 4657 1947 4724 iit
1970 4655 2427 4738 interamnanam:

1467 4765 1597 4844 Marta,
1618 4781 1698 4850 quae
1715 4763 1831 4832 soiiicei
1852 4771 1920 4832 erat
1937 4763 1970 4830 in
1987 4763 2050 4830 otio
2069 4763 2340 4850 contemplationis
2355 4781 2427 4846 per-

1467 4871 1567 4952 fecia3
1592 4871 1677 4938 unde
1698 4871 1862 4938 subditur:
1883 4873 1977 4954 Quae
1997 4869 2112 4950 etiam,
2135 4869 2249 4936 sedens
2264 4889 2358 4936 seona
2369 4877 2427 4954 pe-'

1466 4977 1523 5044 des
1549 4975 1699 5054 Domini,
1731 4975 1887 5044 66666666
1918 4975 2178 5042 verbumillius.
2204 4975 2265 5042 Hoc
2297 4975 2425 5060 quidem

1467 5087 1536 5148 erat
1557 5081 1649 5164 istius
1673 5081 1815 5148 mulieris
1845 5081 1959 5148 otium:
1986 5079 2124 5148 Domino
2156 5079 2340 5162 intendere,
2366 5101 2426 5150 oo·
2438 5095 2593 5194 llssiiffig,

1468 5203 1563 5266 carre,
1585 5183 1695 5252 sedere
1727 5191 1757 5252 et
1781 5191 1896 5254 tacere.
1921 5187 2007 5254 Unde
2035 5185 2151 5254 dicitnr
2182 5188 2304 5254 ioannis
2327 5187 2426 5256 uude·
2462 5203 2561 5260 66666·

1467 5291 1548 5358 cimo
1561 5291 1598 5370 ¹⁰,
1610 5291 1694 5376 quod
1712 5317 1729 5350 «
1740 5291 1836 5358 Maria
1851 5291 1933 5358 domi
1953 5291 2126 5372 sedebat»,
2144 5297 2176 5362 66
2190 5293 2251 5362 hoo
2267 5311 2361 5362 seona
2368 5313 2426 5380 pe-

1466 5397 1523 5464 dcs
1544 5395 1635 5476 ciac,-
1657 5395 1745 5482 quia,
1760 5395 1998 5466 Deuteronomii
2022 5397 2182 5486 trigesimo
2206 5401 2314 5482 tertio,
2337 5401 2426 5488 «qui

1538 5785 1550 5816 ⁸
1567 5789 1657 5840 Plures
1677 5787 1769 5854 codd,
1795 5793 1822 5842 ut
1847 5787 1930 5842 6οΗ
1948 5787 1983 5856 (b
2003 5785 2154 5854 primitas),
2177 5785 2289 5856 occepit.
2310 5815 2346 5826 -
2366 5789 2425 5842 Duo

1466 5891 1542 5944 seqq.
1560 5877 1610 5932 loci
1628 5879 1863 5942 sabinianam,
1881 5877 1925 5932 35.
1943 5883 1970 5930 66
1988 5875 2034 5932 iob
2053 5879 2100 5944 36,
2119 5879 2168 5944 32,
2186 5877 2232 5930 ubi
2250 5891 2300 5942 pro
2325 5875 2425 5932 ostiam

1466 5965 1549 6020 ACD
1572 5965 1729 6034 nospitium.
1747 5993 1784 6006 -
1802 5967 1911 6020 interius
1934 5981 1984 6032 pro
2007 5965 2140 6022 similibus
2165 5965 2265 6022 scilicet
2283 5965 2422 6034 Martiae,

1467 6053 1556 6124 qualis
1574 6057 1633 6108 erot
1652 6053 1697 6108 iob
1717 6055 1775 6108 Vat.
1795 6053 1898 6110 Similis
1917 6067 2022 6124 qaoque
2039 6055 2164 6110 Martiae
2181 6057 2241 6108 croi
2259 6051 2313 6106 iob.

1538 6137 1550 6170 ⁹
1568 6141 1642 6194 Vers.
1663 6143 1709 6208 26,
1736 6147 1795 6208 post
1817 6155 1899 6208 quem
1923 6143 2000 6196 Pron.
2018 6145 2048 6210 8,
2073 6144 2116 6196 36.
2135 6149 2162 6196 66
2184 6145 2245 6208 Sap.
2270 6143 2301 6208 8,
2327 6141 2370 6194 66.
2390 6169 2426 6182 -

1466 6229 1557 6284 Glossa
1574 6227 1719 6284 ordinario
1739 6229 1780 6298 (ax
1799 6231 1923 6298 August,
1941 6231 2026 6284 Serm.
2048 6231 2106 6286 tot.
2130 6233 2193 6284 alias
2213 6229 2256 6284 26.
2279 6231 2310 6282 de
2330 6229 2425 6284 Verbis

1466 6317 1584 6384 Domini,
1605 6331 1628 6370 o.
1646 6317 1672 6370 3.
1689 6331 1716 6370 n.
1736 6317 1770 6382 6.)
1792 6317 1817 6370 66
1835 6319 1898 6370 Luc.
1923 6319 1968 6386 66,
1988 6319 2037 6374 38:
2049 6321 2162 6374 intrante
2179 6321 2237 6372 iesu
2254 6317 2283 6370 ia
2300 6317 2424 6382 domum,

1466 6409 1520 6460 viia
1538 6405 1641 6474 iniqua,
1656 6405 1703 6460 etsi
1716 6405 1858 6472 aliquando
1870 6409 1968 6474 iuerat,
1980 6409 2094 6474 aufugit,
2112 6411 2249 6460 remanent
2267 6407 2337 6460 duae
2354 6407 2425 6460 vitae

1466 6495 1629 6558 innocentes,
1648 6493 1776 6548 laboriosa
1797 6501 1822 6548 et
1841 6495 1937 6560 otiosa,
1955 6495 2022 6550 inter
2042 6511 2085 6550 eas
2105 6495 2208 6550 medius
2227 6499 2265 6548 est
2290 6493 2347 6562 ipse
2366 6499 2425 6550 lons

1466 6585 1546 6640 vitae.

1538 6667 1561 6702 ²⁰
1579 6673 1656 6724 Vers.
1675 6673 1716 6724 26.
1737 6671 1796 6724 Vnt.
1812 6673 1907 6736 aliegat
1919 6687 1943 6724 v.
1958 6673 2001 6724 32.
2015 6671 2105 6738 (patrio
2117 6669 2225 6724 inferias
2237 6669 2306 6740 666),
2323 6671 2370 6724 666
2388 6671 2425 6724 di·

1467 6763 1548 6826 citur,
1567 6759 1641 6826 quod
1659 6759 1738 6814 diaria
1760 6759 1879 6814 «cecidit
1897 6759 1932 6814 ad
1949 6759 2034 6824 pedes
2051 6757 2108 6814 eius
2119 6777 2145 6810 n.
2159 6787 2193 6800 -
2207 6761 2329 6828 Sequitur
2348 6761 2424 6812 Dent.

1468 6851 1515 6918 33,
1535 6851 1560 6904 3.
1578 6875 1614 6888 -
1631 6849 1759 6916 superius
1779 6863 1827 6916 pro
1843 6847 1963 6918 palectu
1982 6847 2040 6900 666.
2054 6847 2199 6918 perlectae.
