5900 8266
1049 587 1242 656 COMMENT.
1265 587 1304 656 ΙΝ
1325 587 1564 658 EVdNGELlUbi
1586 583 1703 654 Lucae
1728 583 1759 652 C.
1784 583 1858 652 Vlll.

470 763 618 844 lacrymis
641 763 742 844 coepit
764 759 868 846 rigare
884 789 898 822 t
928 769 986 828 etc.
1010 763 1057 828 De
1078 761 1262 828 Chananaea
1280 761 1427 828 Matthaei

470 865 591 932 decimo
615 865 725 950 quinto
750 865 858 932 dauni
877 865 1038 952 discipuli:
1062 865 1219 932 «Dimitte
1244 883 1328 944 eam,
1353 865 1428 952 quia

470 971 584 1036 clamat
606 973 678 1054 post
700 987 758 1036 nos
773 997 804 1034 s.
828 969 873 1036 De
895 969 955 1036 ista
984 969 1098 1038 dicitur
1131 969 1200 1050 hic,
1232 971 1317 1056 quod
1343 995 1361 1028 (κ
1377 989 1428 1038 ac

470 1073 565 1140 cessit
594 1079 681 1140 retro
711 1081 744 1140 et
773 1075 875 1160 tetigit
902 1075 1062 1140 fimbriam
1091 1075 1161 1142 eius
1196 1075 1371 1144 vestimenti
1394 1101 1427 1142 s.

470 1177 528 1244 Per
553 1185 677 1244 tactum
699 1185 804 1246 auam
830 1179 1013 1246 vestimenti
1032 1179 1224 1264 intelligitur
1242 1181 1373 1248 imitatio
1394 1181 1428 1246 in

471 1281 579 1348 labore
608 1288 733 1348 sanctae
764 1283 1015 1349 conversationis.
1040 1321 1084 1332 -
1107 1283 1194 1350 Unde
1219 1291 1312 1364 nota,
1341 1285 1428 1370 quod

326 1405 357 1450 oe
374 1405 453 1460 critic
471 1387 605 1472 legimus
629 1387 787 1454 Christum
813 1393 933 1454 tactum
958 1387 990 1452 in
1010 1387 1091 1472 pale
1115 1405 1133 1454 a
1154 1387 1350 1472 Magustana,
1375 1407 1428 1456 su-

355 1461 420 1504 m
470 1509 529 1576 pra
560 1493 738 1576 septimo1;
767 1497 885 1558 tactum
916 1491 948 1556 in
974 1499 1060 1558 ueste
1088 1493 1129 1560 ab
1158 1493 1427 1572 haemorrhoissa,

470 1605 509 1664 ut
530 1597 599 1676 hic;
625 1603 743 1664 hatum
766 1595 798 1660 in
823 1595 923 1660 latere
939 1615 956 1660 a
971 1597 1108 1674 Thoma;
1126 1597 1248 1662 loannis
1262 1597 1427 1680 vigesimo:

476 1729 494 1762 a
509 1701 593 1768 llitte
625 1719 755 1768 manum
785 1705 874 1768 tuam
897 1699 930 1766 in
954 1700 1036 1768 latus
1060 1717 1164 1768 meum
1183 1727 1212 1766 s.
1238 1701 1269 1766 ln
1294 1719 1358 1786 quo
1380 1701 1429 1766 in·

470 1807 624 1894 telligitur
646 1807 765 1892 triplex
787 1807 920 1874 imitatio
950 1807 1238 1892 approximantium
1268 1805 1310 1872 ad
1337 1807 1428 1872 Chri-

472 1921 584 1994 stum,
598 1913 717 1980 scilicet
740 1915 772 1978 in
795 1909 906 2000 effectu
932 1913 1135 1998 operationis
1158 1913 1279 1990 bonae,
1305 1911 1336 1976 in
1368 1907 1428 1976 lta-

472 2019 542 2086 bitu
566 2019 825 2086 conuersationis
847 2027 1002 2098 sanctae,
1018 2017 1051 2082 in
1069 2007 1246 2086 toleramia
1256 2017 1428 2104 passionis

472 2125 629 2204 acerbae,
651 2125 685 2188 in
707 2123 825 2208 quihus
847 2121 989 2192 consistit
1017 2123 1182 2208 integritas
1210 2121 1428 2188 satisfactionis

471 2229 636 2314 perfectae.
660 2231 718 2296 Per
739 2231 862 2314 pedum
884 2247 1020 2316 namque
1044 2229 1207 2296 incessum
1243 2227 1428 2314 intelligitur

470 2333 627 2402 rectitudo
641 2335 828 2418 operationis
843 2335 960 2414 bonae;
986 2335 1152 2402 Ezechielis
1168 2335 1269 2420 primo
1283 2333 1314 2400 ²:
1340 2359 1357 2392 r
1373 2335 1427 2400 Pe-

398 2447 399 2450 ’
470 2443 525 2508 des
557 2455 666 2510 eorum
699 2441 791 2524 pedes
816 2441 891 2506 recti
914 2469 944 2506 ».
976 2443 1032 2506 Per
1064 2441 1290 2508 uestimentum
1320 2449 1426 2508 autern

471 2545 654 2632 intelligitur
688 2545 834 2612 honestas
865 2545 1108 2612 conuersationis
1139 2551 1279 2624 sanctae;
1312 2545 1427 2628 apoca-

472 2651 569 2734 lypsis
597 2649 717 2716 decimo
750 2657 821 2716 sext
854 2675 861 2716 :
898 2675 914 2708 «
931 2651 1058 2728 henim,
1088 2651 1142 2736 qui
1175 2651 1310 2718 custodit
1332 2651 1428 2717 vesti-

472 2761 578 2820 menta
600 2773 676 2832 sua,
701 2773 740 2820 ne
762 2755 869 2822 nudus
890 2755 1075 2822 ambulet».
1100 2755 1182 2822 Talis
1205 2755 1328 2840 estqui
1358 2755 1427 2820 imi-

471 2864 559 2924 tatur
581 2857 762 2938 Christum;
786 2861 826 2926 ad
848 2861 1003 2926 Romanos
1024 2859 1145 2928 decimo
1170 2861 1283 2926 tertio:
1313 2859 1428 2926 «ahit-

471 2965 592 3030 ciamus
616 2981 711 3048 opera
734 2965 938 3032 tenebrarum
960 2971 993 3032 θῖ
1012 2965 1183 3032 induamur
1197 2983 1285 3058 arma
1303 2965 1380 3032 lucis
1394 2989 1426 3030 s.

472 3067 528 3134 Per
561 3069 648 3134 latus
680 3069 793 3136 Christi
828 3073 1028 3138 vulneratum
1061 3079 1090 3138 el
1119 3091 1243 3138 manus
1271 3079 1304 3138 θῖ
1329 3073 1428 3154 pedes

471 3173 646 3256 perforatos
682 3173 867 3258 intelligitur
898 3175 1063 3242 tolerantia
1092 3175 1245 3260 passionis
1278 3175 1428 3252 acerbae,

472 3277 645 3342 secundum
671 3277 748 3342 illud
771 3277 927 3344 Psalmiss:
957 3305 973 3336 «
990 3279 1144 3346 Foderunt
1170 3297 1281 3346 manus
1298 3287 1383 3346 meas
1396 3285 1429 3346 et

324 3393 453 3438 sonuum.
472 3381 723 3466 pedesmaos».
758 3383 788 3448 ln
822 3383 873 3448 his
902 3385 986 3450 enim
1016 3385 1178 3450 Christum
1200 3383 1428 3468 contingimus

472 3503 545 3552 carm
570 3487 639 3554 eius
660 3487 846 3554 uolneribus
871 3489 908 3554 ad
935 3491 1130 3556 tolerantiam
1151 3507 1335 3568 armamur;
1365 3487 1430 3574 pri-

471 3609 541 3658 mae
572 3591 650 3658 Petri
684 3599 819 3676 quarto:
847 3619 864 3652 a
881 3595 1005 3660 Christo
1027 3595 1125 3678 igitur
1147 3613 1239 3678 passo
1261 3595 1292 3660 in
1317 3613 1429 3674 carne,

471 3705 504 3764 et
526 3715 582 3764 vos
604 3697 711 3764 eadem
738 3697 922 3782 cogitatione
945 3699 1155 3764 armamini».

408 3883 410 3888 ι
563 3805 614 3868 87.
640 3799 836 3868 adhucillo
862 3803 1006 3888 loquente
1028 3811 1086 3868 etc.
1114 3805 1277 3888 Postquam
1295 3803 1431 3870 ostendit

329 3919 350 3960 n
365 3919 453 3962 sunia·
472 3907 665 3992 Euangelista
696 3907 856 3972 Christum
881 3907 1042 3974 dominum
1067 3925 1236 3990 corporum
1261 3925 1317 3992 per
1340 3925 1431 3974 sana-

309 3971 366 4014 tione
375 3971 457 4028 puellac
487 4011 493 4022 ,

309 4027 459 4130 dliiiiii
471 4015 587 4076 nonem
611 4009 900 4088 haemorrhoissae,
926 4009 976 4076 hic
1001 4009 1309 4078 ostenditChristum
1325 4009 1431 4078 domi·

308 4135 363 4172 tuor.
470 4133 554 4180 nunt
578 4113 774 4180 caltararum
799 4131 855 4198 per
879 4113 1110 4180 suscitationem
1142 4115 1302 4198 puellae4.
1333 4113 1431 4180 Habet

471 4227 578 4286 autem
614 4219 691 4284 haec
725 4235 800 4302 pars
833 4225 971 4302 quatuor
1007 4217 1197 4302 particulas;
1229 4219 1260 4282 in
1292 4235 1430 4302 quarum

471 4323 574 4408 prima
596 4321 810 4408 praemittitur
831 4321 984 4388 soliditas
1006 4321 1084 4408 fidei
1100 4341 1155 4408 per
1181 4323 1308 4390 niodum
1323 4323 1431 4408 dispo·

470 4431 586 4498 nentis.
614 4429 756 4496 Secundo
782 4427 964 4514 adiungitur
990 4427 1149 4494 idoneitas
1176 4427 1351 4494 testimonii
1373 4445 1430 4512 per

471 4533 598 4602 niodum
626 4533 862 4618 approbantis,
887 4533 928 4598 ihi
943 4533 976 4596 5:
1003 4533 1043 4596 Εῖ
1064 4549 1139 4596 cam
1159 4531 1363 4616 peruenisset
1383 4531 1431 4596 ad

470 4639 607 4704 domum
638 4643 696 4702 etc.
728 4639 833 4702 Tertio
865 4635 1040 4703 ostenditur
1073 4635 1260 4702 sublimitas
1296 4635 1431 4718 imperii

472 4759 527 4826 per
551 4741 680 4806 modurn
703 4741 888 4828 efficientis,
912 4741 975 4806 ibi:
1001 4741 1074 4822 lpse
1097 4747 1207 4804 aulem
1234 4749 1341 4804 teneus
1357 4757 1430 4804 ma-

470 4867 554 4912 num
575 4847 655 4912 eius.
683 4847 801 4930 Quarto
823 4849 950 4912 notatur
982 4843 1150 4910 celebritas
1181 4843 1342 4910 miraculi
1372 4861 1429 4928 per

471 4953 599 5020 modum
626 4951 854 5030 terminantis,
879 4951 943 5018 ibi:
969 4955 1008 5016 Et
1031 4951 1131 5016 irascit
1157 4951 1206 5016 illi
1230 4949 1311 5014 dari
1331 4969 1428 5014 mun-

470 5059 605 5124 ducare.
632 5059 666 5124 Et
691 5057 734 5124 sic
758 5057 893 5140 perfecte
917 5055 1107 5130 describitur
1123 5053 1311 5148 miraculum
1328 5071 1429 5136 quan-

470 5167 537 5228 tum
564 5153 600 5228 ad
626 5163 826 5248 quadruplex
850 5179 949 5248 genus
973 5177 1095 5228 causae.

307 5307 401 5352 mm„
415 5305 452 5350 d„
561 5267 717 5332 Solirlitas
741 5275 846 5334 autem
870 5265 948 5352 delei
961 5257 1224 5350 ur·cdispnapopi
1239 5265 1428 5332 describitur

315 5361 438 5466 ,ζζῗῑξξὶξῇ
468 5371 502 5438 in
524 5371 640 5454 duplici
665 5379 828 5456 respectu:
846 5371 950 5456 primo
965 5377 1111 5454 respectu
1128 5371 1351 5436 dissuasionis
1367 5369 1428 5436 bu-

542 5691 551 5722 ¹
573 5695 646 5746 Vers.
665 5695 709 5746 38.
728 5723 762 5734 -
780 5695 897 5748 Subinde
915 5697 1040 5758 allegatur
1060 5697 1128 5746 ioan.
1146 5697 1194 5762 80,
1213 5697 1256 5748 27.

541 5777 552 5808 ²
572 5779 645 5832 Vers.
664 5781 693 5834 7.
710 5807 747 5820 -
764 5783 822 5834 Duo
840 5797 916 5848 seqq.
937 5783 986 5834 loci
1004 5789 1065 5836 sunt
1081 5783 1164 5848 apoc.
1185 5785 1232 5848 ῖ6,
1252 5783 1293 5834 116.
1313 5789 1338 5836 et
1351 5785 1427 5836 Rom.

471 5871 519 5932 te,
545 5869 587 5932 m,
616 5869 641 5920 in
670 5869 747 5920 cuius
770 5869 822 5920 tine
839 5869 922 5922 aab
941 5883 1020 5922 arma
1050 5869 1153 5924 salutis.
1173 5897 1208 5908 -
1228 5871 1353 5932 Superius
1377 5885 1427 5934 pro

377 5947 378 5952 ¹
469 5953 590 6012 calmutii
609 5955 631 6006 D
648 5955 810 6024 corrficmlur
828 5949 858 6022 (C
878 5953 1026 6024 confirmi),
1046 5959 1068 6008 H
1085 5957 1237 6026 conficitur.

540 6037 664 6094 ⁸Psalm.
685 6043 726 6106 il,
749 6041 789 6094 ti.
809 6071 840 6080 —
861 6043 985 6108 sequitur
1003 6043 1018 6094 l.
1039 6043 1105 6094 Petr.
1127 6043 1155 6104 l,
1178 6045 1200 6094 t.
1219 6059 1273 6110 seq.

540 6127 552 6158 ⁴
571 6127 623 6182 Cir.
641 6143 720 6194 supra
741 6145 765 6180 n.
782 6129 828 6182 72.

540 6213 645 6270 ὅ6665.
665 6217 708 6280 51,
728 6215 773 6268 ubi
793 6230 841 6280 pro
858 6215 1023 6284 pmrcnhsel
1049 6217 1090 6284 (ita
1120 6217 1197 6268 etiam
1226 6221 1254 6270 Β.
1278 6219 1376 6272 athera.
1400 6225 1427 6270 et

469 6307 497 6360 S.
516 6305 628 6366 fliam,
644 6301 700 6356 Cat.
720 6315 799 6352 aurea
820 6301 843 6352 in
863 6305 927 6354 Luc.
944 6317 966 6354 c.
987 6305 1011 6352 8.
1030 6317 1058 6352 n.
1076 6303 1113 6370 8.)
1135 6305 1246 6368 Vulgata
1265 6311 1292 6356 et
1312 6307 1370 6358 l'at.
1385 6317 1428 6358 ce·

468 6393 572 6458 nasah·
600 6391 671 6444 idem
699 6391 810 6440 recurrit
831 6389 895 6440 inira
927 6401 952 6440 n.
971 6391 1022 6448 905
1043 6391 1144 6442 tertium
1166 6391 1275 6444 habetur
1294 6407 1321 6444 v.
1339 6391 1383 6442 tii.
1400 6397 1428 6442 et

408 6467 411 6472 ’
468 6486 592 6548 quartum
613 6493 640 6530 r.
660 6477 703 6530 56.
722 6505 759 6514 -
776 6475 885 6528 iuferius
909 6489 957 6538 pro
972 6487 1023 6544 per
1043 6475 1153 6530 modum
1173 6475 1343 6530 imminentis
1370 6477 1428 6530 vat.

392 6633 396 6640 ⁴
467 6583 517 6638 per
535 6565 647 6618 modum
665 6561 811 6630 aritinus·
828 6565 875 6616 cfr.
893 6563 958 6616 inira
977 6579 1003 6616 n.
1022 6563 1068 6616 96.

539 6649 645 6704 ⁶Vers.
665 6653 675 6716 -Ι
684 6653 707 6704 3.

534 6735 641 6792 ’Vens
659 6739 702 6790 23.
856 6797 858 6800 ,

539 6825 551 6856 ⁸
569 6827 692 6892 Vulgata,
710 6827 768 6878 Vat.
786 6833 813 6880 et
830 6827 867 6880 H:
886 6823 950 6880 illoti
965 6839 1068 6880 secare
1085 6823 1166 6880 illum
1186 6823 1217 6892 [Η
1238 6823 1311 6876 addit
1326 6821 1428 6878 scilicet

2377 593 2442 662 213

1490 781 1611 830 mauce
1637 769 1671 832 et
1699 767 1845 846 respectu
1866 759 2099 848 persuasionis
2123 763 2279 838 divinoe·
2301 781 2358 848 per
2379 763 2444 850 pri-

1490 887 1572 936 mam
1598 877 1740 938 tentatur
1760 873 1794 934 θῖ
1815 887 1873 954 por
1895 867 2065 936 secundam
2090 867 2253 936 solidatur.

1577 979 1630 1042 88.
1655 975 1756 1060 (Vers.
1785 973 1864 1060 id).
1887 973 1992 1042 Primo
2012 973 2111 1060 igitur
2140 981 2295 1060 quantum
2316 975 2358 1042 ad
2379 983 2482 1042 teu-oe
2495 991 2605 1086 alran-

1492 1081 1643 1148 tationem
1668 1081 1747 1166 pillei
1766 1099 1824 1164 per
1848 1079 2089 1146 dissuasionem
2114 1077 2444 1148 bumanamdicitur:
2510 1055 2554 1088 Μ’

1492 1185 1612 1252 Adbuc
1633 1187 1689 1252 illo
1712 1187 1876 1274 loquente,
1899 1185 2016 1252 scilicet
2040 1185 2123 1262 Iesu,
2138 1185 2228 1252 uenit
2241 1183 2379 1272 quidam
2401 1187 2447 1252 acl

1489 1291 1676 1376 principem
1696 1309 1905 1378 spuapopaa·
1928 1289 2013 1356 uenit
2045 1297 2149 1356 autem
2183 1307 2246 1354 non
2269 1289 2302 1354 in
2324 1289 2445 1356 adiuto-

1493 1391 1574 1458 rium
1611 1393 1692 1462 sicut
1726 1395 1860 1480 Angelus
1892 1393 2016 1472 bonus,
2053 1393 2133 1460 sicut
2168 1393 2284 1458 dicitur
2310 1393 2445 1474 Danielis

1492 1494 1653 1564 decimoi:
1691 1499 1871 1576 «michael,
1901 1517 1987 1564 unus
2020 1497 2059 1564 de
2093 1495 2289 1582 principibus
2318 1497 2444 1580 primis,
2548 1497 2550 1500 ’

1493 1603 1575 1668 venit
1600 1603 1631 1666 in
1654 1603 1845 1668 adiutorium
1862 1627 1892 1682 »3
1918 1603 1972 1668 sed
1995 1603 2076 1668 sicut
2099 1603 2200 1668 malus
2216 1601 2348 1668 nuntius
2362 1601 2446 1668 venit

1492 1705 1529 1770 ad
1560 1707 1802 1792 impediendum.
1838 1709 1968 1792 Propter
1999 1707 2083 1792 quod
2114 1707 2213 1774 addit:
2250 1707 2367 1774 Dicens
2396 1709 2444 1774 ei:

1494 1811 1581 1892 Quia
1604 1819 1740 1878 mortrca
1765 1819 1812 1878 est
1841 1813 1892 1896 att
1937 1821 2016 1892 tuo,
2042 1819 2071 1880 et
2103 1813 2145 1878 ita
2170 1831 2232 1878 non
2255 1819 2446 1896 potestesse

1493 1931 1563 1996 spes
1584 1915 1624 1982 de
1646 1917 1729 1996 vita,
1753 1915 1926 1984 secundum
1949 1915 2028 1982 illud
2045 1917 2172 1984 secundi
2189 1919 2307 2002 Regum
2329 1915 2445 1984 duode-

1492 2019 1616 2086 simol:
1643 2045 1660 2078 <c
1676 2021 1777 2098 Nunc,
1803 2021 1878 2104 quia
1901 2029 2047 2088 mortuus
2069 2027 2117 2088 est
2138 2021 2257 2100 infans,
2282 2041 2379 2106 quare
2405 2023 2446 2088 ie-

1492 2123 1587 2190 iuno‘l
1611 2125 1755 2208 Nunquid
1782 2131 1890 2209 potero
1916 2143 2064 2192 revocare
2094 2143 2168 2192 eunt
2190 2127 2350 2212 amplius?
2384 2127 2446 2212 Ego

1492 2225 1602 2296 vadam
1625 2229 1722 2314 magn
1745 2229 1783 2296 ad
1807 2247 1896 2308 erim,
1923 2229 1974 2296 ille
1997 2247 2059 2294 non
2083 2236 2261 2297 revertetur
2286 2231 2323 2296 ad
2348 2249 2397 2296 me
2415 2257 2443 2296 s.

1490 2371 1535 2384 -
1553 2335 1585 2400 Et
1610 2335 1679 2400 ideo
1700 2333 1881 2418 subiungit:
1898 2335 1974 2398 Iam
1989 2335 2058 2400 noli
2070 2353 2192 2416 cenare
2208 2335 2409 2420 lllagistrnm
2421 2335 2444 2414 ³,

1490 2439 1520 2506 id
1536 2449 1598 2518 est,
1616 2441 1735 2506 frustra
1757 2443 1861 2506 tecum
1883 2437 1999 2506 ducere
2022 2457 2096 2506 com
2111 2439 2228 2506 labore.
2244 2439 2304 2506 Hoc
2319 2439 2445 2524 quidem

1491 2553 1558 2612 erat
1581 2545 1713 2612 verbum
1731 2543 1979 2622 contradenda,
2002 2543 2163 2610 Christum
2179 2561 2268 2626 posse
2285 2551 2445 2610 mortuum

1490 2653 1650 2718 suscitare.
1671 2651 1831 2734 ignorabat
1848 2649 1931 2716 enim
1945 2647 2023 2714 illud
2050 2647 2190 2716 divinum
2207 2649 2339 2716 verbum
2361 2649 2446 2716 loan-

1490 2757 1539 2824 nis
1562 2757 1714 2842 quinto⁹:
1745 2755 1857 2840 «Quia
1889 2755 1975 2822 venit
2009 2756 2106 2834 hora,
2128 2763 2166 2820 ut
2195 2755 2249 2838 qui
2279 2755 2310 2820 in
2335 2773 2445 2822 nronu-

1491 2863 1605 2930 mentis
1627 2867 1701 2928 sunt
1724 2861 1852 2926 audiant
1874 2877 1982 2928 vocem
2004 2861 2069 2926 Filii
2087 2859 2158 2940 Dei,
2174 2865 2204 2926 θῖ
2221 2859 2274 2944 qui
2291 2859 2445 2926 audierint

1491 2971 1638 3036 vitent».
1664 2969 1749 3036 Unde
1770 2965 1829 3034 iste
1853 2965 1984 3034 nuntius
2006 2985 2067 3034 non
2092 2965 2213 3034 dicebat
2237 2983 2278 3034 ex
2301 2983 2446 3034 reveren-

1492 3075 1552 3154 tia,
1575 3075 1657 3142 sicut
1689 3073 1851 3154 centurio,
1881 3091 1980 3156 supra
2000 3073 2149 3156 septimo:
2180 3073 2359 3150 «Domine,
2382 3073 2446 3138 noli

1492 3179 1602 3244 vexari
1619 3205 1650 3256 s,
1676 3177 1730 3246 sed
1761 3195 1806 3244 ex
1838 3177 2026 3256 diffidentia,
2062 3185 2099 3244 ut
2130 3177 2249 3245 diceret
2283 3177 2359 3242 illud
2394 3175 2445 3244 Iob

1464 3283 1640 3370 septimo:
1671 3283 1773 3350 «Dies
1799 3283 1857 3350 mei
1888 3283 2027 3350 velocius
2058 3283 2270 3362 transierunt,
2300 3295 2398 3368 quam·
2428 3299 2445 3346 a

1493 3393 1620 3454 texente
1651 3387 1712 3454 tela
1746 3387 1938 3466 succiditur,
1970 3393 2000 3454 et
2036 3387 2187 3454 consumti
2225 3393 2298 3454 sont
2327 3387 2445 3472 absque

1493 3493 1558 3558 ulla
1580 3511 1635 3578 spe
1652 3521 1683 3558 ι).
1792 3547 1793 3550 .

1576 3601 1632 3666 89.
1659 3599 1758 3682 (Vera
1785 3601 1861 3678 66).
1885 3599 2027 3666 Secundo
2057 3605 2213 3684 quantum
2236 3599 2274 3666 ad
2307 3599 2616 3706 robora-lhidtgesm·

1495 3703 1614 3768 tionem
1634 3703 1713 3788 fidei
1728 3721 1785 3788 per
1801 3703 1991 3770 suasionem
2006 3703 2158 3770 diuinam
2173 3703 2336 3772 subditur:
2357 3705 2445 3770 iesus
2550 3691 2555 3704 ⁴

1494 3817 1619 3886 auum,
1643 3809 1758 3874 credito
1783 3805 1842 3874 doe
1865 3809 1980 3886 uerbo,
2002 3809 2086 3892 quod
2103 3809 2220 3876 scilicet
2236 3817 2358 3892 poterat
2372 3827 2443 3874 con-

1494 3919 1606 3978 cutere
1625 3919 1758 3980 mentem
1784 3915 2040 4000 archisynagogi,
2063 3915 2155 4000 quia,
2173 3915 2346 3980 secundom
2369 3913 2445 3981 illud

1494 4017 1733 4084 Proverbiorum
1765 4019 1915 4102 vigesimo
1937 4025 2029 4084 sexto
2043 4019 2077 4096 ¹⁰,
2108 4019 2236 4084 «verba
2264 4019 2446 4084 susurronis
2499 4025 2500 4030 ’

1493 4119 1581 4204 quasi
1608 4121 1776 4204 simplicia,
1801 4127 1831 4186 θῖ
1855 4123 1931 4206 ipsaw
1943 4129 2109 4206 penetrant
2123 4141 2227 4206 usque
2242 4123 2280 4186 ad
2297 4123 2446 4188 interiora

1494 4225 1614 4290 uentris
1628 4249 1659 4288 a.
1684 4225 1726 4292 Ne
1749 4241 1824 4310 ergo
1848 4227 1980 4292 verbum
2006 4227 2117 4292 mortis
2147 4225 2280 4292 interius
2303 4233 2445 4310 penetra-

1494 4333 1560 4406 ret,
1582 4329 1710 4412 opponit
1735 4329 1867 4394 verbum
1889 4329 1986 4408 vitae;
2010 4335 2043 4394 et
2064 4329 2124 4394 hoc
2147 4334 2193 4396 est
2219 4329 2351 4396 uerbum
2374 4329 2445 4396 soli-

1493 4429 1569 4498 dans
1592 4431 1701 4510 fidem,
1720 4431 1808 4516 quia,
1831 4433 1871 4498 ad
1886 4433 2041 4498 Hebraeos
2056 4431 2185 4512 decimo,
2207 4459 2225 4492 (ι
2240 4433 2342 4500 iustus
2357 4451 2445 4500 meus

1493 4555 1534 4602 ex
1551 4537 1611 4602 fule
1627 4537 1721 4616 virit3
1739 4537 1848 4620 quodsi
1873 4537 2067 4602 subtraxerit
2091 4555 2138 4616 se,
2154 4555 2216 4604 non
2234 4537 2366 4622 placebit
2379 4538 2445 4604 ani-

1493 4657 1561 4706 mae
1576 4657 1665 4706 meae
1677 4667 1705 4704 »,
1725 4675 1764 4690 -·
1785 4639 1855 4706 ldeo
1869 4639 2010 4720 additur:
2037 4639 2130 4706 Dicit
2144 4643 2169 4680 11
2189 4641 2288 4726 patri
2300 4641 2443 4726 puellae:

1493 4743 1569 4810 Noli
1596 4745 1726 4822 tirnere,
1755 4741 1872 4810 scilicet
1903 4761 1942 4810 ex
1976 4743 2163 4822 diffidentia;
2196 4745 2295 4810 lacobi
2324 4745 2443 4828 primo:

1497 4847 1667 4914 «Postulat
1688 4855 1795 4914 autem
1817 4847 1851 4912 in
1873 4849 1947 4926 fide,
1972 4847 2049 4912 nihil
2084 4849 2250 4914 haesitans.
2280 4847 2339 4930 Qui
2363 4849 2444 4914 enim

1494 4951 1624 5020 haesitat
1646 4953 1757 5020 similis
1772 4959 1818 5020 est
1840 4953 1949 5020 fluctui
1975 4953 2083 5032 maris,
2108 4955 2163 5038 qui
2185 4971 2203 5020 a
2228 4961 2318 5020 vento
2343 4969 2445 5020 move-

1493 5063 1546 5122 tur
1568 5063 1599 5122 θῖ
1633 5057 1857 5124 circumfertur
1873 5085 1903 5122 i.
1928 5059 1977 5124 Sic
2010 5057 2050 5122 de
2083 5057 2238 5124 Abraham
2269 5055 2383 5122 dicitur
2408 5053 2443 5120 ad

1493 5161 1643 5228 Romanos
1676 5167 1808 5246 quarto,
1838 5161 1923 5248 quod
1951 5187 1968 5218 «
1984 5161 2013 5226 in
2039 5161 2244 5246 promissione
2279 5179 2340 5226 non
2374 5159 2445 5226 hae·

1492 5265 1596 5332 sitavit
1629 5265 1816 5344 diffidentia,
1839 5267 1893 5334 sed
1918 5265 2110 5332 confortatus
2142 5265 2204 5334 fule
2235 5273 2300 5344 est,
2330 5263 2444 5350 plenis-

1493 5371 1568 5438 sime
1592 5371 1708 5450 sciens,
1727 5371 1873 5456 quoniam
1898 5389 1980 5456 quae
2002 5371 2145 5454 promisit
2171 5373 2252 5438 Deus
2273 5377 2443 5456 potensest

1490 5695 1669 5766 Magistrum]
1676 5715 1686 5762 ,·
1705 5697 1792 5750 versio
1810 5711 1841 5748 ex
1860 5695 1937 5748 drab.
1963 5695 2054 5758 (biblia
2078 5695 2190 5748 maxima
2209 5701 2256 5746 etc.
2278 5697 2344 5748 ioan.
2363 5695 2398 5746 de
2421 5695 2443 5746 la

1490 5785 1589 5850 iiayelz
1609 5785 1647 5838 Ne
1666 5797 1746 5836 cemes
1762 5781 1935 5850 Magistrum.
1954 5785 2038 5836 Etiam
2056 5785 2175 5846 Lyranus
2192 5785 2266 5836 alieri
2287 5783 2311 5834 in
2325 5783 2442 5846 margine

1490 5871 1557 5922 hane
1574 5869 1726 5922 lectionem:
1745 5869 1810 5924 Noli
1825 5881 1927 5924 cenare
1943 5867 2109 5936 Magistrum
2114 5887 2124 5932 ,·
2143 5871 2188 5920 etr.
2207 5869 2286 5920 blare.
2304 5869 2334 5932 5,
2354 5867 2396 5920 36.
2409 5893 2443 5906 -

1491 5956 1608 6010 Subinde
1625 5971 1675 6022 pro
1691 5955 1789 6010 ducem
1806 5957 1827 6008 H
1847 5953 1980 6020 discendo,
2001 5961 2028 6008 et
2046 5969 2094 6018 pro
2113 5969 2175 6008 cum
2201 5953 2293 6008 labore
2309 5955 2364 6004 AD
2381 5965 2443 6006 eum

1514 6079 1516 6084 .
1552 6057 1605 6094 re.

1491 6043 1667 6178 mofvers.
1685 6127 1728 6178 88.
1746 6133 1771 6178 et
1790 6127 1833 6188 25,
1852 6125 1898 6178 ubi
1918 6125 2046 6178 habentor
2063 6123 2162 6178 verba:
2179 6127 2205 6178 ei
2224 6125 2271 6192 qui
2287 6123 2440 6188 audimini,

1490 6211 1585 6268 uideni.
1606 6241 1640 6252 —
1659 6215 1716 6266 Duo
1736 6227 1810 6280 seqq.
1830 6215 1879 6266 loci
1898 6217 1959 6264 sutri
1979 6217 2042 6266 Luc.
2061 6213 2094 6276 7,
2112 6213 2137 6262 6.
2157 6217 2181 6264 ct
2200 6209 2245 6262 lob
2262 6213 2294 6274 7,
2312 6211 2339 6262 6.

1560 6295 1582 6328 ¹⁰
1604 6301 1677 6352 Vers.
1695 6301 1745 6364 28,
1763 6299 1792 6352 in
1809 6301 1884 6352 errius
1912 6301 1963 6352 fine
1991 6299 2102 6364 Vulgata
2116 6299 2278 6364 percutiunt
2295 6297 2332 6352 ud
2349 6297 2442 6352 intima

1490 6387 1598 6442 uentris.
1617 6415 1654 6426 -
1673 6387 1796 6454 Sequitur
1813 6385 1891 6438 Hebr.
1913 6388 1959 6452 tto,
1979 6389 2022 6440 38.
2042 6391 2090 6440 Pro
2108 6401 2144 6440 ra
2162 6385 2214 6456 fide
2231 6385 2296 6440 crioil
2312 6385 2443 6442 CDGea

1489 6475 1541 6544 fide
1559 6487 1611 6526 sua
1629 6473 1697 6528 uiuet
1717 6473 1746 6542 [C
1763 6473 1859 6542 cioa];
1876 6475 1922 6526 cfr.
1940 6473 2039 6526 Hebae.
2058 6475 2089 6540 8,
2109 6473 2138 6526 i:
2152 6475 2235 6526 iustus
2246 6479 2335 6526 autem
2354 6475 2378 6526 io
2392 6473 2442 6526 fide

1490 6577 1536 6616 sua
1555 6561 1635 6614 rivet.

1561 6645 1580 6676 ¹¹
1604 6647 1730 6712 Vulgata,
1742 6661 1822 6714 quam
1836 6653 1983 6716 sequuntur
1999 6649 2022 6700 H
2041 6651 2065 6700 et
2085 6649 2154 6710 vat,
2167 6647 2317 6716 Respondit.
2330 6677 2363 6686 —
2378 6647 2442 6700 Sub-

1491 6735 1552 6788 inde
1569 6737 1714 6802 allegcntur
1733 6739 1782 6790 lac.
1802 6739 1831 6802 l,
1853 6739 1877 6790 6.
1895 6741 1921 6790 θῖ
1939 6739 2014 6790 Rom.
2036 6737 2063 6802 l,
2083 6737 2125 6790 20.
2144 6747 2199 6800 seq.
