5900 8266
959 507 1152 576 collatini.
1176 509 1215 578 ΙΝ
1237 507 1476 578 cinnabarin
1499 507 1616 578 Lucan
1642 511 1672 576 C.
1697 515 1773 582 XXI.

371 685 523 772 vigesimo
548 685 864 770 primo1:1«Videns
879 685 929 754 lici
953 687 1100 754 arborem
1116 703 1209 754 secus
1232 687 1331 766 viam,

372 791 458 858 venit
482 789 518 856 ad
544 809 612 858 cam
627 799 660 860 et
681 793 759 860 nihil
776 793 895 860 invenit
917 793 948 858 iu
973 793 1082 860 canisi
1107 791 1179 858 lolia
1196 801 1329 860 tantum.

372 895 410 962 Et
432 895 477 964 ait
491 895 553 964 illi:
578 899 745 986 Nunquam
769 919 809 966 ex
827 907 858 966 te
879 899 1003 964 fructus
1028 905 1175 964 nascatur
1190 925 1225 964 a.
1244 897 1332 964 Unde

371 1001 615 1088 chrysostomus
630 1007 666 1070 ²:
701 1031 718 1062 e
741 1003 827 1072 Sicut
860 1003 1052 1090 impossibile
1088 1009 1152 1084 θεῖ,
1184 1003 1330 1070 arborem

372 1127 465 1178 secus
487 1111 568 1178 riam
592 1113 717 1178 fructus
739 1111 779 1174 ad
800 1111 1014 1178 maturitatem
1038 1129 1181 1192 serrare3
1207 1111 1249 1178 sic
1274 1109 1332 1176 dii-

372 1217 453 1284 licile
478 1223 540 1300 est,
562 1217 723 1284 bominem
746 1217 839 1282 iuxta
860 1217 1014 1284 mundum
1039 1217 1194 1284 viventem
1222 1215 1332 1282 iuren-

372 1327 475 1390 tntem
497 1321 732 1388 immacalatam
755 1323 919 1406 usquead
941 1323 1037 1390 tinem
1066 1329 1173 1390 tenere
1188 1351 1221 1388 o.
1244 1321 1332 1388 Sicut

371 1429 467 1496 etiam
500 1429 631 1494 arbores
666 1427 874 1506 fructificant,
911 1429 1096 1496 abscedente
1129 1427 1250 1506 bieme;
1287 1425 1332 1494 sic

372 1537 468 1602 bomo
490 1535 629 1602 lrnctum
654 1535 747 1600 babet
763 1539 835 1618 post
857 1535 1105 1612 tribulationem3
1129 1525 1332 1602 Cantiiorum

373 1641 554 1708 secundoi:
585 1667 602 1700 «
616 1641 679 1706 lam
703 1641 804 1708 hiems
828 1641 969 1720 transiit,
992 1641 1095 1708 imber
1117 1641 1194 1708 abiit
1225 1647 1256 1722 θῖ
1285 1659 1334 1708 re-

373 1747 468 1814 cessit
483 1771 517 1826 >³3
541 1747 653 1816 «ficus
675 1747 807 1832 protulit
830 1765 954 1834 grossos
977 1765 1068 1826 suos,
1094 1747 1202 1814 vineae
1217 1747 1333 1814 floren-

224 1869 355 1914 tianum·
374 1859 422 1922 tes
443 1853 600 1932 dederuut
614 1853 741 1922 odorem
767 1873 861 1922 suum
876 1881 909 1920 »,
932 1853 986 1919 Hie
998 1852 1125 1946 ¹tructus
1142 1857 1188 1918 θεῖ
1213 1871 1269 1936 per
1286 1857 1333 1918 to-

372 1958 537 2024 lerantiam
560 1957 788 2038 tribulationis,
811 1957 985 2024 secundum
1010 1957 1088 2022 illud
1113 1957 1155 2022 ad
1175 1957 1332 2024 Hebraeos

372 2063 575 2130 duodecimo:
609 2061 750 2128 «Omnis
774 2060 935 2146 disciplina
959 2061 990 2128 in
1014 2059 1169 2144 praesenti
1195 2077 1256 2126 uon
1285 2067 1332 2128 est

372 2167 495 2254 gaudii,
520 2167 572 2236 sed
598 2167 769 2248 moeroris,
793 2173 901 2252 postea
929 2173 1035 2234 autem
1067 2167 1158 2232 aliert
1190 2167 1332 2232 fructum

371 2273 606 2358 pacatissimum
629 2271 810 2340 exercitatis
835 2289 891 2356 per
914 2289 982 2338 eam
998 2299 1030 2338 a.

464 2381 515 2446 bl.
545 2379 647 2464 (Vers.
672 2377 748 2460 3l.l.
774 2379 810 2446 Εῖ
833 2379 885 2446 hic
908 2377 1032 2446 fructus
1047 2377 1206 2464 colligitur
1224 2379 1256 2444 in
1280 2395 1333 2446 ae-

218 2501 307 2596 rqctns
320 2509 356 2544 ae·
373 2491 453 2552 state
476 2485 625 2560 claritatis
649 2491 810 2564 aeternae;
828 2485 1056 2572 propterquod
1080 2484 1203 2552 subdit:
1226 2485 1281 2550 lia
1302 2491 1332 2552 et

258 2563 330 2596 Μ’
373 2613 448 2672 eos,
475 2613 550 2660 carn
572 2593 723 2660 videritis
750 2589 831 2658 baec
853 2589 942 2678 yteri,
977 2591 1106 2670 scitote,
1143 2591 1332 2680 quoniame

370 2719 476 2786 prope
490 2707 538 2766 est
551 2719 692 2786 leynam
711 2699 771 2766 Dei
778 2723 789 2778 ,·
803 2697 924 2766 Glossa:
947 2725 964 2758 a
980 2699 1129 2786 Regnum
1142 2699 1204 2764 Dei
1221 2697 1332 2764 aestati

373 2813 552 2892 comparat,
575 2805 651 2892 quia
680 2813 756 2874 tunc
781 2803 933 2872 moeroris
965 2803 1062 2872 nostri
1088 2803 1196 2872 nubila
1219 2803 1332 2872 transi-

373 2911 471 2992 bunt,
494 2921 527 2980 θῖ
549 2913 667 2980 aeterni
692 2913 758 2980 dies
782 2911 862 2980 vitae
887 2911 945 2982 sub
974 2911 1113 2980 claritate
1137 2911 1211 2980 solis
1231 2911 1332 2996 ialge-

310 3105 312 3114 ,
372 3017 454 3084 bunt
471 3045 499 3080 a.
525 3019 557 3082 lo
574 3019 633 3084 bac
650 3025 765 3086 aestate
789 3019 921 3088 cessabit
938 3019 1056 3104 plavia
1082 3019 1332 3106 laerymarum

309 3115 311 3118 ’
372 3121 470 3190 Isaiae
501 3125 654 3208 vigesimo
686 3125 845 3208 quinto⁵:
879 3151 895 3184 a
918 3125 1028 3192 aufert
1060 3127 1214 3192 Dominus
1245 3125 1332 3192 Dens

372 3247 496 3296 omnem
521 3229 692 3314 lacrymam
717 3231 755 3296 ab
779 3231 862 3296 omni
887 3231 1011 3312 lacie»;
1036 3233 1193 3300 Psalmns:
1216 3257 1229 3290 o
1250 3233 1332 3298 Eun-

375 3341 421 3400 ῖθε
443 3335 532 3400 ibant
545 3339 587 3400 -et
602 3333 749 3402 blebam»
779 3343 837 3404 etc.
854 3337 993 3404 Cessabit
1015 3337 1166 3402 nubilam
1192 3337 1332 3402 tribula-

374 3441 522 3518 tionum:
545 3439 660 3508 Tobiae
690 3441 827 3528 tortior:
860 3467 876 3500 «
898 3443 968 3509 Post
998 3447 1215 3526 tempestatem
1245 3447 1332 3508 tran-

373 3547 508 3632 quillum
531 3547 606 3612 lacis
629 3553 660 3612 et
682 3553 753 3630 post
778 3547 1030 3632 lacrymationem
1045 3553 1078 3612 et
1093 3547 1203 3614 fletum
1223 3549 1332 3616 exsul-

373 3651 524 3718 tationem
547 3651 685 3718 iniundis
710 3679 724 3710 a
753 3657 811 3718 etc.
845 3653 983 3720 Cessabit
1012 3653 1103 3718 etiam
1127 3651 1242 3740 frigas
1274 3673 1332 3720 cn-

369 3757 574 3846 panteneia,-
605 3757 689 3824 unde
721 3759 899 3826 bernardus
913 3759 942 3824 l:
972 3785 987 3818 e
1012 3757 1036 3826 O
1060 3777 1137 3826 vera
1165 3757 1331 3840 meridieS,

372 3865 536 3952 plenitudo
557 3865 692 3932 ferroris
722 3873 753 3934 θῖ
777 3865 873 3946 lucis,
905 3865 978 3934 solis
1011 3865 1119 3946 statio,
1144 3867 1331 3934 umbrarum

373 3973 609 4052 exterminatio,
626 3973 792 4040 desiccatio
815 3973 981 4060 paludum,
998 3973 1154 4042 foetorum
1169 3973 1329 4058 depulsio!
1352 4009 1355 4014 ·

373 4079 560 4166 Operenne
586 4077 771 4160 solstitium,
801 4079 927 4162 qnando
951 4079 1013 4144 iam
1034 4097 1097 4146 non
1129 4079 1332 4146 inclinabitur

372 4185 458 4266 dies;
481 4203 500 4252 o
524 4185 630 4252 lumen
655 4183 882 4266 meridianum,
905 4203 924 4250 o
948 4185 1085 4252 vernalis
1106 4183 1287 4270 temperies,
1312 4205 1331 4252 o

348 4291 491 4358 ,aestiva
515 4295 678 4378 venustas,
704 4291 936 4358 oautumnalis
960 4291 1105 4358 ubertas!
1133 4291 1167 4356 lit
1191 4307 1230 4356 ne
1255 4290 1331 4376 quid

372 4396 481 4466 videar
503 4397 721 4482 praeteriisse:
745 4397 772 4462 Ο
794 4399 885 4480 quies
908 4403 939 4464 θῖ
962 4395 1084 4464 leriatio
1099 4395 1258 4462 hiemalis!
1276 4405 1331 4462 aut

374 4509 478 4584 certe,
502 4503 528 4570 si
551 4505 611 4570 boc
635 4503 733 4588 magis
757 4503 891 4588 probas,
920 4503 986 4570 sola
1011 4509 1086 4570 tnnc
1113 4489 1217 4598 biania
1247 4503 1332 4570 abiit

372 4617 405 4676 et
425 4609 558 4678 recessit
575 4613 612 4676 »l

446 4969 456 4998 1
476 4969 550 5024 Vers.
574 4969 614 5020 ra
635 4995 669 5008 -
688 4967 815 5032 Superius
834 4981 882 5032 pro
900 4965 939 5020 sic
958 4969 981 5022 et
999 4967 1079 5022 bomo
1101 4971 1249 5036 occupatas
1269 4969 1328 5022 Vat.

373 5057 413 5114 sic
431 5071 479 5112 nec
497 5057 591 5126 borno,
610 5055 659 5126 pai
674 5059 832 5124 occupatur.
1058 5061 1060 5066 '

445 5143 568 5200 ²Homil.
588 5147 630 5198 39.
650 5147 675 5196 in
688 5147 777 5198 lllattlr.
796 5147 840 5208 nl,
857 5145 900 5196 re.
913 5143 972 5212 (Op.
992 5143 1161 5216 imperfecti:
1181 5145 1254 5198 Sient
1266 5159 1330 5210 ergo

374 5233 478 5304 difficile
497 5239 550 5302 est,
571 5219 719 5286 arborem...
737 5231 869 5286 institiarn
888 5233 1083 5284 immaculatam
1100 5245 1186 5298 usque
1205 5233 1232 5284 in
1250 5233 1330 5284 linem

374 5337 489 5376 servare.
740 5373 741 5378 ,

446 5409 457 5440 ³
476 5411 550 5464 Vars.
572 5411 612 5462 ll.
627 5413 653 5462 et
671 5409 714 5458 ῖ3.
731 5435 767 5446 -
785 5407 908 5474 Sequitur
926 5401 1008 5460 Hebr.
1028 5409 1075 5472 la,
1098 5407 1142 5460 ll.
1154 5435 1190 5446 —
1203 5407 1330 5474 Superius

374 5511 424 5564 pro
443 5497 623 5570 irrectiicanl,
644 5495 795 5552 abscedente
815 5495 899 5550 bieme
914 5499 971 5550 Vat.
990 5497 1204 5568 fructificabant,
1223 5497 1345 5552 absente

374 5585 468 5640 bieme.
486 5587 593 5638 interius
611 5599 660 5650 pro
683 5599 731 5652 per
752 5583 923 5640 tolerantiam
949 5581 1131 5638 tribulationis
1149 5583 1201 5638 CD
1215 5599 1268 5652 per
1290 5589 1330 5640 to·

374 5671 521 5728 lerantiarn
539 5671 756 5728 tribulationum.

446 5759 556 5814 ‘Codd
578 5761 628 5814 CD
647 5759 719 5828 qnia
731 5761 867 5812 —Glossa
888 5773 945 5828 seq.
965 5767 1005 5814 θεῖ
1022 5759 1164 5814 at'dinarta
1185 5761 1224 5828 (aa
1244 5763 1328 5826 Beda,

334 5869 335 5874 ¹
374 5849 420 5918 qni
439 5851 557 5916 sequitur
581 5849 705 5914 (tregam,
722 5849 739 5900 ῖ.
761 5849 852 5902 Homil.
872 5851 898 5902 in
917 5847 1019 5914 Evang.
1037 5851 1128 5904 homil.
1154 5851 1178 5902 l.
1197 5865 1222 5902 n.
1242 5853 1277 5920 3.)
1296 5853 1329 5904 in

374 5941 438 5992 Luc.
458 5941 505 6004 nl,
524 5939 567 5990 29.
1211 5925 1213 5930 ’

446 6025 458 6058 ⁵
475 6029 549 6082 Vere.
570 6031 599 6092 8,
618 6027 663 6080 ubi
677 6039 726 6092 pro
739 6025 837 6094 insert
853 6027 876 6080 H
896 6041 957 6078 cnm
968 6029 1083 6092 Vulgata
1094 6027 1222 6096 Auferet:
1235 6031 1329 6082 eadem

375 6117 486 6180 Vulgata
500 6117 594 6170 omittit
605 6113 725 6178 omrtem,
739 6115 813 6182 quod
825 6115 902 6166 etiam
914 6115 1036 6168 exhibent
1049 6115 1227 6178 Septuaginta.
1243 6145 1276 6154 -
1287 6121 1330 6168 Se-

373 6203 463 6270 quitur
474 6205 515 6256 Ρε.
530 6205 588 6268 lna,
602 6205 627 6256 6.
764 6203 774 6234 ⁰
788 6203 862 6256 Vere.
875 6205 917 6264 ab,
930 6201 975 6256 ubi
989 6217 1036 6268 pro
1049 6199 1118 6270 sacis
1131 6203 1244 6256 CDGH
1256 6203 1328 6272 facit.

447 6289 457 6318 ⁷
475 6291 559 6342 Serm.
580 6291 621 6342 33.
642 6291 666 6342 in
686 6291 759 6344 Cant.
777 6305 803 6340 u.
824 6291 851 6352 6;
872 6291 897 6340 in
915 6289 968 6340 fine
986 6291 1113 6352 allegator
1137 6289 1211 6342 Cant.
1230 6293 1261 6354 2,
1280 6293 1329 6342 ll:

374 6379 426 6428 lam
447 6375 516 6428 euim
534 6377 620 6430 biems
639 6379 753 6438 transiit,
771 6375 856 6428 imber
876 6375 939 6428 abiit
957 6381 982 6428 θῖ
1000 6375 1114 6428 recessit.
1140 6377 1190 6428 Pro
1217 6377 1325 6442 videar,

374 6463 448 6532 quod
467 6463 544 6516 babet
563 6469 648 6518 textus
665 6463 816 6530 originalis,
834 6477 913 6528 quem
932 6465 1050 6536 sequitur
1070 6463 1128 6518 Vol.
1143 6479 1203 6518 eum
1222 6469 1329 6520 nonnul·

374 6553 405 6606 lis
422 6553 517 6616 codd,
535 6551 618 6606 acb
637 6551 770 6606 rideatur.

446 6639 457 6672 ⁸
474 6643 534 6694 Vat.
553 6655 614 6694 cum
627 6643 747 6706 ¹Vulgata
767 6639 843 6712 qnia,
861 6643 885 6694 H
903 6639 1101 6716 praemonente.
1115 6643 1192 6696 blare.
1209 6643 1253 6712 te,
1265 6643 1329 6712 38).

263 6723 264 6726 ¹
375 6763 410 6772 -
428 6733 518 6786 Glossa
530 6745 585 6798 seq.
598 6737 639 6784 est
650 6727 833 6786 interlinearis
845 6729 903 6800 (cir.
916 6733 1039 6796 aragon,
1054 6733 1071 6800 l.
1084 6733 1177 6784 Homil.
1191 6733 1216 6784 in
1228 6735 1329 6800 Erang.

375 6823 466 6876 lromil.
487 6823 511 6874 l.
530 6835 555 6872 u.
578 6821 601 6872 l.
619 6821 646 6874 in
663 6821 815 6892 principio).

480 6927 511 6984 S.
528 6927 634 6982 Bonan.
647 6957 681 6968 -
695 6931 773 6984 Pom.
789 6931 843 6986 Vll.

1382 3021 1499 3106 ,omnia
1522 3021 1602 3088 sicut
1627 3021 1827 3106 temporalia,
1850 3023 1904 3090 sea
1936 3029 2081 3104 econtra,
2108 3021 2210 3088 uerba
2241 3031 2348 3090 antem
2375 3043 2421 3088 oa.

2286 525 2349 592 537

1485 679 1538 754 bb.
1562 685 1664 772 (Vers.
1681 687 1760 772 37).
1784 691 1890 758 Tertio
1906 701 2058 778 quantum
2077 697 2114 762 ad
2139 697 2404 764 assertionesque
2417 719 2518 782 asseran-

1396 793 1647 882 eertiyieatioarn
1669 793 1848 880 subiungit:
1873 799 1979 862 Anien
2003 799 2076 864 dieo
2105 799 2215 878 vobis,
2239 801 2350 886 qaod8
2376 771 2517 866 iiiviiffufl'

1394 921 1462 968 non
1480 899 1674 988 praeteribit
1695 899 1863 986 generatio
1886 899 1980 978 bace,
2006 903 2105 968 donec
2122 903 2235 968 omitia
2251 901 2350 986 dant,-

1395 1009 1515 1076 Glossa:
1536 1009 1650 1092 «Quae
1664 1005 1734 1078 dico
1749 1007 1839 1072 vobis
1854 1007 1914 1072 sub
1931 1005 2118 1072 certitudine
2132 1011 2310 1092 exspectate
2320 1033 2349 1074 a.

1395 1113 1490 1180 Hane
1514 1121 1617 1182 autem
1642 1113 1885 1202 perterritionem
1901 1115 1989 1178 accat
2013 1111 2243 1196 generationem
2270 1129 2352 1178 mor-

1394 1218 1501 1300 talem,
1525 1221 1696 1288 secundum
1719 1221 1794 1288 illud
1813 1217 2013 1288 Ecclesiastae
2027 1217 2167 1302 primol:
2192 1215 2351 1284 «Genera-

1395 1327 1437 1392 tio
1460 1327 1627 1412 praeterit,
1652 1333 1680 1394 et
1705 1327 1862 1414 generatio
1879 1323 2004 1394 advenit
2019 1351 2050 1390 a.
2075 1325 2154 1390 Haec
2172 1323 2350 1408 praeterit,

1395 1431 1521 1516 quaudo
1551 1433 1663 1498 transit
1693 1433 1731 1502 ad
1763 1431 2028 1500 immortalitatem
2058 1447 2115 1516 per
2147 1429 2352 1498 resurrectio-

1395 1555 1480 1620 nem;
1496 1539 1658 1606 Glossa10:
1679 1565 1697 1600 ε
1713 1539 1757 1606 ne
1779 1541 1967 1606 mortalitate
1988 1537 2028 1606 ad
2042 1535 2307 1604 immortalitatem
2322 1565 2350 1604 a.

1395 1645 1430 1710 Et
1451 1643 1528 1712 baec
1550 1645 1743 1713 resurrectio
1768 1663 1830 1714 non
1855 1647 1916 1740 erit
1935 1653 2007 1714 ante
2027 1645 2261 1734 praedictorum
2279 1661 2352 1714 con-

1396 1751 1652 1830 summationem,
1664 1751 1752 1834 qnia,
1767 1751 1819 1817 lob
1838 1751 1959 1832 decimo
1978 1759 2107 1838 quarto,
2131 1779 2145 1810 ε
2157 1753 2263 1832 bomo,
2279 1769 2350 1820 cum

1396 1855 1578 1936 dormierit,
1601 1873 1665 1922 non
1695 1861 1853 1940 resurget,
1878 1859 1975 1924 donec
2003 1863 2158 1926 atteratur
2183 1859 2303 1926 caelum
2319 1885 2349 1924 a.

1484 1963 1536 2028 83.
1562 1963 1662 2046 (Vers.
1680 1961 1760 2040 38).
1778 1963 1814 2026 Et
1835 1963 1902 2030 ideo
1917 1963 2037 2030 subdit:
2065 1965 2200 2032 Caelum
2214 1973 2245 2032 et
2261 1975 2349 2032 terra
2367 1987 2451 2032 arana
2463 1989 2516 2050 aga·

1397 2069 1605 2146 transibnnt,
1631 2073 1783 2152 quantum
1807 2067 1844 2134 ad
1868 2069 2061 2134 exteriorem
2080 2069 2244 2156 yipnrant;
2268 2073 2349 2140 Psal-
2378 2053 2401 2086 ¹³
2414 2041 2497 2086 ‘mmm'

1396 2177 1525 2242 mus11:
1553 2199 1570 2232 α
1586 2173 1633 2240 iu
1649 2173 1680 2238 iu
1698 2173 1864 2260 principio,
1890 2173 2032 2254 Domine,
2048 2181 2172 2260 ,terram
2196 2177 2349 2260 fundasti,

1397 2287 1425 2348 et
1450 2299 1545 2366 opera
1568 2297 1720 2346 manuum
1744 2287 1871 2346 tuarum
1897 2287 1970 2348 sunt
1994 2281 2080 2348 caeli.
2104 2281 2163 2366 Ipsi
2189 2283 2349 2368 peribunt,

1397 2393 1431 2456 tn
1455 2393 1559 2454 autem
1583 2403 1779 2472 permanes»
1803 2393 1878 2470 etc.;
1898 2393 1929 2454 et
1952 2387 2021 2454 ideo
2039 2387 2160 2472 primae
2183 2389 2221 2454 ad
2244 2389 2350 2458 Coriu-

1396 2495 1477 2560 thios
1496 2495 1647 2578 septimo:
1667 2519 1684 2552 ε
1702 2493 1851 2561 Praeterit
1868 2495 1970 2580 ligura
1985 2495 2082 2562 huius
2096 2495 2250 2562 muudi».
2267 2497 2350 2566 Unde

1395 2599 1488 2666 isaiae
1514 2597 1773 2684 quinquagesimo
1794 2599 1914 2684 primo:
1947 2599 2057 2668 «Caeli
2082 2599 2163 2668 sicut
2187 2599 2292 2668 lamus
2315 2603 2351 2668 li-

1396 2709 1563 2790 qaeseeut‚
1587 2708 1618 2788 θῖ
1643 2711 1725 2770 terra
1750 2703 1832 2772 sicut
1850 2705 2071 2772 vestimentum
2094 2711 2250 2772 atteretur
2265 2731 2299 2786 »3
2321 2715 2351 2776 et

1395 2811 1489 2878 isaiae
1514 2809 1708 2896 sexagesimo
1723 2811 1847 2896 quinto:
1871 2811 1989 2890 «Eece,
2015 2829 2072 2896 ego
2087 2829 2160 2878 ereo
2184 2813 2283 2880 caelos
2300 2831 2352 2880 no·

1396 2935 1452 2984 ros
1472 2923 1504 2982 et
1527 2921 1646 2982 terram
1669 2935 1782 2984 noram
1799 2943 1830 2984 θ,
1858 2953 1900 2968 -
1930 2917 1965 2984 Εῖ
1988 2917 2058 2984 ideo
2085 2923 2251 2984 transeant
2273 2917 2349 2984 baec
2372 2937 2504 3034 {33:333

1394 3149 1469 3196 ntea
1491 3149 1557 3196 raon
1583 3129 1790 3208 transibant,
1824 3135 1974 3216 quantum
2000 3129 2037 3196 ad
2069 3129 2259 3196 interiorem
2279 3151 2351 3198 sen

1397 3235 1550 3312 tentiam:
1583 3235 1779 3302 Psalmus12:
1811 3265 1828 3298 a
1842 3237 1875 3304 ln
1898 3243 2081 3316 aeternum,
2109 3235 2256 3316 Domine,
2279 3255 2349 3322 per-

1396 3347 1500 3408 manet
1530 3343 1662 3410 verbum
1697 3349 1787 3408 tuum
1805 3369 1835 3408 a.
1867 3343 1954 3412 Unde
1983 3341 2169 3428 Gregorius:
2201 3367 2216 3400 e
2231 3341 2349 3422 Omne,

1396 3445 1479 3530 quod
1505 3447 1586 3532 apud
1620 3465 1674 3514 ros
1699 3447 1841 3516 durabile
1864 3457 1896 3516 et
1926 3449 1993 3516 sine
2020 3447 2193 3514 mutatione
2215 3455 2279 3528 est,
2312 3447 2349 3516 ad

1394 3553 1608 3622 aeternitatem
1634 3553 1777 3618 durabile
1804 3573 1865 3620 non
1890 3561 1954 3634 est;
1977 3559 2010 3620 et
2024 3571 2135 3632 omne,
2158 3553 2244 3638 quod
2267 3553 2349 3638 apud

1397 3673 1447 3724 me
1469 3657 1604 3722 transire
1637 3655 1790 3736 cernitur,
1816 3659 1916 3724 fixum
1942 3663 1971 3724 et
2003 3657 2069 3724 sine
2099 3659 2235 3724 transitu
2265 3665 2349 3724 tene·
2451 3647 2454 3664 ¹

1396 3767 1449 3828 tur
1465 3787 1495 3826 a.
1520 3761 1605 3828 Unde
1623 3761 1715 3828 isaiae
1730 3763 1968 3848 quadragesimo
1981 3763 2025 3826 1³:
2057 3787 2072 3820 «
2087 3761 2286 3828 Exsiccatum
2305 3767 2350 3828 est

1395 3867 1539 3948 foenum,
1556 3873 1588 3934 θῖ
1610 3866 1721 3935 cecidit
1736 3867 1812 3948 ilos;
1836 3869 1968 3936 verbum
1986 3873 2090 3936 autem
2112 3865 2234 3932 Domini
2252 3865 2349 3934 nostri

1395 3979 1500 4040 manet
1522 3973 1553 4040 in
1588 3975 1884 4058 aeternaitatem
1917 3973 1986 4040 vult
2019 3973 2117 4060 igitur
2150 3971 2349 4040 aeternaliter

1394 4097 1539 4158 manere,
1565 4085 1707 4164 oportet,
1730 4081 1816 4164 quod
1837 4081 1871 4146 in
1894 4081 2083 4148 transitoriis
2106 4097 2168 4146 non
2192 4081 2349 4156 moretur,

1394 4187 1449 4254 sed
1482 4185 1588 4270 potins
1622 4185 1792 4252 deserendo
1827 4185 2007 4252 transitoria
2028 4205 2086 4270 per
2120 4183 2223 4252 diviua
2255 4183 2350 4250 rerba

1394 4299 1531 4358 transeat
1555 4291 1593 4358 ad
1617 4299 1755 4360 aeterna.

1483 4399 1535 4462 bt.
1560 4399 1691 4482 Propter
1713 4397 1796 4482 quod
1814 4397 2003 4478 notandum,
2025 4397 2110 4484 quod
2132 4393 2268 4464 mundus
2291 4395 2514 4508 istemgtsgaqsoatl

1394 4501 1509 4570 transit
1529 4509 1682 4590 quantum
1706 4503 1746 4570 ad
1768 4521 1860 4570 omne
1889 4503 1972 4588 quod
1996 4505 2090 4572 babet
2113 4505 2145 4570 in
2173 4521 2205 4570 εθ
2228 4503 2345 4588 appeti·
2354 4477 2512 4562 celsitudinem.

1394 4609 1464 4678 bile.
1490 4609 1615 4686 Transit
1637 4609 1740 4694 primo
1757 4609 1875 4694 quoad
1902 4609 2127 4686 celsitudinem
2135 4633 2146 4688 ;
2176 4609 2348 4694 Sapientiae

1465 4967 1570 5022 9Vers.
1589 4969 1614 5020 i.

1465 5055 1488 5086 ¹⁰
1508 5057 1608 5110 Scilicet
1628 5053 1818 5110 interlinearis.
1830 5053 1977 5122 Clnysost.‚
1991 5055 2083 5108 Hamil.
2099 5055 2142 5106 38.
2154 5053 2183 5106 in
2195 5055 2281 5108 blattb.
2301 5053 2348 5122 il,

1395 5145 1438 5198 34.
1458 5143 1519 5212 (Op.
1549 5143 1723 5212 imperfecti:
1746 5143 1887 5200 Generatia
1910 5143 1976 5208 ista,
2003 5143 2029 5196 id
2053 5149 2103 5208 θεῖ,
2129 5149 2173 5196 aut
2200 5143 2346 5198 iacientium

1394 5237 1461 5286 bane
1488 5235 1669 5296 tentationem,
1690 5239 1733 5284 ant
1752 5233 1919 5300 patientium,
1942 5239 1986 5284 ant
2007 5237 2175 5298 peecatonrm
2198 5233 2348 5300 bominum,

1394 5329 1440 5378 ant
1457 5321 1689 5388 daemonnm,an
1702 5327 1842 5386 operantur
1861 5323 1888 5374 in
1907 5323 1970 5374 eis...
1991 5325 2034 5374 ant
2054 5327 2124 5374 certe
2141 5321 2346 5374 Christianorum

1395 5413 1589 5476 generationem
1607 5411 1684 5474 dicit,
1697 5411 1722 5462 id
1743 5417 1795 5464 est:
1814 5409 1950 5480 generatio
1963 5411 2012 5464 ista
2030 5413 2146 5464 mortalis
2165 5425 2215 5464 non
2230 5411 2349 5464 transibit

1388 5497 1428 5554 'ad
1455 5499 1689 5562 immortalitatem,
1706 5497 1803 5566 detrec,
1825 5499 1851 5552 id
1877 5505 1929 5566 est,
1951 5499 2001 5554 nisi
2019 5503 2084 5554 haee
2106 5499 2199 5552 luerint
2225 5515 2347 5554 consum·

1395 5595 1477 5652 mata,
1498 5595 1525 5642 ut
1537 5593 1628 5654 postea
1641 5587 1794 5642 immortalis
1814 5595 1837 5640 at
1855 5587 2022 5654 tmpassibilis
2042 5591 2093 5642 liat.
2107 5617 2141 5628 -
2155 5587 2271 5642 Subinde
2292 5591 2348 5642 alle·

1394 5683 1470 5742 gatar
1491 5675 1533 5728 lob
1556 5677 1602 5740 ll,
1623 5677 1662 5728 li.

1464 5761 1486 5794 ²²
1507 5765 1600 5816 Psalm.
1621 5763 1687 5828 llll,
1706 5763 1749 5816 76.
1768 5779 1822 5830 seq.
1835 5791 1872 5802 —
1885 5763 2034 5830 Sequuntur
2054 5767 2071 5816 l.
2089 5763 2147 5816 Cor.
2167 5763 2197 5830 7,
2217 5765 2265 5830 3·l;
2285 5763 2342 5818 lsai.

1394 5855 1444 5918 bl,
1463 5853 1488 5904 8.
1508 5851 1614 5920 ticli:
1634 5851 1707 5906 Caeli
1728 5851 1798 5906 sicat
1821 5851 1914 5920 inmas
1934 5853 1957 5904 et
1982 5865 2046 5906 cera
2071 5851 2220 5920 liquescant
2245 5851 2303 5920 ete.)
2322 5857 2349 5904 ot

1395 5941 1443 6006 65,
1457 5941 1543 5994 l7.·-
1554 5941 1643 5992 Glossa
1655 5937 1837 5994 interlinearis
1853 5939 1894 6006 (ex
1907 5939 2003 6004 Beda):
2017 5939 2139 6004 Caelata,
2159 5941 2281 6002 ebreum,
2296 5955 2346 5992 non

1394 6033 1562 6094 nectareum,
1579 6031 1602 6082 et
1622 6031 1696 6082 terra
1718 6025 1886 6090 transibant,
1904 6025 2109 6100 inperabantur,
2128 6027 2246 6092 deposita
2266 6027 2347 6092 priori

1394 6121 1494 6180 torma,
1512 6103 1683 6182 permanente
1706 6121 1794 6168 atrtem
1814 6115 1971 6178 substantia:
1991 6115 2062 6168 trade
2084 6115 2181 6168 dicitur
2204 6115 2298 6182 [Eccle.
2318 6117 2346 6178 l,

1394 6205 1449 6274 i.]:
1469 6205 1556 6256 Terra
1578 6201 1607 6256 in
1630 6207 1770 6256 aeternnm
1793 6205 1857 6256 stat.
1877 6201 1930 6256 Cir.
1946 6203 2064 6266 Hieron,
2090 6205 2132 6254 lV.
2151 6203 2297 6256 Commeat.
2321 6203 2346 6256 in

1394 6293 1479 6344 Matlb.
1501 6291 1547 6354 nl,
1567 6291 1610 6342 35.
1629 6289 1696 6342 Vide
1707 6293 1785 6344 etiam
1805 6295 1869 6344 torn.
1886 6289 1930 6342 lV.
1942 6303 2004 6354 pag.
2022 6291 2088 6356 aab,
2101 6295 2189 6342 notam
2208 6291 2233 6342 8.
2247 6295 2271 6342 et
2285 6305 2346 6356 pag.

1394 6379 1458 6444 883,
1476 6385 1565 6432 notam
1577 6377 1603 6430 7.
2065 6411 2068 6418 ,

1464 6463 1487 6496 1²
1508 6467 1600 6518 Psalm.
1621 6465 1687 6528 trs,
1706 6465 1751 6518 88.
1762 6493 1797 6504 -
1811 6465 1940 6519 Sententia
1952 6465 2071 6530 Gregorii
2087 6463 2198 6520 babetur
2216 6469 2235 6518 1.
2252 6467 2346 6520 Homil.

1394 6555 1420 6608 in
1439 6557 1539 6620 Evang.
1558 6553 1646 6606 homil.
1667 6555 1691 6606 l.
1709 6567 1738 6608 n.
1757 6553 1780 6606 i.
1800 6557 1848 6608 Pro
1862 6553 1937 6622 apua
1952 6567 2000 6610 bos
2019 6553 2185 6622 (italicum
2206 6559 2276 6606 texta
2297 6555 2348 6606 ori-

1394 6645 1483 6714 ginali)
1504 6645 1563 6700 Val.
1580 6643 1654 6714 apud
1672 6657 1729 6700 nos.
1755 6645 1781 6698 ln
1808 6645 1859 6698 bne
1877 6645 1995 6700 additur:
2013 6645 2078 6712 Quia
2099 6645 2155 6696 sino
2177 6643 2346 6696 mutabilitate
2433 6671 2434 6676 .

1392 6739 1527 6788 manentes
1546 6733 1686 6788 sententias
1703 6733 1823 6802 exprimit
1841 6749 1917 6786 meus
1935 6745 2033 6796 sermo,
2054 6733 2100 6800 qui
2118 6733 2217 6784 transit.

1463 6823 1487 6856 ¹³
1507 6825 1580 6880 Vens,
1600 6825 1625 6878 7.
1643 6829 1671 6878 θῖ
1690 6825 1713 6876 8.

2204 6927 2304 6978 68,
