<?xml version="1.0" encoding="UTF-8"?>
<!DOCTYPE html PUBLIC "-//W3C//DTD XHTML 1.0 Transitional//EN"
    "http://www.w3.org/TR/xhtml1/DTD/xhtml1-transitional.dtd">
<html xmlns="http://www.w3.org/1999/xhtml" xml:lang="en" lang="en">
 <head>
  <title>
</title>
<meta http-equiv="Content-Type" content="text/html;charset=utf-8" />
  <meta name='ocr-system' content='tesseract 3.04.00' />
  <meta name='ocr-capabilities' content='ocr_page ocr_carea ocr_par ocr_line ocrx_word'/>
</head>
<body>
  <div class='ocr_page' id='page_1' title='image "./doctorisseraphi01italgoog_0644.png"; bbox 0 0 5900 8266; ppageno 0'>
   <div class='ocr_carea' id='block_1_1' title="bbox 1064 511 1615 588">
    <p class='ocr_par' dir='ltr' id='par_1_1' title="bbox 1064 511 1615 588">
     <span class='ocr_line' id='line_1_1' title="bbox 1064 511 1615 588; baseline -0.015 0"><span class='ocrx_word' id='word_1_1' title='bbox 1064 517 1262 588; x_wconf 86' lang='lat' dir='ltr'>EXPOSlTlO</span> <span class='ocrx_word' id='word_1_2' title='bbox 1285 513 1518 586; x_wconf 82' lang='lat' dir='ltr'>TllllENOllUld</span> <span class='ocrx_word' id='word_1_3' title='bbox 1538 511 1572 580; x_wconf 86' lang='lat' dir='ltr'>C.</span> <span class='ocrx_word' id='word_1_4' title='bbox 1595 517 1615 582; x_wconf 92' lang='grc' dir='ltr'>Ι.</span> 
     </span>
    </p>
   </div>
   <div class='ocr_carea' id='block_1_2' title="bbox 194 699 1335 5628">
    <p class='ocr_par' dir='ltr' id='par_1_2' title="bbox 356 699 1314 778">
     <span class='ocr_line' id='line_1_2' title="bbox 356 699 1314 778; baseline -0.002 -16"><span class='ocrx_word' id='word_1_5' title='bbox 356 703 513 772; x_wconf 77' lang='lat' dir='ltr'>ferendam:</span> <span class='ocrx_word' id='word_1_6' title='bbox 541 703 615 760; x_wconf 89' lang='lat' dir='ltr'>unde</span> <span class='ocrx_word' id='word_1_7' title='bbox 647 703 816 778; x_wconf 77' lang='lat' dir='ltr'>Gregorius:</span> <span class='ocrx_word' id='word_1_8' title='bbox 854 703 918 760; x_wconf 71' lang='lat' dir='ltr'>:Si</span> <span class='ocrx_word' id='word_1_9' title='bbox 944 699 1024 758; x_wconf 90' lang='lat' dir='ltr'>iusta</span> <span class='ocrx_word' id='word_1_10' title='bbox 1053 701 1164 772; x_wconf 90' lang='lat' dir='ltr'>placere</span> <span class='ocrx_word' id='word_1_11' title='bbox 1194 699 1314 760; x_wconf 89' lang='lat' dir='ltr'>Domino</span> 
     </span>
    </p>

    <p class='ocr_par' dir='ltr' id='par_1_3' title="bbox 355 793 1312 870">
     <span class='ocr_line' id='line_1_3' title="bbox 355 793 1312 870; baseline -0.002 -14"><span class='ocrx_word' id='word_1_12' title='bbox 355 801 471 868; x_wconf 89' lang='lat' dir='ltr'>scimus,</span> <span class='ocrx_word' id='word_1_13' title='bbox 492 799 669 870; x_wconf 85' lang='lat' dir='ltr'>patientem</span> <span class='ocrx_word' id='word_1_14' title='bbox 688 801 786 868; x_wconf 90' lang='lat' dir='ltr'>nulla,</span> <span class='ocrx_word' id='word_1_15' title='bbox 806 793 862 856; x_wconf 86' lang='grc'><strong>3131</strong></span> <span class='ocrx_word' id='word_1_16' title='bbox 890 813 962 870; x_wconf 89' lang='lat' dir='ltr'>quae</span> <span class='ocrx_word' id='word_1_17' title='bbox 987 797 1107 856; x_wconf 88' lang='lat' dir='ltr'>Domino</span> <span class='ocrx_word' id='word_1_18' title='bbox 1128 797 1312 868; x_wconf 87' lang='lat' dir='ltr'>placuerunt,</span> 
     </span>
    </p>

    <p class='ocr_par' dir='ltr' id='par_1_4' title="bbox 354 893 1314 968">
     <span class='ocr_line' id='line_1_4' title="bbox 354 893 1314 968; baseline -0.001 -14"><span class='ocrx_word' id='word_1_19' title='bbox 354 911 518 968; x_wconf 78' lang='lat' dir='ltr'>possumus:</span> <span class='ocrx_word' id='word_1_20' title='bbox 540 897 615 954; x_wconf 88' lang='lat' dir='ltr'>iusta</span> <span class='ocrx_word' id='word_1_21' title='bbox 636 895 705 954; x_wconf 89' lang='lat' dir='ltr'>sunt</span> <span class='ocrx_word' id='word_1_22' title='bbox 725 895 842 964; x_wconf 90' lang='lat' dir='ltr'>cuncta,</span> <span class='ocrx_word' id='word_1_23' title='bbox 862 911 933 968; x_wconf 84' lang='lat' dir='ltr'>quae</span> <span class='ocrx_word' id='word_1_24' title='bbox 956 893 1095 966; x_wconf 89' lang='lat' dir='ltr'>patimur,</span> <span class='ocrx_word' id='word_1_25' title='bbox 1115 895 1146 952; x_wconf 90' lang='lat' dir='ltr'>et</span> <span class='ocrx_word' id='word_1_26' title='bbox 1164 895 1246 952; x_wconf 83' lang='lat' dir='ltr'>ualde</span> <span class='ocrx_word' id='word_1_27' title='bbox 1274 895 1314 954; x_wconf 89' lang='lat' dir='ltr'>in·</span> 
     </span>
    </p>

    <p class='ocr_par' dir='ltr' id='par_1_5' title="bbox 353 989 1314 1064">
     <span class='ocr_line' id='line_1_5' title="bbox 353 989 1314 1064; baseline 0 -16"><span class='ocrx_word' id='word_1_28' title='bbox 353 991 460 1048; x_wconf 87' lang='lat' dir='ltr'>iustum</span> <span class='ocrx_word' id='word_1_29' title='bbox 481 991 538 1062; x_wconf 91' lang='lat' dir='ltr'>est,</span> <span class='ocrx_word' id='word_1_30' title='bbox 552 995 578 1050; x_wconf 91' lang='lat' dir='ltr'>si</span> <span class='ocrx_word' id='word_1_31' title='bbox 593 993 623 1052; x_wconf 92' lang='lat' dir='ltr'>de</span> <span class='ocrx_word' id='word_1_32' title='bbox 638 991 694 1050; x_wconf 90' lang='lat' dir='ltr'>ista</span> <span class='ocrx_word' id='word_1_33' title='bbox 710 991 840 1064; x_wconf 89' lang='lat' dir='ltr'>passione</span> <span class='ocrx_word' id='word_1_34' title='bbox 857 1007 1066 1048; x_wconf 79' lang='lat' dir='ltr'><strong>murmuramus</strong></span> <span class='ocrx_word' id='word_1_35' title='bbox 1082 1015 1109 1046; x_wconf 80' lang='lat' dir='ltr'>o.</span> <span class='ocrx_word' id='word_1_36' title='bbox 1132 989 1253 1048; x_wconf 81' lang='lat' dir='ltr'>(llossa1</span> <span class='ocrx_word' id='word_1_37' title='bbox 1277 991 1314 1048; x_wconf 89' lang='lat' dir='ltr'>di-</span> 
     </span>
    </p>

    <p class='ocr_par' dir='ltr' id='par_1_6' title="bbox 354 1085 1314 1160">
     <span class='ocr_line' id='line_1_6' title="bbox 354 1085 1314 1160; baseline 0.004 -16"><span class='ocrx_word' id='word_1_38' title='bbox 354 1087 393 1144; x_wconf 91' lang='grc'>311</span> <span class='ocrx_word' id='word_1_39' title='bbox 414 1103 497 1160; x_wconf 88' lang='lat' dir='ltr'>super</span> <span class='ocrx_word' id='word_1_40' title='bbox 517 1089 585 1148; x_wconf 90' lang='lat' dir='ltr'>hoc:</span> <span class='ocrx_word' id='word_1_41' title='bbox 611 1087 849 1160; x_wconf 76' lang='lat' dir='ltr'>«Deprecatio»,</span> <span class='ocrx_word' id='word_1_42' title='bbox 869 1103 941 1160; x_wconf 87' lang='lat' dir='ltr'>quae</span> <span class='ocrx_word' id='word_1_43' title='bbox 963 1085 1007 1146; x_wconf 90' lang='lat' dir='ltr'>est</span> <span class='ocrx_word' id='word_1_44' title='bbox 1028 1087 1134 1158; x_wconf 90' lang='lat' dir='ltr'>species</span> <span class='ocrx_word' id='word_1_45' title='bbox 1160 1089 1314 1148; x_wconf 89' lang='lat' dir='ltr'>concessio-</span> 
     </span>
    </p>

    <p class='ocr_par' dir='ltr' id='par_1_7' title="bbox 354 1181 1314 1258">
     <span class='ocr_line' id='line_1_7' title="bbox 354 1181 1314 1258; baseline 0.004 -18"><span class='ocrx_word' id='word_1_46' title='bbox 354 1183 409 1254; x_wconf 91' lang='lat' dir='ltr'>nis,</span> <span class='ocrx_word' id='word_1_47' title='bbox 428 1201 499 1258; x_wconf 87' lang='lat' dir='ltr'>quae</span> <span class='ocrx_word' id='word_1_48' title='bbox 523 1185 564 1244; x_wconf 90' lang='lat' dir='ltr'>est</span> <span class='ocrx_word' id='word_1_49' title='bbox 587 1185 663 1244; x_wconf 92' lang='lat' dir='ltr'>color</span> <span class='ocrx_word' id='word_1_50' title='bbox 680 1181 852 1254; x_wconf 68' lang='lat' dir='ltr'>rhetoricum</span> <span class='ocrx_word' id='word_1_51' title='bbox 872 1183 947 1244; x_wconf 94' lang='lat' dir='ltr'>unde</span> <span class='ocrx_word' id='word_1_52' title='bbox 968 1183 1092 1242; x_wconf 77' lang='lat' dir='ltr'>Tullius:</span> <span class='ocrx_word' id='word_1_53' title='bbox 1117 1183 1314 1256; x_wconf 77' lang='lat' dir='ltr'>«Deprecatio</span> 
     </span>
    </p>

    <p class='ocr_par' dir='ltr' id='par_1_8' title="bbox 354 1279 1335 1438">
     <span class='ocr_line' id='line_1_8' title="bbox 355 1279 1335 1354; baseline 0.004 -16"><span class='ocrx_word' id='word_1_54' title='bbox 355 1279 414 1352; x_wconf 87' lang='lat' dir='ltr'>est,</span> <span class='ocrx_word' id='word_1_55' title='bbox 434 1283 466 1342; x_wconf 88' lang='lat' dir='ltr'>in</span> <span class='ocrx_word' id='word_1_56' title='bbox 485 1299 542 1354; x_wconf 89' lang='lat' dir='ltr'>qua</span> <span class='ocrx_word' id='word_1_57' title='bbox 560 1297 617 1340; x_wconf 89' lang='lat' dir='ltr'>non</span> <span class='ocrx_word' id='word_1_58' title='bbox 647 1279 771 1338; x_wconf 79' lang='lat' dir='ltr'>defensio</span> <span class='ocrx_word' id='word_1_59' title='bbox 797 1279 882 1348; x_wconf 83' lang='grc'><strong>13311,</strong></span> <span class='ocrx_word' id='word_1_60' title='bbox 905 1281 954 1338; x_wconf 87' lang='grc'>331</span> <span class='ocrx_word' id='word_1_61' title='bbox 973 1281 1135 1354; x_wconf 81' lang='lat' dir='ltr'>ignoscendi</span> <span class='ocrx_word' id='word_1_62' title='bbox 1159 1281 1314 1354; x_wconf 87' lang='lat' dir='ltr'>postulatio</span> <span class='ocrx_word' id='word_1_63' title='bbox 1334 1301 1335 1304; x_wconf 45' lang='lat'>¹</span> 
     </span>
     <span class='ocr_line' id='line_1_9' title="bbox 354 1377 1271 1438; baseline -0.005 -2"><span class='ocrx_word' id='word_1_64' title='bbox 354 1377 552 1438; x_wconf 80' lang='lat' dir='ltr'>contuetur».</span> <span class='ocrx_word' id='word_1_65' title='bbox 1270 1405 1271 1408; x_wconf 60' lang='lat'><em>=</em></span> 
     </span>
    </p>

    <p class='ocr_par' dir='ltr' id='par_1_9' title="bbox 197 1471 1315 1740">
     <span class='ocr_line' id='line_1_10' title="bbox 432 1471 1314 1544; baseline 0.002 -14"><span class='ocrx_word' id='word_1_66' title='bbox 432 1471 555 1544; x_wconf 86' lang='lat' dir='ltr'>Audite,</span> <span class='ocrx_word' id='word_1_67' title='bbox 578 1471 711 1542; x_wconf 86' lang='lat' dir='ltr'>obsecro;</span> <span class='ocrx_word' id='word_1_68' title='bbox 729 1489 801 1540; x_wconf 90' lang='lat' dir='ltr'>ecce,</span> <span class='ocrx_word' id='word_1_69' title='bbox 825 1473 914 1532; x_wconf 86' lang='lat' dir='ltr'>iterat</span> <span class='ocrx_word' id='word_1_70' title='bbox 933 1473 1095 1532; x_wconf 83' lang='lat' dir='ltr'>conclusive</span> <span class='ocrx_word' id='word_1_71' title='bbox 1114 1489 1185 1532; x_wconf 89' lang='lat' dir='ltr'>suae</span> <span class='ocrx_word' id='word_1_72' title='bbox 1206 1473 1314 1532; x_wconf 76' lang='lat' dir='ltr'>desole</span> 
     </span>
     <span class='ocr_line' id='line_1_11' title="bbox 204 1569 1315 1642; baseline 0.005 -20"><span class='ocrx_word' id='word_1_73' title='bbox 204 1571 444 1642; x_wconf 68' lang='grc'><strong>33331333113313</strong></span> <span class='ocrx_word' id='word_1_74' title='bbox 476 1569 776 1642; x_wconf 79' lang='grc'><strong>333313331333,311</strong></span> <span class='ocrx_word' id='word_1_75' title='bbox 805 1573 897 1642; x_wconf 89' lang='lat' dir='ltr'>primo</span> <span class='ocrx_word' id='word_1_76' title='bbox 916 1571 1026 1630; x_wconf 88' lang='lat' dir='ltr'>incitat</span> <span class='ocrx_word' id='word_1_77' title='bbox 1054 1587 1153 1630; x_wconf 86' lang='lat' dir='ltr'>onnes</span> <span class='ocrx_word' id='word_1_78' title='bbox 1183 1569 1224 1628; x_wconf 90' lang='lat' dir='ltr'>cd</span> <span class='ocrx_word' id='word_1_79' title='bbox 1241 1587 1315 1628; x_wconf 84' lang='lat' dir='ltr'>corn-</span> 
     </span>
     <span class='ocr_line' id='line_1_12' title="bbox 197 1643 1315 1740; baseline 0 -14"><span class='ocrx_word' id='word_1_80' title='bbox 197 1643 342 1686; x_wconf 63' lang='lat' dir='ltr'>q¹¹⁰¹¹¹¹¹⁰⁰¹²&#39;</span> <span class='ocrx_word' id='word_1_81' title='bbox 351 1661 540 1740; x_wconf 61' lang='lat' dir='ltr'>passionum</span> <span class='ocrx_word' id='word_1_82' title='bbox 560 1665 658 1724; x_wconf 88' lang='lat' dir='ltr'>deinde</span> <span class='ocrx_word' id='word_1_83' title='bbox 678 1667 780 1726; x_wconf 85' lang='lat' dir='ltr'>subdit</span> <span class='ocrx_word' id='word_1_84' title='bbox 791 1669 985 1740; x_wconf 84' lang='lat' dir='ltr'>compatiendi</span> <span class='ocrx_word' id='word_1_85' title='bbox 998 1669 1161 1726; x_wconf 81' lang='lat' dir='ltr'>rationem:</span> <span class='ocrx_word' id='word_1_86' title='bbox 1179 1667 1315 1740; x_wconf 79' lang='lat' dir='ltr'>Virpines</span> 
     </span>
    </p>

    <p class='ocr_par' dir='ltr' id='par_1_10' title="bbox 355 1763 1317 2324">
     <span class='ocr_line' id='line_1_13' title="bbox 355 1763 1314 1838; baseline -0.004 -16"><span class='ocrx_word' id='word_1_87' title='bbox 355 1779 447 1834; x_wconf 84' lang='lat' dir='ltr'>nece,</span> <span class='ocrx_word' id='word_1_88' title='bbox 470 1763 519 1822; x_wconf 90' lang='lat' dir='ltr'>ubi</span> <span class='ocrx_word' id='word_1_89' title='bbox 536 1763 620 1822; x_wconf 90' lang='lat' dir='ltr'>datur</span> <span class='ocrx_word' id='word_1_90' title='bbox 641 1765 779 1838; x_wconf 86' lang='lat' dir='ltr'>intelligi,</span> <span class='ocrx_word' id='word_1_91' title='bbox 799 1765 873 1836; x_wconf 86' lang='lat' dir='ltr'>quod</span> <span class='ocrx_word' id='word_1_92' title='bbox 888 1765 993 1838; x_wconf 88' lang='lat' dir='ltr'>quanto</span> <span class='ocrx_word' id='word_1_93' title='bbox 1008 1765 1110 1836; x_wconf 83' lang='lat' dir='ltr'>aliquis</span> <span class='ocrx_word' id='word_1_94' title='bbox 1136 1765 1202 1836; x_wconf 88' lang='lat' dir='ltr'>plus</span> <span class='ocrx_word' id='word_1_95' title='bbox 1224 1763 1314 1836; x_wconf 85' lang='lat' dir='ltr'>luget,</span> 
     </span>
     <span class='ocr_line' id='line_1_14' title="bbox 356 1859 1314 1934; baseline 0 -16"><span class='ocrx_word' id='word_1_96' title='bbox 356 1859 437 1918; x_wconf 90' lang='lat' dir='ltr'>tanto</span> <span class='ocrx_word' id='word_1_97' title='bbox 454 1861 536 1930; x_wconf 79' lang='grc' dir='ltr'>Ι31131</span> <span class='ocrx_word' id='word_1_98' title='bbox 555 1861 678 1934; x_wconf 88' lang='lat' dir='ltr'>amplius</span> <span class='ocrx_word' id='word_1_99' title='bbox 699 1879 759 1920; x_wconf 87' lang='lat' dir='ltr'>esse</span> <span class='ocrx_word' id='word_1_100' title='bbox 772 1861 936 1934; x_wconf 85' lang='lat' dir='ltr'>lugendum.</span> <span class='ocrx_word' id='word_1_101' title='bbox 950 1893 990 1902; x_wconf 86' lang='lat'><em>-</em></span> <span class='ocrx_word' id='word_1_102' title='bbox 1004 1861 1080 1918; x_wconf 89' lang='lat' dir='ltr'>Dicit</span> <span class='ocrx_word' id='word_1_103' title='bbox 1094 1879 1175 1934; x_wconf 86' lang='lat' dir='ltr'>ergo:</span> <span class='ocrx_word' id='word_1_104' title='bbox 1191 1859 1314 1932; x_wconf 88' lang='lat' dir='ltr'>Audite,</span> 
     </span>
     <span class='ocr_line' id='line_1_15' title="bbox 356 1957 1317 2032; baseline -0.002 -16"><span class='ocrx_word' id='word_1_105' title='bbox 356 1957 487 2032; x_wconf 88' lang='lat' dir='ltr'>obsecro,</span> <span class='ocrx_word' id='word_1_106' title='bbox 509 1959 639 2018; x_wconf 75' lang='lat' dir='ltr'>unicust</span> <span class='ocrx_word' id='word_1_107' title='bbox 653 1959 771 2032; x_wconf 88' lang='lat' dir='ltr'>populi.</span> <span class='ocrx_word' id='word_1_108' title='bbox 791 1957 884 2032; x_wconf 87' lang='lat' dir='ltr'>Supra</span> <span class='ocrx_word' id='word_1_109' title='bbox 903 1957 1077 2016; x_wconf 71' lang='lat' dir='ltr'>invitaverat</span> <span class='ocrx_word' id='word_1_110' title='bbox 1097 1959 1134 2016; x_wconf 91' lang='lat' dir='ltr'>ad</span> <span class='ocrx_word' id='word_1_111' title='bbox 1148 1957 1317 2030; x_wconf 87' lang='lat' dir='ltr'>compatien-</span> 
     </span>
     <span class='ocr_line' id='line_1_16' title="bbox 356 2055 1316 2130; baseline 0 -16"><span class='ocrx_word' id='word_1_112' title='bbox 356 2059 423 2116; x_wconf 92' lang='lat' dir='ltr'>dum</span> <span class='ocrx_word' id='word_1_113' title='bbox 443 2059 576 2130; x_wconf 74' lang='lat' dir='ltr'>aliquos,</span> <span class='ocrx_word' id='word_1_114' title='bbox 597 2057 643 2116; x_wconf 92' lang='lat' dir='ltr'>hic</span> <span class='ocrx_word' id='word_1_115' title='bbox 662 2057 768 2116; x_wconf 80' lang='grc'><strong>1331131</strong></span> <span class='ocrx_word' id='word_1_116' title='bbox 786 2057 953 2128; x_wconf 83' lang='lat' dir='ltr'>uniuersos,-</span> <span class='ocrx_word' id='word_1_117' title='bbox 976 2055 1074 2114; x_wconf 86' lang='grc'><strong>«13113</strong></span> <span class='ocrx_word' id='word_1_118' title='bbox 1094 2059 1168 2116; x_wconf 89' lang='lat' dir='ltr'>euim</span> <span class='ocrx_word' id='word_1_119' title='bbox 1189 2055 1316 2116; x_wconf 88' lang='grc'><strong>3313333</strong></span> 
     </span>
     <span class='ocr_line' id='line_1_17' title="bbox 356 2149 1317 2224; baseline 0.002 -14"><span class='ocrx_word' id='word_1_120' title='bbox 356 2155 474 2212; x_wconf 89' lang='lat' dir='ltr'>humani</span> <span class='ocrx_word' id='word_1_121' title='bbox 503 2155 621 2212; x_wconf 89' lang='lat' dir='ltr'>affectus</span> <span class='ocrx_word' id='word_1_122' title='bbox 636 2177 664 2222; x_wconf 75' lang='lat' dir='ltr'>a,</span> <span class='ocrx_word' id='word_1_123' title='bbox 684 2155 719 2212; x_wconf 89' lang='lat' dir='ltr'>ut</span> <span class='ocrx_word' id='word_1_124' title='bbox 748 2153 816 2212; x_wconf 90' lang='lat' dir='ltr'>dicit</span> <span class='ocrx_word' id='word_1_125' title='bbox 847 2149 1017 2224; x_wconf 67' lang='grc'><strong>1131333331,</strong></span> <span class='ocrx_word' id='word_1_126' title='bbox 1052 2153 1110 2212; x_wconf 80' lang='lat' dir='ltr'>«ut</span> <span class='ocrx_word' id='word_1_127' title='bbox 1143 2155 1246 2212; x_wconf 90' lang='lat' dir='ltr'>doloris</span> <span class='ocrx_word' id='word_1_128' title='bbox 1273 2155 1317 2212; x_wconf 88' lang='lat' dir='ltr'>sui</span> 
     </span>
     <span class='ocr_line' id='line_1_18' title="bbox 357 2247 1313 2324; baseline 0 -16"><span class='ocrx_word' id='word_1_129' title='bbox 357 2251 417 2308; x_wconf 83' lang='lat' dir='ltr'>sive</span> <span class='ocrx_word' id='word_1_130' title='bbox 434 2251 533 2322; x_wconf 89' lang='lat' dir='ltr'>gaudii</span> <span class='ocrx_word' id='word_1_131' title='bbox 552 2249 623 2308; x_wconf 91' lang='lat' dir='ltr'>alios</span> <span class='ocrx_word' id='word_1_132' title='bbox 646 2247 765 2322; x_wconf 86' lang='lat' dir='ltr'>quaerat</span> <span class='ocrx_word' id='word_1_133' title='bbox 784 2267 845 2308; x_wconf 89' lang='lat' dir='ltr'>esse</span> <span class='ocrx_word' id='word_1_134' title='bbox 864 2249 1034 2322; x_wconf 88' lang='lat' dir='ltr'>participes,</span> <span class='ocrx_word' id='word_1_135' title='bbox 1055 2249 1197 2324; x_wconf 89' lang='lat' dir='ltr'>quatenus</span> <span class='ocrx_word' id='word_1_136' title='bbox 1217 2265 1313 2308; x_wconf 90' lang='lat' dir='ltr'>eoram</span> 
     </span>
    </p>

    <p class='ocr_par' dir='ltr' id='par_1_11' title="bbox 312 2347 1319 2910">
     <span class='ocr_line' id='line_1_19' title="bbox 312 2347 1317 2418; baseline 0 -14"><span class='ocrx_word' id='word_1_137' title='bbox 312 2389 319 2412; x_wconf 88' lang='lat'>,</span> <span class='ocrx_word' id='word_1_138' title='bbox 357 2347 459 2406; x_wconf 91' lang='lat' dir='ltr'>solatio</span> <span class='ocrx_word' id='word_1_139' title='bbox 478 2347 592 2404; x_wconf 90' lang='lat' dir='ltr'>illatum</span> <span class='ocrx_word' id='word_1_140' title='bbox 611 2363 682 2404; x_wconf 90' lang='lat' dir='ltr'>onus</span> <span class='ocrx_word' id='word_1_141' title='bbox 704 2347 839 2404; x_wconf 74' lang='lat' dir='ltr'>tristitiae</span> <span class='ocrx_word' id='word_1_142' title='bbox 866 2347 924 2404; x_wconf 82' lang='lat' dir='ltr'>sire</span> <span class='ocrx_word' id='word_1_143' title='bbox 955 2347 1082 2404; x_wconf 88' lang='lat' dir='ltr'>laetitiae</span> <span class='ocrx_word' id='word_1_144' title='bbox 1106 2347 1218 2404; x_wconf 79' lang='lat' dir='ltr'>facilius</span> <span class='ocrx_word' id='word_1_145' title='bbox 1235 2363 1317 2418; x_wconf 83' lang='lat' dir='ltr'>por-</span> 
     </span>
     <span class='ocr_line' id='line_1_20' title="bbox 356 2443 1317 2518; baseline 0 -16"><span class='ocrx_word' id='word_1_146' title='bbox 356 2445 440 2504; x_wconf 79' lang='grc'><strong>131».</strong></span> <span class='ocrx_word' id='word_1_147' title='bbox 463 2447 506 2504; x_wconf 84' lang='grc' dir='ltr'>Ε1</span> <span class='ocrx_word' id='word_1_148' title='bbox 524 2443 615 2504; x_wconf 88' lang='lat' dir='ltr'>uidete</span> <span class='ocrx_word' id='word_1_149' title='bbox 636 2445 763 2502; x_wconf 82' lang='lat' dir='ltr'>dolorem</span> <span class='ocrx_word' id='word_1_150' title='bbox 782 2461 894 2516; x_wconf 70' lang='grc' dir='ltr'>333333,ι</span> <span class='ocrx_word' id='word_1_151' title='bbox 913 2443 1027 2518; x_wconf 80' lang='lat' dir='ltr'>andito,</span> <span class='ocrx_word' id='word_1_152' title='bbox 1058 2445 1146 2504; x_wconf 84' lang='lat' dir='ltr'>verba</span> <span class='ocrx_word' id='word_1_153' title='bbox 1176 2445 1317 2518; x_wconf 88' lang='lat' dir='ltr'>querimo-</span> 
     </span>
     <span class='ocr_line' id='line_1_21' title="bbox 356 2543 1318 2628; baseline -0.002 -26"><span class='ocrx_word' id='word_1_154' title='bbox 356 2545 434 2614; x_wconf 90' lang='lat' dir='ltr'>niae;</span> <span class='ocrx_word' id='word_1_155' title='bbox 457 2543 561 2616; x_wconf 87' lang='lat' dir='ltr'>uidete,</span> <span class='ocrx_word' id='word_1_156' title='bbox 585 2543 826 2614; x_wconf 77' lang='lat' dir='ltr'>multiplicitatem</span> <span class='ocrx_word' id='word_1_157' title='bbox 855 2545 997 2612; x_wconf 69' lang='lat' dir='ltr'>miseriam</span> <span class='ocrx_word' id='word_1_158' title='bbox 1019 2543 1148 2628; x_wconf 82' lang='lat' dir='ltr'>cirpines</span> <span class='ocrx_word' id='word_1_159' title='bbox 1166 2557 1262 2614; x_wconf 81' lang='lat' dir='ltr'>meae,</span> <span class='ocrx_word' id='word_1_160' title='bbox 1283 2559 1318 2600; x_wconf 82' lang='lat' dir='ltr'>ex</span> 
     </span>
     <span class='ocr_line' id='line_1_22' title="bbox 357 2637 1317 2714; baseline -0.002 -16"><span class='ocrx_word' id='word_1_161' title='bbox 357 2641 459 2714; x_wconf 90' lang='lat' dir='ltr'>quibus</span> <span class='ocrx_word' id='word_1_162' title='bbox 479 2641 636 2712; x_wconf 83' lang='lat' dir='ltr'>exspectari</span> <span class='ocrx_word' id='word_1_163' title='bbox 656 2639 752 2714; x_wconf 88' lang='lat' dir='ltr'>posset</span> <span class='ocrx_word' id='word_1_164' title='bbox 773 2641 909 2698; x_wconf 75' lang='lat' dir='ltr'>successio</span> <span class='ocrx_word' id='word_1_165' title='bbox 940 2637 1132 2712; x_wconf 75' lang='lat' dir='ltr'>posteritatis:</span> <span class='ocrx_word' id='word_1_166' title='bbox 1154 2639 1182 2694; x_wconf 90' lang='lat' dir='ltr'>et</span> <span class='ocrx_word' id='word_1_167' title='bbox 1201 2639 1317 2696; x_wconf 86' lang='lat' dir='ltr'>iuuenes</span> 
     </span>
     <span class='ocr_line' id='line_1_23' title="bbox 356 2733 1317 2812; baseline -0.002 -16"><span class='ocrx_word' id='word_1_168' title='bbox 356 2739 427 2812; x_wconf 83' lang='lat' dir='ltr'>enei,</span> <span class='ocrx_word' id='word_1_169' title='bbox 462 2755 493 2798; x_wconf 85' lang='lat' dir='ltr'>er</span> <span class='ocrx_word' id='word_1_170' title='bbox 525 2739 625 2812; x_wconf 86' lang='lat' dir='ltr'>quibus</span> <span class='ocrx_word' id='word_1_171' title='bbox 657 2737 814 2812; x_wconf 82' lang='lat' dir='ltr'>exspectari</span> <span class='ocrx_word' id='word_1_172' title='bbox 845 2735 941 2810; x_wconf 90' lang='lat' dir='ltr'>posset</span> <span class='ocrx_word' id='word_1_173' title='bbox 971 2737 1104 2794; x_wconf 85' lang='lat' dir='ltr'>auxilium</span> <span class='ocrx_word' id='word_1_174' title='bbox 1131 2733 1317 2806; x_wconf 85' lang='lat' dir='ltr'>defensionis3</span> 
     </span>
     <span class='ocr_line' id='line_1_24' title="bbox 358 2835 1319 2910; baseline -0.005 -16"><span class='ocrx_word' id='word_1_175' title='bbox 358 2837 494 2896; x_wconf 81' lang='lat' dir='ltr'>obinunt</span> <span class='ocrx_word' id='word_1_176' title='bbox 513 2837 546 2894; x_wconf 89' lang='lat' dir='ltr'>in</span> <span class='ocrx_word' id='word_1_177' title='bbox 566 2837 781 2910; x_wconf 83' lang='lat' dir='ltr'>captiuitatem,</span> <span class='ocrx_word' id='word_1_178' title='bbox 801 2835 965 2908; x_wconf 86' lang='lat' dir='ltr'>Babylonis.</span> <span class='ocrx_word' id='word_1_179' title='bbox 978 2835 1044 2902; x_wconf 87' lang='lat' dir='ltr'>Vel,</span> <span class='ocrx_word' id='word_1_180' title='bbox 1060 2835 1175 2892; x_wconf 85' lang='lat' dir='ltr'>iuuenes</span> <span class='ocrx_word' id='word_1_181' title='bbox 1190 2849 1240 2906; x_wconf 88' lang='lat' dir='ltr'>pro</span> <span class='ocrx_word' id='word_1_182' title='bbox 1256 2849 1319 2906; x_wconf 90' lang='lat' dir='ltr'>par·</span> 
     </span>
    </p>

    <p class='ocr_par' dir='ltr' id='par_1_12' title="bbox 296 2921 1317 3102">
     <span class='ocr_line' id='line_1_25' title="bbox 296 2921 1317 3006; baseline 0 -20"><span class='ocrx_word' id='word_1_183' title='bbox 296 2949 297 2954; x_wconf 47' lang='lat'>¹</span> <span class='ocrx_word' id='word_1_184' title='bbox 358 2935 432 2990; x_wconf 78' lang='grc'><strong>33113</strong></span> <span class='ocrx_word' id='word_1_185' title='bbox 455 2935 647 3004; x_wconf 90' lang='lat' dir='ltr'>accipiuntur,</span> <span class='ocrx_word' id='word_1_186' title='bbox 666 2933 702 2990; x_wconf 84' lang='lat' dir='ltr'>ut</span> <span class='ocrx_word' id='word_1_187' title='bbox 722 2921 761 2990; x_wconf 89' lang='lat' dir='ltr'>sit</span> <span class='ocrx_word' id='word_1_188' title='bbox 789 2931 837 2990; x_wconf 92' lang='lat' dir='ltr'>hic</span> <span class='ocrx_word' id='word_1_189' title='bbox 856 2935 975 2990; x_wconf 87' lang='lat' dir='ltr'>ociacus</span> <span class='ocrx_word' id='word_1_190' title='bbox 991 2931 1071 2990; x_wconf 90' lang='lat' dir='ltr'>locus</span> <span class='ocrx_word' id='word_1_191' title='bbox 1089 2929 1317 3006; x_wconf 62' lang='lat' dir='ltr'>commeationis,</span> 
     </span>
     <span class='ocr_line' id='line_1_26' title="bbox 361 3025 1146 3102; baseline -0.003 -14"><span class='ocrx_word' id='word_1_192' title='bbox 361 3031 426 3100; x_wconf 83' lang='lat' dir='ltr'>quia</span> <span class='ocrx_word' id='word_1_193' title='bbox 449 3031 522 3088; x_wconf 89' lang='lat' dir='ltr'>tales</span> <span class='ocrx_word' id='word_1_194' title='bbox 540 3049 593 3088; x_wconf 89' lang='lat' dir='ltr'>nee</span> <span class='ocrx_word' id='word_1_195' title='bbox 612 3047 643 3088; x_wconf 92' lang='lat' dir='ltr'>se</span> <span class='ocrx_word' id='word_1_196' title='bbox 662 3047 714 3088; x_wconf 91' lang='lat' dir='ltr'>uec</span> <span class='ocrx_word' id='word_1_197' title='bbox 732 3031 803 3088; x_wconf 89' lang='lat' dir='ltr'>alios</span> <span class='ocrx_word' id='word_1_198' title='bbox 825 3029 946 3102; x_wconf 90' lang='lat' dir='ltr'>possunt</span> <span class='ocrx_word' id='word_1_199' title='bbox 965 3029 1110 3088; x_wconf 89' lang='lat' dir='ltr'>defendere</span> <span class='ocrx_word' id='word_1_200' title='bbox 1124 3025 1146 3086; x_wconf 84' lang='lat'>³.</span> 
     </span>
    </p>

    <p class='ocr_par' dir='ltr' id='par_1_13' title="bbox 194 3123 1321 3300">
     <span class='ocr_line' id='line_1_27' title="bbox 442 3123 1321 3200; baseline 0.002 -18"><span class='ocrx_word' id='word_1_201' title='bbox 442 3125 489 3182; x_wconf 88' lang='lat'>51.</span> <span class='ocrx_word' id='word_1_202' title='bbox 512 3123 693 3200; x_wconf 80' lang='lat' dir='ltr'>Alleporicc:</span> <span class='ocrx_word' id='word_1_203' title='bbox 719 3125 867 3200; x_wconf 75' lang='lat' dir='ltr'>Virgines,</span> <span class='ocrx_word' id='word_1_204' title='bbox 890 3127 1029 3184; x_wconf 85' lang='lat' dir='ltr'>Ecclesiae</span> <span class='ocrx_word' id='word_1_205' title='bbox 1055 3125 1259 3198; x_wconf 86' lang='lat' dir='ltr'>particulares;</span> <span class='ocrx_word' id='word_1_206' title='bbox 1280 3141 1321 3184; x_wconf 89' lang='lat' dir='ltr'>se-</span> 
     </span>
     <span class='ocr_line' id='line_1_28' title="bbox 194 3221 1321 3300; baseline 0 -20"><span class='ocrx_word' id='word_1_207' title='bbox 194 3223 278 3290; x_wconf 70' lang='lat' dir='ltr'>Senio:</span> <span class='ocrx_word' id='word_1_208' title='bbox 293 3225 345 3268; x_wconf 78' lang='lat' dir='ltr'>atre·</span> <span class='ocrx_word' id='word_1_209' title='bbox 360 3221 453 3280; x_wconf 87' lang='lat' dir='ltr'>cunda</span> <span class='ocrx_word' id='word_1_210' title='bbox 479 3223 516 3280; x_wconf 90' lang='lat' dir='ltr'>ad</span> <span class='ocrx_word' id='word_1_211' title='bbox 545 3223 739 3282; x_wconf 52' lang='lat' dir='ltr'>Corinthios:</span> <span class='ocrx_word' id='word_1_212' title='bbox 769 3225 939 3300; x_wconf 63' lang='lat' dir='ltr'>«Despondi</span> <span class='ocrx_word' id='word_1_213' title='bbox 969 3241 1021 3282; x_wconf 84' lang='lat' dir='ltr'>ros</span> <span class='ocrx_word' id='word_1_214' title='bbox 1049 3225 1100 3282; x_wconf 90' lang='lat' dir='ltr'>uni</span> <span class='ocrx_word' id='word_1_215' title='bbox 1131 3225 1205 3294; x_wconf 83' lang='lat' dir='ltr'>riro,</span> <span class='ocrx_word' id='word_1_216' title='bbox 1235 3225 1321 3298; x_wconf 84' lang='lat' dir='ltr'>virgi·</span> 
     </span>
    </p>

    <p class='ocr_par' dir='ltr' id='par_1_14' title="bbox 224 3291 1324 4648">
     <span class='ocr_line' id='line_1_29' title="bbox 224 3291 1322 3402; baseline 0.002 -24"><span class='ocrx_word' id='word_1_217' title='bbox 224 3291 315 3334; x_wconf 47' lang='grc' dir='ltr'>3οΠωῇ</span> <span class='ocrx_word' id='word_1_218' title='bbox 360 3337 425 3378; x_wconf 89' lang='lat' dir='ltr'>uem</span> <span class='ocrx_word' id='word_1_219' title='bbox 445 3319 553 3402; x_wconf 85' lang='lat' dir='ltr'>castam</span> <span class='ocrx_word' id='word_1_220' title='bbox 586 3319 713 3378; x_wconf 83' lang='lat' dir='ltr'>exhibere</span> <span class='ocrx_word' id='word_1_221' title='bbox 740 3319 893 3398; x_wconf 83' lang='lat' dir='ltr'>Christo».</span> <span class='ocrx_word' id='word_1_222' title='bbox 912 3321 1036 3380; x_wconf 40' lang='lat' dir='ltr'>Inscenes</span> <span class='ocrx_word' id='word_1_223' title='bbox 1056 3322 1143 3380; x_wconf 90' lang='lat' dir='ltr'>etiam</span> <span class='ocrx_word' id='word_1_224' title='bbox 1162 3321 1270 3380; x_wconf 86' lang='lat' dir='ltr'>abeunt</span> <span class='ocrx_word' id='word_1_225' title='bbox 1287 3321 1322 3380; x_wconf 91' lang='lat' dir='ltr'>in</span> 
     </span>
     <span class='ocr_line' id='line_1_30' title="bbox 362 3415 1323 3490; baseline -0.002 -16"><span class='ocrx_word' id='word_1_226' title='bbox 362 3417 575 3490; x_wconf 84' lang='lat' dir='ltr'>captiuitatem,</span> <span class='ocrx_word' id='word_1_227' title='bbox 596 3433 658 3474; x_wconf 90' lang='lat' dir='ltr'>cum</span> <span class='ocrx_word' id='word_1_228' title='bbox 679 3417 839 3490; x_wconf 85' lang='lat' dir='ltr'>regenerati</span> <span class='ocrx_word' id='word_1_229' title='bbox 869 3415 1040 3474; x_wconf 91' lang='lat' dir='ltr'>seducuntur</span> <span class='ocrx_word' id='word_1_230' title='bbox 1067 3415 1209 3474; x_wconf 89' lang='lat' dir='ltr'>haeretica</span> <span class='ocrx_word' id='word_1_231' title='bbox 1229 3419 1323 3488; x_wconf 82' lang='lat' dir='ltr'>pravi-</span> 
     </span>
     <span class='ocr_line' id='line_1_31' title="bbox 361 3511 1323 3586; baseline 0.002 -18"><span class='ocrx_word' id='word_1_232' title='bbox 361 3513 437 3582; x_wconf 87' lang='lat' dir='ltr'>tate,</span> <span class='ocrx_word' id='word_1_233' title='bbox 461 3511 532 3570; x_wconf 89' lang='lat' dir='ltr'>siout</span> <span class='ocrx_word' id='word_1_234' title='bbox 552 3511 634 3584; x_wconf 90' lang='lat' dir='ltr'>patet</span> <span class='ocrx_word' id='word_1_235' title='bbox 653 3515 683 3568; x_wconf 93' lang='lat' dir='ltr'>in</span> <span class='ocrx_word' id='word_1_236' title='bbox 704 3513 829 3570; x_wconf 80' lang='lat' dir='ltr'>Ecclesia</span> <span class='ocrx_word' id='word_1_237' title='bbox 855 3511 1000 3580; x_wconf 86' lang='lat' dir='ltr'>orientali,</span> <span class='ocrx_word' id='word_1_238' title='bbox 1021 3512 1070 3569; x_wconf 93' lang='lat' dir='ltr'>ubi</span> <span class='ocrx_word' id='word_1_239' title='bbox 1090 3511 1190 3570; x_wconf 84' lang='lat' dir='ltr'>stethu</span> <span class='ocrx_word' id='word_1_240' title='bbox 1210 3529 1323 3586; x_wconf 83' lang='lat' dir='ltr'>regene-</span> 
     </span>
     <span class='ocr_line' id='line_1_32' title="bbox 360 3607 1323 3682; baseline -0.002 -14"><span class='ocrx_word' id='word_1_241' title='bbox 360 3611 419 3668; x_wconf 89' lang='lat' dir='ltr'>rati</span> <span class='ocrx_word' id='word_1_242' title='bbox 437 3609 589 3682; x_wconf 85' lang='lat' dir='ltr'>multiplici</span> <span class='ocrx_word' id='word_1_243' title='bbox 608 3609 777 3668; x_wconf 88' lang='lat' dir='ltr'>imbuuntur</span> <span class='ocrx_word' id='word_1_244' title='bbox 796 3625 900 3670; x_wconf 88' lang='lat' dir='ltr'>errore.</span> <span class='ocrx_word' id='word_1_245' title='bbox 920 3607 986 3676; x_wconf 86' lang='lat' dir='ltr'>Vel,</span> <span class='ocrx_word' id='word_1_246' title='bbox 1009 3609 1037 3666; x_wconf 91' lang='lat' dir='ltr'>in</span> <span class='ocrx_word' id='word_1_247' title='bbox 1058 3609 1222 3682; x_wconf 82' lang='lat' dir='ltr'>cirpinihus</span> <span class='ocrx_word' id='word_1_248' title='bbox 1244 3609 1323 3682; x_wconf 89' lang='lat' dir='ltr'>pudi-</span> 
     </span>
     <span class='ocr_line' id='line_1_33' title="bbox 360 3693 1321 3780; baseline -0.002 -15"><span class='ocrx_word' id='word_1_249' title='bbox 360 3693 441 3780; x_wconf 82' lang='lat' dir='ltr'>citia,</span> <span class='ocrx_word' id='word_1_250' title='bbox 464 3705 630 3778; x_wconf 86' lang='lat' dir='ltr'>simplicitas</span> <span class='ocrx_word' id='word_1_251' title='bbox 652 3705 679 3764; x_wconf 89' lang='lat' dir='ltr'>et</span> <span class='ocrx_word' id='word_1_252' title='bbox 701 3705 902 3776; x_wconf 89' lang='lat' dir='ltr'>mansuetudo;</span> <span class='ocrx_word' id='word_1_253' title='bbox 921 3707 953 3762; x_wconf 93' lang='lat' dir='ltr'>in</span> <span class='ocrx_word' id='word_1_254' title='bbox 965 3707 1117 3764; x_wconf 85' lang='lat' dir='ltr'>iuuenibus</span> <span class='ocrx_word' id='word_1_255' title='bbox 1132 3707 1216 3774; x_wconf 84' lang='lat' dir='ltr'>aelus,</span> <span class='ocrx_word' id='word_1_256' title='bbox 1231 3721 1321 3776; x_wconf 87' lang='lat' dir='ltr'>amor,</span> 
     </span>
     <span class='ocr_line' id='line_1_34' title="bbox 360 3801 1324 3876; baseline 0 -16"><span class='ocrx_word' id='word_1_257' title='bbox 360 3801 512 3872; x_wconf 82' lang='lat' dir='ltr'>fortitudo,</span> <span class='ocrx_word' id='word_1_258' title='bbox 533 3803 767 3876; x_wconf 81' lang='lat' dir='ltr'>magnanimitas3</span> <span class='ocrx_word' id='word_1_259' title='bbox 785 3803 855 3862; x_wconf 92' lang='lat' dir='ltr'>haec</span> <span class='ocrx_word' id='word_1_260' title='bbox 875 3801 984 3860; x_wconf 81' lang='lat' dir='ltr'>uadunt</span> <span class='ocrx_word' id='word_1_261' title='bbox 1004 3805 1033 3860; x_wconf 89' lang='lat' dir='ltr'>in</span> <span class='ocrx_word' id='word_1_262' title='bbox 1054 3803 1251 3874; x_wconf 83' lang='lat' dir='ltr'>captivitatem</span> <span class='ocrx_word' id='word_1_263' title='bbox 1271 3819 1324 3874; x_wconf 90' lang='lat' dir='ltr'>per</span> 
     </span>
     <span class='ocr_line' id='line_1_35' title="bbox 324 3897 1323 3970; baseline 0 -14"><span class='ocrx_word' id='word_1_264' title='bbox 324 3923 325 3928; x_wconf 43' lang='lat'>¹</span> <span class='ocrx_word' id='word_1_265' title='bbox 360 3899 499 3958; x_wconf 89' lang='lat' dir='ltr'>defectum</span> <span class='ocrx_word' id='word_1_266' title='bbox 521 3899 702 3970; x_wconf 71' lang='lat' dir='ltr'>prudentiae:</span> <span class='ocrx_word' id='word_1_267' title='bbox 722 3899 795 3956; x_wconf 90' lang='lat' dir='ltr'>unde</span> <span class='ocrx_word' id='word_1_268' title='bbox 817 3897 957 3964; x_wconf 89' lang='lat' dir='ltr'>Rohoam,</span> <span class='ocrx_word' id='word_1_269' title='bbox 971 3897 1070 3958; x_wconf 89' lang='lat' dir='ltr'>relicto</span> <span class='ocrx_word' id='word_1_270' title='bbox 1084 3899 1200 3958; x_wconf 91' lang='lat' dir='ltr'>consilio</span> <span class='ocrx_word' id='word_1_271' title='bbox 1214 3915 1323 3970; x_wconf 86' lang='lat' dir='ltr'>senum,</span> 
     </span>
     <span class='ocr_line' id='line_1_36' title="bbox 360 3989 1323 4070; baseline 0 -16"><span class='ocrx_word' id='word_1_272' title='bbox 360 3989 489 4054; x_wconf 82' lang='lat' dir='ltr'>adhaesit</span> <span class='ocrx_word' id='word_1_273' title='bbox 521 3997 636 4054; x_wconf 89' lang='lat' dir='ltr'>consilio</span> <span class='ocrx_word' id='word_1_274' title='bbox 665 3997 806 4066; x_wconf 82' lang='lat' dir='ltr'>iuvenum,</span> <span class='ocrx_word' id='word_1_275' title='bbox 829 3995 913 4054; x_wconf 91' lang='lat' dir='ltr'>tertio</span> <span class='ocrx_word' id='word_1_276' title='bbox 942 3997 1050 4070; x_wconf 82' lang='lat' dir='ltr'>Regum</span> <span class='ocrx_word' id='word_1_277' title='bbox 1063 3995 1084 4054; x_wconf 85' lang='lat'>⁵.</span> <span class='ocrx_word' id='word_1_278' title='bbox 1103 3997 1173 4066; x_wconf 87' lang='lat' dir='ltr'>Vel,</span> <span class='ocrx_word' id='word_1_279' title='bbox 1196 3995 1323 4068; x_wconf 81' lang='lat' dir='ltr'>cirpines</span> 
     </span>
     <span class='ocr_line' id='line_1_37' title="bbox 359 4091 1323 4166; baseline 0 -16"><span class='ocrx_word' id='word_1_280' title='bbox 359 4093 472 4150; x_wconf 78' lang='lat' dir='ltr'>cademot</span> <span class='ocrx_word' id='word_1_281' title='bbox 489 4093 524 4150; x_wconf 89' lang='lat' dir='ltr'>in</span> <span class='ocrx_word' id='word_1_282' title='bbox 544 4093 756 4166; x_wconf 83' lang='lat' dir='ltr'>captiuitatem,</span> <span class='ocrx_word' id='word_1_283' title='bbox 771 4093 802 4150; x_wconf 92' lang='lat' dir='ltr'>in·</span> <span class='ocrx_word' id='word_1_284' title='bbox 815 4091 903 4152; x_wconf 82' lang='lat' dir='ltr'>fatuis</span> <span class='ocrx_word' id='word_1_285' title='bbox 923 4093 1096 4166; x_wconf 82' lang='lat' dir='ltr'>virginibus,</span> <span class='ocrx_word' id='word_1_286' title='bbox 1119 4093 1260 4152; x_wconf 84' lang='lat' dir='ltr'>Matthaei</span> <span class='ocrx_word' id='word_1_287' title='bbox 1279 4093 1323 4150; x_wconf 81' lang='lat' dir='ltr'>vi·</span> 
     </span>
     <span class='ocr_line' id='line_1_38' title="bbox 359 4187 1323 4262; baseline 0.001 -16"><span class='ocrx_word' id='word_1_288' title='bbox 359 4189 466 4260; x_wconf 83' lang='lat' dir='ltr'>gesimo</span> <span class='ocrx_word' id='word_1_289' title='bbox 479 4187 594 4260; x_wconf 87' lang='lat' dir='ltr'>quinte,</span> <span class='ocrx_word' id='word_1_290' title='bbox 608 4205 679 4260; x_wconf 88' lang='lat' dir='ltr'>quae</span> <span class='ocrx_word' id='word_1_291' title='bbox 695 4189 861 4260; x_wconf 87' lang='lat' dir='ltr'>superbiunt</span> <span class='ocrx_word' id='word_1_292' title='bbox 883 4189 914 4246; x_wconf 88' lang='lat' dir='ltr'>de</span> <span class='ocrx_word' id='word_1_293' title='bbox 936 4187 1100 4262; x_wconf 79' lang='lat' dir='ltr'>virginitate</span> <span class='ocrx_word' id='word_1_294' title='bbox 1115 4189 1143 4248; x_wconf 88' lang='lat' dir='ltr'>et</span> <span class='ocrx_word' id='word_1_295' title='bbox 1156 4191 1245 4246; x_wconf 92' lang='lat' dir='ltr'>nullis</span> <span class='ocrx_word' id='word_1_296' title='bbox 1259 4189 1323 4248; x_wconf 90' lang='lat' dir='ltr'>aliis</span> 
     </span>
     <span class='ocr_line' id='line_1_39' title="bbox 359 4283 1323 4360; baseline 0.002 -18"><span class='ocrx_word' id='word_1_297' title='bbox 359 4285 441 4342; x_wconf 90' lang='lat' dir='ltr'>bonis</span> <span class='ocrx_word' id='word_1_298' title='bbox 456 4285 586 4356; x_wconf 83' lang='lat' dir='ltr'>operibus</span> <span class='ocrx_word' id='word_1_299' title='bbox 598 4283 783 4344; x_wconf 87' lang='lat' dir='ltr'>adornantur.</span> <span class='ocrx_word' id='word_1_300' title='bbox 797 4285 866 4354; x_wconf 85' lang='lat' dir='ltr'>Vel,</span> <span class='ocrx_word' id='word_1_301' title='bbox 882 4285 975 4342; x_wconf 89' lang='lat' dir='ltr'>castae</span> <span class='ocrx_word' id='word_1_302' title='bbox 988 4285 1161 4344; x_wconf 91' lang='lat' dir='ltr'>intentiones</span> <span class='ocrx_word' id='word_1_303' title='bbox 1175 4285 1205 4344; x_wconf 89' lang='lat' dir='ltr'>et</span> <span class='ocrx_word' id='word_1_304' title='bbox 1217 4285 1323 4360; x_wconf 86' lang='lat' dir='ltr'>cogita·</span> 
     </span>
     <span class='ocr_line' id='line_1_40' title="bbox 301 4367 1322 4454; baseline 0.002 -16"><span class='ocrx_word' id='word_1_305' title='bbox 301 4387 302 4390; x_wconf 76' lang='grc'>’</span> <span class='ocrx_word' id='word_1_306' title='bbox 359 4367 451 4440; x_wconf 86' lang='grc'><strong>113333</strong></span> <span class='ocrx_word' id='word_1_307' title='bbox 465 4381 662 4454; x_wconf 88' lang='lat' dir='ltr'>significantur</span> <span class='ocrx_word' id='word_1_308' title='bbox 675 4399 726 4454; x_wconf 90' lang='lat' dir='ltr'>per</span> <span class='ocrx_word' id='word_1_309' title='bbox 746 4383 874 4454; x_wconf 85' lang='lat' dir='ltr'>cirpines</span> <span class='ocrx_word' id='word_1_310' title='bbox 882 4425 890 4454; x_wconf 90' lang='lat'>,</span> <span class='ocrx_word' id='word_1_311' title='bbox 905 4381 978 4440; x_wconf 90' lang='lat' dir='ltr'>siout</span> <span class='ocrx_word' id='word_1_312' title='bbox 992 4397 1041 4454; x_wconf 88' lang='lat' dir='ltr'>per</span> <span class='ocrx_word' id='word_1_313' title='bbox 1057 4383 1172 4440; x_wconf 87' lang='lat' dir='ltr'>iuuenes</span> <span class='ocrx_word' id='word_1_314' title='bbox 1187 4381 1322 4442; x_wconf 89' lang='lat' dir='ltr'>robustae</span> 
     </span>
     <span class='ocr_line' id='line_1_41' title="bbox 359 4477 1322 4562; baseline 0 -26"><span class='ocrx_word' id='word_1_315' title='bbox 359 4477 534 4562; x_wconf 62' lang='lat' dir='ltr'>affectionem</span> <span class='ocrx_word' id='word_1_316' title='bbox 556 4495 627 4552; x_wconf 91' lang='lat' dir='ltr'>quae</span> <span class='ocrx_word' id='word_1_317' title='bbox 648 4477 794 4536; x_wconf 88' lang='lat' dir='ltr'>ducuntur</span> <span class='ocrx_word' id='word_1_318' title='bbox 808 4481 840 4536; x_wconf 88' lang='lat' dir='ltr'>in</span> <span class='ocrx_word' id='word_1_319' title='bbox 860 4479 1071 4552; x_wconf 82' lang='lat' dir='ltr'>captiuitatem,</span> <span class='ocrx_word' id='word_1_320' title='bbox 1091 4495 1155 4538; x_wconf 91' lang='lat' dir='ltr'>cum</span> <span class='ocrx_word' id='word_1_321' title='bbox 1175 4479 1322 4552; x_wconf 88' lang='lat' dir='ltr'>peccatum</span> 
     </span>
     <span class='ocr_line' id='line_1_42' title="bbox 359 4569 770 4648; baseline -0.005 -14"><span class='ocrx_word' id='word_1_322' title='bbox 359 4575 478 4636; x_wconf 89' lang='lat' dir='ltr'>mortale</span> <span class='ocrx_word' id='word_1_323' title='bbox 500 4575 617 4648; x_wconf 88' lang='lat' dir='ltr'>occupat</span> <span class='ocrx_word' id='word_1_324' title='bbox 639 4569 770 4634; x_wconf 80' lang='grc'><strong>33331333.</strong></span> 
     </span>
    </p>

    <p class='ocr_par' dir='ltr' id='par_1_15' title="bbox 195 4673 1323 4948">
     <span class='ocr_line' id='line_1_43' title="bbox 440 4673 1322 4750; baseline 0 -18"><span class='ocrx_word' id='word_1_325' title='bbox 440 4675 487 4732; x_wconf 82' lang='grc'><strong>52.</strong></span> <span class='ocrx_word' id='word_1_326' title='bbox 512 4675 603 4750; x_wconf 79' lang='lat' dir='ltr'>(Vere.</span> <span class='ocrx_word' id='word_1_327' title='bbox 629 4675 700 4750; x_wconf 76' lang='lat' dir='ltr'>ta).</span> <span class='ocrx_word' id='word_1_328' title='bbox 721 4673 807 4734; x_wconf 81' lang='lat' dir='ltr'>Corn.</span> <span class='ocrx_word' id='word_1_329' title='bbox 834 4675 1322 4748; x_wconf 67' lang='grc' dir='ltr'><strong>1733331333-1333.Ε333,13311333</strong></span> 
     </span>
     <span class='ocr_line' id='line_1_44' title="bbox 195 4771 1323 4846; baseline 0 -18"><span class='ocrx_word' id='word_1_330' title='bbox 195 4771 535 4840; x_wconf 69' lang='lat' dir='ltr'>tertianam-taeniam</span> <span class='ocrx_word' id='word_1_331' title='bbox 556 4771 780 4846; x_wconf 87' lang='lat' dir='ltr'>conpassionis,</span> <span class='ocrx_word' id='word_1_332' title='bbox 804 4771 908 4830; x_wconf 91' lang='lat' dir='ltr'>scilicet</span> <span class='ocrx_word' id='word_1_333' title='bbox 929 4771 1115 4832; x_wconf 87' lang='lat' dir='ltr'>consideratio</span> <span class='ocrx_word' id='word_1_334' title='bbox 1136 4771 1244 4830; x_wconf 89' lang='lat' dir='ltr'>fraudis</span> <span class='ocrx_word' id='word_1_335' title='bbox 1267 4771 1323 4828; x_wconf 87' lang='lat' dir='ltr'>fal·</span> 
     </span>
     <span class='ocr_line' id='line_1_45' title="bbox 201 4841 1322 4948; baseline -0.002 -20"><span class='ocrx_word' id='word_1_336' title='bbox 201 4841 342 4948; x_wconf 48' lang='lat' dir='ltr'>engilhilt}</span> <span class='ocrx_word' id='word_1_337' title='bbox 359 4885 456 4930; x_wconf 87' lang='lat' dir='ltr'>sorum</span> <span class='ocrx_word' id='word_1_338' title='bbox 485 4871 651 4942; x_wconf 78' lang='lat' dir='ltr'>amicorum:</span> <span class='ocrx_word' id='word_1_339' title='bbox 682 4871 730 4930; x_wconf 89' lang='lat' dir='ltr'>ubi</span> <span class='ocrx_word' id='word_1_340' title='bbox 762 4869 921 4944; x_wconf 89' lang='lat' dir='ltr'>praemittit</span> <span class='ocrx_word' id='word_1_341' title='bbox 951 4873 1084 4942; x_wconf 85' lang='lat' dir='ltr'>ipsorum</span> <span class='ocrx_word' id='word_1_342' title='bbox 1109 4869 1304 4942; x_wconf 82' lang='lat' dir='ltr'>deceptionem</span> <span class='ocrx_word' id='word_1_343' title='bbox 1311 4889 1322 4942; x_wconf 85' lang='lat'>‚-</span> 
     </span>
    </p>

    <p class='ocr_par' dir='ltr' id='par_1_16' title="bbox 250 4939 1321 5236">
     <span class='ocr_line' id='line_1_46' title="bbox 250 4939 1320 5040; baseline 0 -14"><span class='ocrx_word' id='word_1_344' title='bbox 250 4939 341 4982; x_wconf 50' lang='grc' dir='ltr'>ΜΟ·</span> <span class='ocrx_word' id='word_1_345' title='bbox 359 4967 471 5038; x_wconf 85' lang='grc'><strong>131313,</strong></span> <span class='ocrx_word' id='word_1_346' title='bbox 491 4971 708 5040; x_wconf 74' lang='lat' dir='ltr'>consequentem</span> <span class='ocrx_word' id='word_1_347' title='bbox 726 4969 821 5040; x_wconf 79' lang='lat' dir='ltr'>ipsine</span> <span class='ocrx_word' id='word_1_348' title='bbox 836 4967 1057 5026; x_wconf 83' lang='lat' dir='ltr'>desolationem:</span> <span class='ocrx_word' id='word_1_349' title='bbox 1073 4965 1240 5026; x_wconf 79' lang='lat' dir='ltr'>Sacerdotes</span> <span class='ocrx_word' id='word_1_350' title='bbox 1253 4969 1320 5026; x_wconf 86' lang='lat' dir='ltr'>nei.</span> 
     </span>
     <span class='ocr_line' id='line_1_47' title="bbox 357 5063 1321 5140; baseline 0.002 -18"><span class='ocrx_word' id='word_1_351' title='bbox 357 5099 400 5108; x_wconf 84' lang='lat'>-</span> <span class='ocrx_word' id='word_1_352' title='bbox 417 5065 491 5124; x_wconf 90' lang='lat' dir='ltr'>Huic</span> <span class='ocrx_word' id='word_1_353' title='bbox 522 5065 663 5124; x_wconf 89' lang='lat' dir='ltr'>clausulae</span> <span class='ocrx_word' id='word_1_354' title='bbox 696 5065 1009 5140; x_wconf 78' lang='lat' dir='ltr'>praemittiturlittem</span> <span class='ocrx_word' id='word_1_355' title='bbox 1032 5063 1321 5140; x_wconf 79' lang='grc'><strong>0331,333313133-</strong></span> 
     </span>
     <span class='ocr_line' id='line_1_48' title="bbox 358 5161 1122 5236; baseline 0 -16"><span class='ocrx_word' id='word_1_356' title='bbox 358 5161 489 5236; x_wconf 88' lang='lat' dir='ltr'>pretatur</span> <span class='ocrx_word' id='word_1_357' title='bbox 510 5163 622 5222; x_wconf 86' lang='lat' dir='ltr'>occatio</span> <span class='ocrx_word' id='word_1_358' title='bbox 644 5163 671 5222; x_wconf 89' lang='lat' dir='ltr'>et</span> <span class='ocrx_word' id='word_1_359' title='bbox 694 5163 825 5236; x_wconf 86' lang='lat' dir='ltr'>congruit</span> <span class='ocrx_word' id='word_1_360' title='bbox 844 5165 870 5222; x_wconf 91' lang='lat' dir='ltr'>ei</span> <span class='ocrx_word' id='word_1_361' title='bbox 890 5165 963 5236; x_wconf 84' lang='lat' dir='ltr'>quod</span> <span class='ocrx_word' id='word_1_362' title='bbox 984 5163 1122 5236; x_wconf 90' lang='lat' dir='ltr'>sequitur.</span> 
     </span>
    </p>

    <p class='ocr_par' dir='ltr' id='par_1_17' title="bbox 445 5259 1320 5334">
     <span class='ocr_line' id='line_1_49' title="bbox 445 5259 1320 5334; baseline 0 -14"><span class='ocrx_word' id='word_1_363' title='bbox 445 5261 551 5320; x_wconf 83' lang='lat' dir='ltr'>Vocari</span> <span class='ocrx_word' id='word_1_364' title='bbox 573 5261 680 5318; x_wconf 79' lang='lat' dir='ltr'>anticas</span> <span class='ocrx_word' id='word_1_365' title='bbox 699 5277 790 5334; x_wconf 86' lang='lat' dir='ltr'>neos,</span> <span class='ocrx_word' id='word_1_366' title='bbox 824 5259 859 5318; x_wconf 90' lang='lat' dir='ltr'>ad</span> <span class='ocrx_word' id='word_1_367' title='bbox 889 5259 1017 5320; x_wconf 89' lang='lat' dir='ltr'>litteram</span> <span class='ocrx_word' id='word_1_368' title='bbox 1041 5259 1216 5334; x_wconf 82' lang='lat' dir='ltr'>Aegyptios,</span> <span class='ocrx_word' id='word_1_369' title='bbox 1249 5277 1320 5334; x_wconf 88' lang='lat' dir='ltr'>quos</span> 
     </span>
    </p>

    <p class='ocr_par' dir='ltr' id='par_1_18' title="bbox 235 5357 1320 5628">
     <span class='ocr_line' id='line_1_50' title="bbox 236 5357 1320 5434; baseline 0 -18"><span class='ocrx_word' id='word_1_370' title='bbox 236 5371 340 5434; x_wconf 78' lang='grc'><strong>333333</strong></span> <span class='ocrx_word' id='word_1_371' title='bbox 357 5357 427 5416; x_wconf 87' lang='lat' dir='ltr'>mihi</span> <span class='ocrx_word' id='word_1_372' title='bbox 449 5357 584 5430; x_wconf 85' lang='lat' dir='ltr'>tanquam</span> <span class='ocrx_word' id='word_1_373' title='bbox 612 5357 770 5418; x_wconf 88' lang='lat' dir='ltr'>foederatos</span> <span class='ocrx_word' id='word_1_374' title='bbox 800 5357 938 5430; x_wconf 86' lang='lat' dir='ltr'>putabam</span> <span class='ocrx_word' id='word_1_375' title='bbox 966 5359 1086 5428; x_wconf 85' lang='lat' dir='ltr'>amicos3</span> <span class='ocrx_word' id='word_1_376' title='bbox 1109 5357 1138 5416; x_wconf 88' lang='lat' dir='ltr'>et</span> <span class='ocrx_word' id='word_1_377' title='bbox 1163 5357 1233 5416; x_wconf 90' lang='lat' dir='ltr'>haec</span> <span class='ocrx_word' id='word_1_378' title='bbox 1264 5359 1320 5416; x_wconf 89' lang='lat' dir='ltr'>fuit</span> 
     </span>
     <span class='ocr_line' id='line_1_51' title="bbox 235 5437 1320 5530; baseline 0.002 -16"><span class='ocrx_word' id='word_1_379' title='bbox 235 5437 339 5482; x_wconf 77' lang='lat' dir='ltr'>ipsorum.</span> <span class='ocrx_word' id='word_1_380' title='bbox 357 5469 414 5514; x_wconf 88' lang='lat' dir='ltr'>una</span> <span class='ocrx_word' id='word_1_381' title='bbox 436 5455 652 5526; x_wconf 87' lang='lat' dir='ltr'>praecipuarum</span> <span class='ocrx_word' id='word_1_382' title='bbox 672 5471 824 5512; x_wconf 91' lang='lat' dir='ltr'>causarum</span> <span class='ocrx_word' id='word_1_383' title='bbox 843 5455 1044 5514; x_wconf 85' lang='lat' dir='ltr'>destructionis</span> <span class='ocrx_word' id='word_1_384' title='bbox 1065 5455 1230 5524; x_wconf 89' lang='lat' dir='ltr'>Ierusalem,</span> <span class='ocrx_word' id='word_1_385' title='bbox 1253 5459 1320 5530; x_wconf 87' lang='lat' dir='ltr'>quia</span> 
     </span>
     <span class='ocr_line' id='line_1_52' title="bbox 358 5547 1320 5628; baseline 0 -20"><span class='ocrx_word' id='word_1_386' title='bbox 358 5549 464 5608; x_wconf 87' lang='lat' dir='ltr'>scilicet</span> <span class='ocrx_word' id='word_1_387' title='bbox 482 5549 573 5606; x_wconf 84' lang='lat' dir='ltr'>innixi</span> <span class='ocrx_word' id='word_1_388' title='bbox 593 5549 660 5608; x_wconf 89' lang='lat' dir='ltr'>suut</span> <span class='ocrx_word' id='word_1_389' title='bbox 681 5551 783 5628; x_wconf 66' lang='lat' dir='ltr'>auxilio</span> <span class='ocrx_word' id='word_1_390' title='bbox 805 5551 945 5624; x_wconf 82' lang='lat' dir='ltr'>Aegypti,</span> <span class='ocrx_word' id='word_1_391' title='bbox 965 5551 1040 5610; x_wconf 90' lang='lat' dir='ltr'>uude</span> <span class='ocrx_word' id='word_1_392' title='bbox 1069 5551 1160 5610; x_wconf 88' lang='lat' dir='ltr'>Isaiae</span> <span class='ocrx_word' id='word_1_393' title='bbox 1172 5547 1200 5608; x_wconf 78' lang='lat'>⁶:</span> <span class='ocrx_word' id='word_1_394' title='bbox 1226 5573 1242 5602; x_wconf 70' lang='lat' dir='ltr'>c</span> <span class='ocrx_word' id='word_1_395' title='bbox 1255 5551 1320 5610; x_wconf 89' lang='lat' dir='ltr'>Erit</span> 
     </span>
    </p>
   </div>
   <div class='ocr_carea' id='block_1_3' title="bbox 347 5899 1318 6892">
    <p class='ocr_par' dir='ltr' id='par_1_19' title="bbox 347 5899 1317 6182">
     <span class='ocr_line' id='line_1_53' title="bbox 431 5899 1317 5958; baseline 0.001 -2"><span class='ocrx_word' id='word_1_396' title='bbox 431 5903 440 5934; x_wconf 82' lang='lat'>¹</span> <span class='ocrx_word' id='word_1_397' title='bbox 461 5903 486 5956; x_wconf 91' lang='lat' dir='ltr'>ld</span> <span class='ocrx_word' id='word_1_398' title='bbox 507 5909 544 5956; x_wconf 88' lang='lat' dir='ltr'>est</span> <span class='ocrx_word' id='word_1_399' title='bbox 563 5899 753 5956; x_wconf 79' lang='lat' dir='ltr'>interlinearis.</span> <span class='ocrx_word' id='word_1_400' title='bbox 771 5903 855 5954; x_wconf 85' lang='lat' dir='ltr'>Locus</span> <span class='ocrx_word' id='word_1_401' title='bbox 875 5901 1006 5956; x_wconf 87' lang='lat' dir='ltr'>Ciceronis</span> <span class='ocrx_word' id='word_1_402' title='bbox 1023 5907 1103 5956; x_wconf 87' lang='lat' dir='ltr'>cstll.</span> <span class='ocrx_word' id='word_1_403' title='bbox 1117 5905 1317 5958; x_wconf 75' lang='grc'><strong>1113133331.</strong></span> 
     </span>
     <span class='ocr_line' id='line_1_54' title="bbox 347 5971 1314 6054; baseline 0.001 -26"><span class='ocrx_word' id='word_1_404' title='bbox 347 6005 395 6016; x_wconf 81' lang='lat'>-</span> <span class='ocrx_word' id='word_1_405' title='bbox 412 5977 477 6028; x_wconf 85' lang='lat' dir='ltr'>lutra</span> <span class='ocrx_word' id='word_1_406' title='bbox 497 5989 543 6040; x_wconf 90' lang='lat' dir='ltr'>pro</span> <span class='ocrx_word' id='word_1_407' title='bbox 563 5971 660 6054; x_wconf 82' lang='lat' dir='ltr'>species</span> <span class='ocrx_word' id='word_1_408' title='bbox 680 5971 865 6036; x_wconf 83' lang='lat' dir='ltr'>concessionis,</span> <span class='ocrx_word' id='word_1_409' title='bbox 885 5985 954 6040; x_wconf 85' lang='grc'><strong>3333</strong></span> <span class='ocrx_word' id='word_1_410' title='bbox 971 5975 1029 6026; x_wconf 86' lang='lat' dir='ltr'>Vct.</span> <span class='ocrx_word' id='word_1_411' title='bbox 1048 5989 1108 6042; x_wconf 87' lang='lat' dir='ltr'>spes</span> <span class='ocrx_word' id='word_1_412' title='bbox 1127 5971 1314 6040; x_wconf 83' lang='lat' dir='ltr'>concessionis,</span> 
     </span>
     <span class='ocr_line' id='line_1_55' title="bbox 359 6045 852 6182; baseline -0.016 -10"><span class='ocrx_word' id='word_1_413' title='bbox 359 6045 648 6182; x_wconf 44' lang='lat' dir='ltr'>qme2(bbbrqscbl.h})lo</span> <span class='ocrx_word' id='word_1_414' title='bbox 668 6115 739 6166; x_wconf 88' lang='lat' dir='ltr'>hunc</span> <span class='ocrx_word' id='word_1_415' title='bbox 758 6115 852 6166; x_wconf 88' lang='lat' dir='ltr'>iocum.</span> 
     </span>
    </p>

    <p class='ocr_par' dir='ltr' id='par_1_20' title="bbox 431 6185 1032 6252">
     <span class='ocr_line' id='line_1_56' title="bbox 431 6185 1032 6252; baseline -0.01 -12"><span class='ocrx_word' id='word_1_416' title='bbox 431 6187 528 6240; x_wconf 76' lang='lat' dir='ltr'>³Vide</span> <span class='ocrx_word' id='word_1_417' title='bbox 546 6201 627 6252; x_wconf 88' lang='lat' dir='ltr'>supra</span> <span class='ocrx_word' id='word_1_418' title='bbox 646 6199 706 6252; x_wconf 85' lang='lat' dir='ltr'>pag.</span> <span class='ocrx_word' id='word_1_419' title='bbox 725 6185 789 6250; x_wconf 84' lang='lat'>609,</span> <span class='ocrx_word' id='word_1_420' title='bbox 810 6189 899 6236; x_wconf 87' lang='lat' dir='ltr'>notam</span> <span class='ocrx_word' id='word_1_421' title='bbox 920 6185 945 6236; x_wconf 84' lang='lat'>6.</span> <span class='ocrx_word' id='word_1_422' title='bbox 962 6189 989 6236; x_wconf 90' lang='lat' dir='ltr'>et</span> <span class='ocrx_word' id='word_1_423' title='bbox 1009 6185 1032 6234; x_wconf 88' lang='lat'>8.</span> 
     </span>
    </p>

    <p class='ocr_par' dir='ltr' id='par_1_21' title="bbox 429 6257 634 6320">
     <span class='ocr_line' id='line_1_57' title="bbox 429 6257 634 6320; baseline 0 -10"><span class='ocrx_word' id='word_1_424' title='bbox 429 6257 492 6310; x_wconf 75' lang='lat' dir='ltr'>4Ca</span> <span class='ocrx_word' id='word_1_425' title='bbox 517 6297 523 6310; x_wconf 97' lang='lat'>.</span> <span class='ocrx_word' id='word_1_426' title='bbox 542 6259 589 6320; x_wconf 89' lang='lat' dir='ltr'>tt,</span> <span class='ocrx_word' id='word_1_427' title='bbox 608 6259 634 6310; x_wconf 75' lang='lat'>2.</span> 
     </span>
    </p>

    <p class='ocr_par' dir='ltr' id='par_1_22' title="bbox 429 6273 1235 6394">
     <span class='ocr_line' id='line_1_58' title="bbox 429 6273 1235 6394; baseline -0.007 -16"><span class='ocrx_word' id='word_1_428' title='bbox 429 6325 441 6356; x_wconf 84' lang='lat'>⁵</span> <span class='ocrx_word' id='word_1_429' title='bbox 459 6273 522 6392; x_wconf 61' lang='lat' dir='ltr'>(lab.</span> <span class='ocrx_word' id='word_1_430' title='bbox 541 6327 588 6394; x_wconf 74' lang='grc'>11,</span> <span class='ocrx_word' id='word_1_431' title='bbox 608 6329 635 6380; x_wconf 89' lang='lat'>8.</span> <span class='ocrx_word' id='word_1_432' title='bbox 652 6341 722 6394; x_wconf 95' lang='grc'><strong>333,</strong></span> <span class='ocrx_word' id='word_1_433' title='bbox 744 6331 768 6378; x_wconf 82' lang='grc'>31</span> <span class='ocrx_word' id='word_1_434' title='bbox 785 6323 925 6388; x_wconf 82' lang='lat' dir='ltr'>respicitur</span> <span class='ocrx_word' id='word_1_435' title='bbox 944 6325 1031 6376; x_wconf 87' lang='lat' dir='ltr'>llatth.</span> <span class='ocrx_word' id='word_1_436' title='bbox 1051 6325 1098 6388; x_wconf 75' lang='lat' dir='ltr'>at,</span> <span class='ocrx_word' id='word_1_437' title='bbox 1118 6325 1143 6376; x_wconf 79' lang='grc'>1.</span> <span class='ocrx_word' id='word_1_438' title='bbox 1161 6337 1235 6388; x_wconf 82' lang='lat' dir='ltr'>seqq.</span> 
     </span>
    </p>

    <p class='ocr_par' dir='ltr' id='par_1_23' title="bbox 358 6391 1317 6534">
     <span class='ocr_line' id='line_1_59' title="bbox 429 6391 1317 6462; baseline 0 -14"><span class='ocrx_word' id='word_1_439' title='bbox 429 6395 522 6462; x_wconf 78' lang='lat' dir='ltr'>⁶Cep.</span> <span class='ocrx_word' id='word_1_440' title='bbox 542 6397 589 6460; x_wconf 87' lang='lat'>30,</span> <span class='ocrx_word' id='word_1_441' title='bbox 617 6399 632 6448; x_wconf 91' lang='lat'><strong>3</strong></span> <span class='ocrx_word' id='word_1_442' title='bbox 639 6417 646 6460; x_wconf 86' lang='lat'>;</span> <span class='ocrx_word' id='word_1_443' title='bbox 665 6397 875 6460; x_wconf 76' lang='grc'><strong>1313131339,</strong></span> <span class='ocrx_word' id='word_1_444' title='bbox 894 6393 974 6446; x_wconf 84' lang='grc'>1.-</span> <span class='ocrx_word' id='word_1_445' title='bbox 993 6397 1078 6460; x_wconf 85' lang='lat' dir='ltr'>Supra</span> <span class='ocrx_word' id='word_1_446' title='bbox 1103 6407 1151 6460; x_wconf 88' lang='lat' dir='ltr'>pro</span> <span class='ocrx_word' id='word_1_447' title='bbox 1175 6391 1317 6460; x_wconf 77' lang='lat' dir='ltr'>Aepyptios</span> 
     </span>
     <span class='ocr_line' id='line_1_60' title="bbox 358 6467 622 6534; baseline 0 -14"><span class='ocrx_word' id='word_1_448' title='bbox 358 6469 417 6520; x_wconf 85' lang='lat' dir='ltr'>Vel.</span> <span class='ocrx_word' id='word_1_449' title='bbox 437 6467 622 6534; x_wconf 77' lang='grc'><strong>3333333333.</strong></span> 
     </span>
    </p>

    <p class='ocr_par' dir='ltr' id='par_1_24' title="bbox 357 6535 1318 6730">
     <span class='ocr_line' id='line_1_61' title="bbox 429 6535 1317 6602; baseline -0.005 -12"><span class='ocrx_word' id='word_1_450' title='bbox 429 6537 440 6572; x_wconf 68' lang='lat'>²</span> <span class='ocrx_word' id='word_1_451' title='bbox 460 6535 607 6590; x_wconf 73' lang='grc'><strong>0331133313</strong></span> <span class='ocrx_word' id='word_1_452' title='bbox 627 6539 696 6602; x_wconf 86' lang='grc'><strong>3331</strong></span> <span class='ocrx_word' id='word_1_453' title='bbox 711 6541 856 6602; x_wconf 74' lang='lat' dir='ltr'>tyrenum,</span> <span class='ocrx_word' id='word_1_454' title='bbox 877 6545 960 6590; x_wconf 81' lang='grc'><strong>333313</strong></span> <span class='ocrx_word' id='word_1_455' title='bbox 974 6551 1007 6590; x_wconf 85' lang='lat' dir='ltr'>ex</span> <span class='ocrx_word' id='word_1_456' title='bbox 1019 6535 1170 6598; x_wconf 71' lang='lat' dir='ltr'>rascoasto,</span> <span class='ocrx_word' id='word_1_457' title='bbox 1187 6535 1317 6598; x_wconf 81' lang='lat' dir='ltr'>Expositio</span> 
     </span>
     <span class='ocr_line' id='line_1_62' title="bbox 358 6605 1318 6676; baseline 0 -16"><span class='ocrx_word' id='word_1_458' title='bbox 358 6611 387 6660; x_wconf 90' lang='lat' dir='ltr'>in</span> <span class='ocrx_word' id='word_1_459' title='bbox 404 6609 528 6660; x_wconf 83' lang='lat' dir='ltr'>Lament</span> <span class='ocrx_word' id='word_1_460' title='bbox 539 6609 574 6658; x_wconf 90' lang='lat' dir='ltr'>ad</span> <span class='ocrx_word' id='word_1_461' title='bbox 594 6609 619 6670; x_wconf 92' lang='grc'>1,</span> <span class='ocrx_word' id='word_1_462' title='bbox 637 6609 680 6660; x_wconf 83' lang='lat' dir='ltr'>tc.</span> <span class='ocrx_word' id='word_1_463' title='bbox 699 6611 819 6676; x_wconf 85' lang='lat' dir='ltr'>Sequens</span> <span class='ocrx_word' id='word_1_464' title='bbox 836 6607 909 6660; x_wconf 89' lang='lat' dir='ltr'>locus</span> <span class='ocrx_word' id='word_1_465' title='bbox 928 6607 1028 6660; x_wconf 85' lang='lat' dir='ltr'>Reburri</span> <span class='ocrx_word' id='word_1_466' title='bbox 1049 6615 1087 6662; x_wconf 88' lang='lat' dir='ltr'>est</span> <span class='ocrx_word' id='word_1_467' title='bbox 1107 6609 1132 6660; x_wconf 89' lang='lat' dir='ltr'>in</span> <span class='ocrx_word' id='word_1_468' title='bbox 1150 6605 1217 6658; x_wconf 90' lang='lat' dir='ltr'>libro</span> <span class='ocrx_word' id='word_1_469' title='bbox 1242 6607 1318 6660; x_wconf 87' lang='lat' dir='ltr'>toties</span> 
     </span>
     <span class='ocr_line' id='line_1_63' title="bbox 357 6679 948 6730; baseline 0 0"><span class='ocrx_word' id='word_1_470' title='bbox 357 6679 401 6730; x_wconf 85' lang='lat' dir='ltr'>eit.</span> <span class='ocrx_word' id='word_1_471' title='bbox 419 6679 451 6730; x_wconf 90' lang='lat' dir='ltr'>ad</span> <span class='ocrx_word' id='word_1_472' title='bbox 472 6679 540 6730; x_wconf 86' lang='lat' dir='ltr'>hunc</span> <span class='ocrx_word' id='word_1_473' title='bbox 560 6679 654 6730; x_wconf 91' lang='lat' dir='ltr'>locum.</span> <span class='ocrx_word' id='word_1_474' title='bbox 941 6715 948 6720; x_wconf 88' lang='lat'>-</span> 
     </span>
    </p>

    <p class='ocr_par' dir='ltr' id='par_1_25' title="bbox 356 6745 1318 6892">
     <span class='ocr_line' id='line_1_64' title="bbox 429 6745 1317 6820; baseline 0.006 -22"><span class='ocrx_word' id='word_1_475' title='bbox 429 6745 441 6776; x_wconf 78' lang='lat'>⁸</span> <span class='ocrx_word' id='word_1_476' title='bbox 460 6747 517 6799; x_wconf 85' lang='lat' dir='ltr'>Scit.</span> <span class='ocrx_word' id='word_1_477' title='bbox 537 6747 567 6808; x_wconf 88' lang='lat' dir='ltr'>t,</span> <span class='ocrx_word' id='word_1_478' title='bbox 587 6745 595 6796; x_wconf 89' lang='grc'>1</span> <span class='ocrx_word' id='word_1_479' title='bbox 606 6749 630 6800; x_wconf 86' lang='grc'>1.</span> <span class='ocrx_word' id='word_1_480' title='bbox 647 6775 684 6790; x_wconf 91' lang='lat'><em>-</em></span> <span class='ocrx_word' id='word_1_481' title='bbox 702 6751 760 6802; x_wconf 82' lang='lat' dir='ltr'>Vat.</span> <span class='ocrx_word' id='word_1_482' title='bbox 779 6751 875 6804; x_wconf 80' lang='lat' dir='ltr'>oniittit</span> <span class='ocrx_word' id='word_1_483' title='bbox 890 6763 987 6820; x_wconf 88' lang='lat' dir='ltr'>supra.</span> <span class='ocrx_word' id='word_1_484' title='bbox 1007 6751 1072 6802; x_wconf 86' lang='lat' dir='ltr'>lnira</span> <span class='ocrx_word' id='word_1_485' title='bbox 1085 6763 1134 6816; x_wconf 88' lang='lat' dir='ltr'>pro</span> <span class='ocrx_word' id='word_1_486' title='bbox 1152 6745 1262 6818; x_wconf 75' lang='lat' dir='ltr'>quietus</span> <span class='ocrx_word' id='word_1_487' title='bbox 1282 6747 1317 6804; x_wconf 89' lang='lat' dir='ltr'>lo·</span> 
     </span>
     <span class='ocr_line' id='line_1_65' title="bbox 356 6817 1318 6892; baseline 0.002 -20"><span class='ocrx_word' id='word_1_488' title='bbox 356 6831 406 6872; x_wconf 84' lang='grc'>333</span> <span class='ocrx_word' id='word_1_489' title='bbox 426 6817 533 6886; x_wconf 85' lang='grc'><strong>(13333</strong></span> <span class='ocrx_word' id='word_1_490' title='bbox 553 6819 625 6882; x_wconf 83' lang='grc'><strong>3331</strong></span> <span class='ocrx_word' id='word_1_491' title='bbox 644 6821 757 6876; x_wconf 89' lang='lat' dir='ltr'>Tullium</span> <span class='ocrx_word' id='word_1_492' title='bbox 776 6825 807 6890; x_wconf 80' lang='grc'>11.</span> <span class='ocrx_word' id='word_1_493' title='bbox 826 6825 933 6878; x_wconf 83' lang='grc'><strong>11133133.</strong></span> <span class='ocrx_word' id='word_1_494' title='bbox 951 6835 972 6876; x_wconf 89' lang='grc'>3.</span> <span class='ocrx_word' id='word_1_495' title='bbox 993 6821 1047 6892; x_wconf 74' lang='lat' dir='ltr'>ta]</span> <span class='ocrx_word' id='word_1_496' title='bbox 1067 6823 1108 6874; x_wconf 90' lang='lat' dir='ltr'>illa</span> <span class='ocrx_word' id='word_1_497' title='bbox 1127 6819 1252 6876; x_wconf 88' lang='lat' dir='ltr'>sententia</span> <span class='ocrx_word' id='word_1_498' title='bbox 1271 6823 1318 6874; x_wconf 88' lang='lat' dir='ltr'>ha·</span> 
     </span>
    </p>
   </div>
   <div class='ocr_carea' id='block_1_4' title="bbox 1348 5449 1353 5608">
    <p class='ocr_par' dir='ltr' id='par_1_26' title="bbox 1348 5449 1353 5608">
     <span class='ocr_line' id='line_1_66' title="bbox 1348 5449 1353 5608; baseline 0 0"><span class='ocrx_word' id='word_1_499' title='bbox 1348 5449 1353 5608; x_wconf 88' lang='lat' dir='ltr'>l</span> 
     </span>
    </p>
   </div>
   <div class='ocr_carea' id='block_1_5' title="bbox 2274 521 2337 590">
    <p class='ocr_par' dir='ltr' id='par_1_27' title="bbox 2274 521 2337 590">
     <span class='ocr_line' id='line_1_67' title="bbox 2274 521 2337 590; baseline 0.032 -2"><span class='ocrx_word' id='word_1_500' title='bbox 2274 521 2337 590; x_wconf 65' lang='grc'>613</span> 
     </span>
    </p>
   </div>
   <div class='ocr_carea' id='block_1_6' title="bbox 1375 693 2508 5526">
    <p class='ocr_par' dir='ltr' id='par_1_28' title="bbox 1376 693 2337 772">
     <span class='ocr_line' id='line_1_68' title="bbox 1376 693 2337 772; baseline 0.004 -16"><span class='ocrx_word' id='word_1_501' title='bbox 1376 697 1458 756; x_wconf 82' lang='grc'><strong>33113</strong></span> <span class='ocrx_word' id='word_1_502' title='bbox 1477 693 1613 756; x_wconf 90' lang='lat' dir='ltr'>fortitudo</span> <span class='ocrx_word' id='word_1_503' title='bbox 1636 695 1792 756; x_wconf 86' lang='lat' dir='ltr'>Pharaonis</span> <span class='ocrx_word' id='word_1_504' title='bbox 1814 701 1844 756; x_wconf 90' lang='lat' dir='ltr'>in</span> <span class='ocrx_word' id='word_1_505' title='bbox 1874 701 2082 772; x_wconf 86' lang='lat' dir='ltr'>confusionem,</span> <span class='ocrx_word' id='word_1_506' title='bbox 2101 701 2132 760; x_wconf 90' lang='lat' dir='ltr'>et</span> <span class='ocrx_word' id='word_1_507' title='bbox 2150 701 2255 760; x_wconf 85' lang='lat' dir='ltr'>fiducia</span> <span class='ocrx_word' id='word_1_508' title='bbox 2273 717 2337 760; x_wconf 90' lang='lat' dir='ltr'>um-</span> 
     </span>
    </p>

    <p class='ocr_par' dir='ltr' id='par_1_29' title="bbox 1376 793 2337 966">
     <span class='ocr_line' id='line_1_69' title="bbox 1376 793 2337 870; baseline 0.002 -16"><span class='ocrx_word' id='word_1_509' title='bbox 1376 795 1444 854; x_wconf 89' lang='lat' dir='ltr'>brae</span> <span class='ocrx_word' id='word_1_510' title='bbox 1464 793 1589 868; x_wconf 79' lang='lat' dir='ltr'>Aegypti</span> <span class='ocrx_word' id='word_1_511' title='bbox 1607 795 1639 852; x_wconf 91' lang='lat' dir='ltr'>in</span> <span class='ocrx_word' id='word_1_512' title='bbox 1658 795 1842 868; x_wconf 81' lang='lat' dir='ltr'>ignominiam</span> <span class='ocrx_word' id='word_1_513' title='bbox 1854 819 1885 854; x_wconf 87' lang='lat'>».</span> <span class='ocrx_word' id='word_1_514' title='bbox 1905 797 1985 856; x_wconf 87' lang='lat' dir='ltr'>Unde</span> <span class='ocrx_word' id='word_1_515' title='bbox 2001 797 2143 870; x_wconf 84' lang='lat' dir='ltr'>sequitur:</span> <span class='ocrx_word' id='word_1_516' title='bbox 2157 799 2203 856; x_wconf 86' lang='lat' dir='ltr'>Et</span> <span class='ocrx_word' id='word_1_517' title='bbox 2219 799 2279 868; x_wconf 87' lang='lat' dir='ltr'>ipsi</span> <span class='ocrx_word' id='word_1_518' title='bbox 2292 799 2337 856; x_wconf 90' lang='lat' dir='ltr'>de·</span> 
     </span>
     <span class='ocr_line' id='line_1_70' title="bbox 1376 891 2337 966; baseline 0 -14"><span class='ocrx_word' id='word_1_519' title='bbox 1376 895 1516 966; x_wconf 85' lang='lat' dir='ltr'>ceperunt</span> <span class='ocrx_word' id='word_1_520' title='bbox 1532 907 1595 964; x_wconf 61' lang='lat' dir='ltr'>aaa·</span> <span class='ocrx_word' id='word_1_521' title='bbox 1613 891 1765 952; x_wconf 85' lang='lat' dir='ltr'>Ieremias:</span> <span class='ocrx_word' id='word_1_522' title='bbox 1790 915 1805 944; x_wconf 76' lang='lat' dir='ltr'>c</span> <span class='ocrx_word' id='word_1_523' title='bbox 1820 891 1916 952; x_wconf 87' lang='lat' dir='ltr'>Omnis</span> <span class='ocrx_word' id='word_1_524' title='bbox 1938 895 2043 952; x_wconf 89' lang='lat' dir='ltr'>amicus</span> <span class='ocrx_word' id='word_1_525' title='bbox 2075 895 2269 952; x_wconf 87' lang='lat' dir='ltr'>fraudulenter</span> <span class='ocrx_word' id='word_1_526' title='bbox 2292 895 2337 952; x_wconf 85' lang='lat' dir='ltr'>in-</span> 
     </span>
    </p>

    <p class='ocr_par' dir='ltr' id='par_1_30' title="bbox 1376 987 2337 1064">
     <span class='ocr_line' id='line_1_71' title="bbox 1376 987 2337 1064; baseline 0 -16"><span class='ocrx_word' id='word_1_527' title='bbox 1376 991 1487 1060; x_wconf 79' lang='lat' dir='ltr'>cedit»,</span> <span class='ocrx_word' id='word_1_528' title='bbox 1511 991 1591 1064; x_wconf 89' lang='lat' dir='ltr'>quia,</span> <span class='ocrx_word' id='word_1_529' title='bbox 1621 991 1655 1048; x_wconf 93' lang='lat' dir='ltr'>ut</span> <span class='ocrx_word' id='word_1_530' title='bbox 1685 991 1754 1048; x_wconf 89' lang='lat' dir='ltr'>dicit</span> <span class='ocrx_word' id='word_1_531' title='bbox 1784 987 1917 1060; x_wconf 78' lang='lat' dir='ltr'>Glossa⁷,</span> <span class='ocrx_word' id='word_1_532' title='bbox 1946 991 2004 1048; x_wconf 77' lang='lat' dir='ltr'>«in</span> <span class='ocrx_word' id='word_1_533' title='bbox 2028 989 2153 1062; x_wconf 88' lang='lat' dir='ltr'>tempore</span> <span class='ocrx_word' id='word_1_534' title='bbox 2181 991 2288 1062; x_wconf 89' lang='lat' dir='ltr'>primae</span> <span class='ocrx_word' id='word_1_535' title='bbox 2310 991 2337 1048; x_wconf 88' lang='lat' dir='ltr'>et</span> 
     </span>
    </p>

    <p class='ocr_par' dir='ltr' id='par_1_31' title="bbox 1375 1083 2339 1162">
     <span class='ocr_line' id='line_1_72' title="bbox 1375 1083 2339 1162; baseline -0.006 -18"><span class='ocrx_word' id='word_1_536' title='bbox 1375 1087 1494 1146; x_wconf 90' lang='lat' dir='ltr'>ultimae</span> <span class='ocrx_word' id='word_1_537' title='bbox 1526 1087 1702 1162; x_wconf 82' lang='lat' dir='ltr'>captivitatis</span> <span class='ocrx_word' id='word_1_538' title='bbox 1730 1087 1842 1144; x_wconf 91' lang='lat' dir='ltr'>nullum</span> <span class='ocrx_word' id='word_1_539' title='bbox 1874 1087 1912 1144; x_wconf 91' lang='lat' dir='ltr'>eis</span> <span class='ocrx_word' id='word_1_540' title='bbox 1946 1087 2082 1144; x_wconf 76' lang='lat' dir='ltr'>aumlium</span> <span class='ocrx_word' id='word_1_541' title='bbox 2101 1083 2339 1156; x_wconf 61' lang='lat' dir='ltr'>praebuerunt»,</span> 
     </span>
    </p>

    <p class='ocr_par' dir='ltr' id='par_1_32' title="bbox 1376 1179 2337 1258">
     <span class='ocr_line' id='line_1_73' title="bbox 1376 1179 2337 1258; baseline -0.003 -14"><span class='ocrx_word' id='word_1_542' title='bbox 1376 1185 1451 1246; x_wconf 89' lang='lat' dir='ltr'>unde</span> <span class='ocrx_word' id='word_1_543' title='bbox 1470 1179 1620 1246; x_wconf 85' lang='lat' dir='ltr'>Rabanus:</span> <span class='ocrx_word' id='word_1_544' title='bbox 1648 1183 1774 1256; x_wconf 79' lang='lat' dir='ltr'>«Petet,</span> <span class='ocrx_word' id='word_1_545' title='bbox 1794 1183 1870 1258; x_wconf 85' lang='lat' dir='ltr'>quod</span> <span class='ocrx_word' id='word_1_546' title='bbox 1891 1201 1942 1258; x_wconf 87' lang='lat' dir='ltr'>per</span> <span class='ocrx_word' id='word_1_547' title='bbox 1955 1183 2145 1254; x_wconf 87' lang='lat' dir='ltr'>antiphrasim</span> <span class='ocrx_word' id='word_1_548' title='bbox 2156 1183 2212 1240; x_wconf 87' lang='lat' dir='ltr'>iste</span> <span class='ocrx_word' id='word_1_549' title='bbox 2225 1183 2337 1242; x_wconf 85' lang='lat' dir='ltr'>amicus</span> 
     </span>
    </p>

    <p class='ocr_par' dir='ltr' id='par_1_33' title="bbox 1377 1279 2339 1356">
     <span class='ocr_line' id='line_1_74' title="bbox 1377 1279 2339 1356; baseline -0.006 -16"><span class='ocrx_word' id='word_1_550' title='bbox 1377 1285 1503 1352; x_wconf 89' lang='lat' dir='ltr'>dicatur,</span> <span class='ocrx_word' id='word_1_551' title='bbox 1526 1285 1575 1356; x_wconf 90' lang='lat' dir='ltr'>qui</span> <span class='ocrx_word' id='word_1_552' title='bbox 1593 1283 1723 1356; x_wconf 88' lang='lat' dir='ltr'>deceptor</span> <span class='ocrx_word' id='word_1_553' title='bbox 1736 1299 1795 1342; x_wconf 88' lang='lat' dir='ltr'>esse</span> <span class='ocrx_word' id='word_1_554' title='bbox 1811 1281 1990 1356; x_wconf 73' lang='lat' dir='ltr'>probatur».</span> <span class='ocrx_word' id='word_1_555' title='bbox 2017 1279 2118 1336; x_wconf 79' lang='lat' dir='ltr'>«Sunt</span> <span class='ocrx_word' id='word_1_556' title='bbox 2138 1281 2211 1338; x_wconf 89' lang='lat' dir='ltr'>euim</span> <span class='ocrx_word' id='word_1_557' title='bbox 2231 1279 2280 1352; x_wconf 85' lang='lat' dir='ltr'>qui</span> <span class='ocrx_word' id='word_1_558' title='bbox 2300 1279 2339 1336; x_wconf 84' lang='lat' dir='ltr'>di.</span> 
     </span>
    </p>

    <p class='ocr_par' dir='ltr' id='par_1_34' title="bbox 1377 1375 2490 1744">
     <span class='ocr_line' id='line_1_75' title="bbox 1377 1375 2337 1454; baseline -0.004 -16"><span class='ocrx_word' id='word_1_559' title='bbox 1377 1379 1481 1438; x_wconf 87' lang='lat' dir='ltr'>cuntur</span> <span class='ocrx_word' id='word_1_560' title='bbox 1501 1381 1605 1452; x_wconf 83' lang='lat' dir='ltr'>antici,</span> <span class='ocrx_word' id='word_1_561' title='bbox 1626 1381 1674 1438; x_wconf 90' lang='lat' dir='ltr'>sed</span> <span class='ocrx_word' id='word_1_562' title='bbox 1691 1381 1794 1454; x_wconf 61' lang='lat' dir='ltr'>=magis</span> <span class='ocrx_word' id='word_1_563' title='bbox 1828 1377 2016 1439; x_wconf 87' lang='lat' dir='ltr'>ostenduntur</span> <span class='ocrx_word' id='word_1_564' title='bbox 2036 1387 2095 1434; x_wconf 87' lang='lat' dir='ltr'>esse</span> <span class='ocrx_word' id='word_1_565' title='bbox 2117 1375 2247 1448; x_wconf 89' lang='lat' dir='ltr'>ininiici,</span> <span class='ocrx_word' id='word_1_566' title='bbox 2271 1379 2337 1450; x_wconf 88' lang='lat' dir='ltr'>quia</span> 
     </span>
     <span class='ocr_line' id='line_1_76' title="bbox 1378 1471 2490 1554; baseline 0 -20"><span class='ocrx_word' id='word_1_567' title='bbox 1378 1477 1562 1550; x_wconf 84' lang='lat' dir='ltr'>egrediuntur</span> <span class='ocrx_word' id='word_1_568' title='bbox 1577 1477 1611 1534; x_wconf 91' lang='lat' dir='ltr'>ad</span> <span class='ocrx_word' id='word_1_569' title='bbox 1625 1477 1799 1536; x_wconf 90' lang='lat' dir='ltr'>inimicitiam</span> <span class='ocrx_word' id='word_1_570' title='bbox 1814 1501 1842 1534; x_wconf 75' lang='lat' dir='ltr'>s.</span> <span class='ocrx_word' id='word_1_571' title='bbox 1852 1509 1895 1520; x_wconf 85' lang='lat'>--</span> <span class='ocrx_word' id='word_1_572' title='bbox 1904 1473 2075 1534; x_wconf 80' lang='lat' dir='ltr'>Sacerdotes</span> <span class='ocrx_word' id='word_1_573' title='bbox 2087 1473 2157 1546; x_wconf 84' lang='lat' dir='ltr'>niet,</span> <span class='ocrx_word' id='word_1_574' title='bbox 2179 1471 2279 1548; x_wconf 89' lang='lat' dir='ltr'>quibus</span> <span class='ocrx_word' id='word_1_575' title='bbox 2294 1473 2490 1554; x_wconf 72' lang='grc'><strong>1333333333</strong></span> 
     </span>
     <span class='ocr_line' id='line_1_77' title="bbox 1377 1543 2478 1648; baseline -0.004 -18"><span class='ocrx_word' id='word_1_576' title='bbox 1377 1573 1461 1630; x_wconf 89' lang='lat' dir='ltr'>betur</span> <span class='ocrx_word' id='word_1_577' title='bbox 1487 1573 1608 1644; x_wconf 91' lang='lat' dir='ltr'>amplior</span> <span class='ocrx_word' id='word_1_578' title='bbox 1640 1573 1796 1634; x_wconf 84' lang='lat' dir='ltr'>reverentia</span> <span class='ocrx_word' id='word_1_579' title='bbox 1826 1591 1877 1648; x_wconf 89' lang='lat' dir='ltr'>pro</span> <span class='ocrx_word' id='word_1_580' title='bbox 1906 1571 2095 1642; x_wconf 83' lang='lat' dir='ltr'>auctoritate3</span> <span class='ocrx_word' id='word_1_581' title='bbox 2120 1573 2147 1628; x_wconf 90' lang='lat' dir='ltr'>et</span> <span class='ocrx_word' id='word_1_582' title='bbox 2165 1585 2247 1628; x_wconf 89' lang='lat' dir='ltr'>senes</span> <span class='ocrx_word' id='word_1_583' title='bbox 2266 1571 2335 1648; x_wconf 81' lang='lat' dir='ltr'>enei,</span> <span class='ocrx_word' id='word_1_584' title='bbox 2365 1543 2478 1590; x_wconf 67' lang='lat'>⁶⁰⁵⁰¹³²¹⁰&#39;</span> 
     </span>
     <span class='ocr_line' id='line_1_78' title="bbox 1377 1669 2337 1744; baseline -0.002 -16"><span class='ocrx_word' id='word_1_585' title='bbox 1377 1687 1449 1744; x_wconf 87' lang='lat' dir='ltr'>quos</span> <span class='ocrx_word' id='word_1_586' title='bbox 1468 1671 1546 1728; x_wconf 89' lang='lat' dir='ltr'>aetas</span> <span class='ocrx_word' id='word_1_587' title='bbox 1576 1671 1644 1730; x_wconf 87' lang='lat' dir='ltr'>facit</span> <span class='ocrx_word' id='word_1_588' title='bbox 1669 1671 1851 1740; x_wconf 72' lang='lat' dir='ltr'>reverendos:</span> <span class='ocrx_word' id='word_1_589' title='bbox 1882 1673 1913 1730; x_wconf 92' lang='lat' dir='ltr'>in</span> <span class='ocrx_word' id='word_1_590' title='bbox 1941 1671 2028 1744; x_wconf 88' lang='lat' dir='ltr'>urhe,</span> <span class='ocrx_word' id='word_1_591' title='bbox 2057 1669 2246 1742; x_wconf 78' lang='lat' dir='ltr'>ierosolyma:</span> <span class='ocrx_word' id='word_1_592' title='bbox 2273 1683 2337 1726; x_wconf 88' lang='lat' dir='ltr'>con·</span> 
     </span>
    </p>

    <p class='ocr_par' dir='ltr' id='par_1_35' title="bbox 1377 1767 2337 1840">
     <span class='ocr_line' id='line_1_79' title="bbox 1377 1767 2337 1840; baseline -0.004 -14"><span class='ocrx_word' id='word_1_593' title='bbox 1377 1771 1468 1826; x_wconf 86' lang='lat' dir='ltr'>scruti</span> <span class='ocrx_word' id='word_1_594' title='bbox 1486 1771 1574 1838; x_wconf 84' lang='lat' dir='ltr'>scunt,</span> <span class='ocrx_word' id='word_1_595' title='bbox 1594 1769 1690 1840; x_wconf 88' lang='lat' dir='ltr'>peste,</span> <span class='ocrx_word' id='word_1_596' title='bbox 1710 1769 1819 1840; x_wconf 89' lang='lat' dir='ltr'>gladio,</span> <span class='ocrx_word' id='word_1_597' title='bbox 1839 1767 2337 1840; x_wconf 76' lang='grc'><strong>33113313133313;3313333331·</strong></span> 
     </span>
    </p>

    <p class='ocr_par' dir='ltr' id='par_1_36' title="bbox 1378 1859 2338 1936">
     <span class='ocr_line' id='line_1_80' title="bbox 1378 1859 2338 1936; baseline 0 -18"><span class='ocrx_word' id='word_1_598' title='bbox 1378 1863 1452 1918; x_wconf 86' lang='lat' dir='ltr'>runt</span> <span class='ocrx_word' id='word_1_599' title='bbox 1469 1861 1566 1918; x_wconf 84' lang='lat' dir='ltr'>cihuan</span> <span class='ocrx_word' id='word_1_600' title='bbox 1585 1863 1656 1936; x_wconf 88' lang='lat' dir='ltr'>sihi,</span> <span class='ocrx_word' id='word_1_601' title='bbox 1679 1861 1722 1930; x_wconf 91' lang='lat' dir='ltr'>et,</span> <span class='ocrx_word' id='word_1_602' title='bbox 1746 1859 1866 1934; x_wconf 76' lang='lat' dir='ltr'>supra³,</span> <span class='ocrx_word' id='word_1_603' title='bbox 1888 1879 1945 1920; x_wconf 89' lang='lat' dir='ltr'>non</span> <span class='ocrx_word' id='word_1_604' title='bbox 1962 1861 2148 1930; x_wconf 83' lang='lat' dir='ltr'>inuenerunt,</span> <span class='ocrx_word' id='word_1_605' title='bbox 2168 1861 2338 1934; x_wconf 77' lang='grc'><strong>313313311-</strong></span> 
     </span>
    </p>

    <p class='ocr_par' dir='ltr' id='par_1_37' title="bbox 1381 1957 2338 2034">
     <span class='ocr_line' id='line_1_81' title="bbox 1381 1957 2338 2034; baseline 0.006 -20"><span class='ocrx_word' id='word_1_606' title='bbox 1381 1957 1476 2016; x_wconf 89' lang='lat' dir='ltr'>larent</span> <span class='ocrx_word' id='word_1_607' title='bbox 1496 1957 1629 2014; x_wconf 83' lang='lat' dir='ltr'>animaru</span> <span class='ocrx_word' id='word_1_608' title='bbox 1648 1975 1752 2028; x_wconf 61' lang='lat' dir='ltr'>suanm</span> <span class='ocrx_word' id='word_1_609' title='bbox 1780 1975 1837 2018; x_wconf 91' lang='lat' dir='ltr'>non</span> <span class='ocrx_word' id='word_1_610' title='bbox 1868 1959 1950 2018; x_wconf 89' lang='lat' dir='ltr'>dicit:</span> <span class='ocrx_word' id='word_1_611' title='bbox 1970 1959 2007 2018; x_wconf 90' lang='lat' dir='ltr'>ut</span> <span class='ocrx_word' id='word_1_612' title='bbox 2034 1963 2249 2032; x_wconf 89' lang='lat' dir='ltr'>sustentarent,·</span> <span class='ocrx_word' id='word_1_613' title='bbox 2268 1977 2338 2034; x_wconf 88' lang='lat' dir='ltr'>quae</span> 
     </span>
    </p>

    <p class='ocr_par' dir='ltr' id='par_1_38' title="bbox 1380 2055 2339 2128">
     <span class='ocr_line' id='line_1_82' title="bbox 1380 2055 2339 2128; baseline 0.001 -13"><span class='ocrx_word' id='word_1_614' title='bbox 1380 2059 1484 2124; x_wconf 80' lang='lat' dir='ltr'>omitia,</span> <span class='ocrx_word' id='word_1_615' title='bbox 1508 2055 1562 2114; x_wconf 89' lang='lat' dir='ltr'>etsi</span> <span class='ocrx_word' id='word_1_616' title='bbox 1583 2055 1689 2128; x_wconf 90' lang='lat' dir='ltr'>pluries</span> <span class='ocrx_word' id='word_1_617' title='bbox 1709 2055 1896 2128; x_wconf 89' lang='lat' dir='ltr'>contigerint,</span> <span class='ocrx_word' id='word_1_618' title='bbox 1916 2059 2034 2116; x_wconf 75' lang='lat' dir='ltr'>mamma</span> <span class='ocrx_word' id='word_1_619' title='bbox 2057 2059 2151 2116; x_wconf 89' lang='lat' dir='ltr'>tamen</span> <span class='ocrx_word' id='word_1_620' title='bbox 2171 2059 2202 2116; x_wconf 90' lang='lat' dir='ltr'>in</span> <span class='ocrx_word' id='word_1_621' title='bbox 2222 2059 2339 2118; x_wconf 87' lang='lat' dir='ltr'>subver-</span> 
     </span>
    </p>

    <p class='ocr_par' dir='ltr' id='par_1_39' title="bbox 1379 2149 2339 2230">
     <span class='ocr_line' id='line_1_83' title="bbox 1379 2149 2339 2230; baseline 0.004 -22"><span class='ocrx_word' id='word_1_622' title='bbox 1379 2155 1457 2210; x_wconf 89' lang='lat' dir='ltr'>sione</span> <span class='ocrx_word' id='word_1_623' title='bbox 1476 2149 1553 2210; x_wconf 87' lang='lat' dir='ltr'>facta</span> <span class='ocrx_word' id='word_1_624' title='bbox 1574 2167 1625 2224; x_wconf 88' lang='lat' dir='ltr'>per</span> <span class='ocrx_word' id='word_1_625' title='bbox 1644 2151 1793 2230; x_wconf 84' lang='lat' dir='ltr'>Romanos.</span> <span class='ocrx_word' id='word_1_626' title='bbox 1809 2151 1847 2208; x_wconf 88' lang='lat' dir='ltr'>nt</span> <span class='ocrx_word' id='word_1_627' title='bbox 1868 2151 1910 2210; x_wconf 86' lang='lat' dir='ltr'>est</span> <span class='ocrx_word' id='word_1_628' title='bbox 1929 2153 1974 2210; x_wconf 90' lang='lat' dir='ltr'>hic</span> <span class='ocrx_word' id='word_1_629' title='bbox 1988 2155 2109 2224; x_wconf 79' lang='lat' dir='ltr'>quintus</span> <span class='ocrx_word' id='word_1_630' title='bbox 2125 2155 2202 2212; x_wconf 90' lang='lat' dir='ltr'>locus</span> <span class='ocrx_word' id='word_1_631' title='bbox 2219 2171 2339 2226; x_wconf 77' lang='lat' dir='ltr'>conpac-</span> 
     </span>
    </p>

    <p class='ocr_par' dir='ltr' id='par_1_40' title="bbox 1379 2247 2339 2322">
     <span class='ocr_line' id='line_1_84' title="bbox 1379 2247 2339 2322; baseline 0.001 -14"><span class='ocrx_word' id='word_1_632' title='bbox 1379 2249 1492 2320; x_wconf 79' lang='lat' dir='ltr'>stioniS,</span> <span class='ocrx_word' id='word_1_633' title='bbox 1515 2247 1564 2306; x_wconf 91' lang='lat' dir='ltr'>ubi</span> <span class='ocrx_word' id='word_1_634' title='bbox 1583 2265 1629 2306; x_wconf 90' lang='lat' dir='ltr'>res</span> <span class='ocrx_word' id='word_1_635' title='bbox 1649 2249 1727 2320; x_wconf 89' lang='lat' dir='ltr'>ipsae</span> <span class='ocrx_word' id='word_1_636' title='bbox 1750 2251 1831 2321; x_wconf 89' lang='lat' dir='ltr'>quasi</span> <span class='ocrx_word' id='word_1_637' title='bbox 1850 2249 2021 2308; x_wconf 87' lang='lat' dir='ltr'>sensibiliter</span> <span class='ocrx_word' id='word_1_638' title='bbox 2041 2251 2226 2322; x_wconf 82' lang='lat' dir='ltr'>explicantur,</span> <span class='ocrx_word' id='word_1_639' title='bbox 2249 2251 2281 2308; x_wconf 91' lang='lat' dir='ltr'>ut</span> <span class='ocrx_word' id='word_1_640' title='bbox 2301 2255 2339 2310; x_wconf 90' lang='lat' dir='ltr'>iu·</span> 
     </span>
    </p>

    <p class='ocr_par' dir='ltr' id='par_1_41' title="bbox 1382 2345 1920 2406">
     <span class='ocr_line' id='line_1_85' title="bbox 1382 2345 1920 2406; baseline 0 -2"><span class='ocrx_word' id='word_1_641' title='bbox 1382 2345 1490 2404; x_wconf 75' lang='grc'><strong>133131</strong></span> <span class='ocrx_word' id='word_1_642' title='bbox 1511 2345 1728 2404; x_wconf 88' lang='lat' dir='ltr'>misericordiam</span> <span class='ocrx_word' id='word_1_643' title='bbox 1749 2347 1920 2406; x_wconf 88' lang='lat' dir='ltr'>inflectatur.</span> 
     </span>
    </p>

    <p class='ocr_par' dir='ltr' id='par_1_42' title="bbox 1382 2441 2507 3098">
     <span class='ocr_line' id='line_1_86' title="bbox 1461 2441 2507 2538; baseline 0.004 -38"><span class='ocrx_word' id='word_1_644' title='bbox 1461 2443 1510 2500; x_wconf 88' lang='lat'>53.</span> <span class='ocrx_word' id='word_1_645' title='bbox 1529 2441 1711 2516; x_wconf 81' lang='lat' dir='ltr'>Alleporice:</span> <span class='ocrx_word' id='word_1_646' title='bbox 1729 2441 1831 2500; x_wconf 83' lang='lat' dir='ltr'>Antici</span> <span class='ocrx_word' id='word_1_647' title='bbox 1850 2441 1920 2500; x_wconf 83' lang='lat' dir='ltr'>sunt</span> <span class='ocrx_word' id='word_1_648' title='bbox 1941 2443 2047 2512; x_wconf 88' lang='lat' dir='ltr'>clerici,</span> <span class='ocrx_word' id='word_1_649' title='bbox 2064 2443 2112 2516; x_wconf 84' lang='grc'>331</span> <span class='ocrx_word' id='word_1_650' title='bbox 2127 2443 2217 2502; x_wconf 81' lang='lat' dir='ltr'>vocati</span> <span class='ocrx_word' id='word_1_651' title='bbox 2241 2443 2275 2502; x_wconf 89' lang='lat' dir='ltr'>ab</span> <span class='ocrx_word' id='word_1_652' title='bbox 2290 2443 2339 2504; x_wconf 85' lang='lat' dir='ltr'>Et·</span> <span class='ocrx_word' id='word_1_653' title='bbox 2358 2443 2507 2538; x_wconf 48' lang='grc' dir='ltr'>Βθῦζξξῃζῃθ·</span> 
     </span>
     <span class='ocr_line' id='line_1_87' title="bbox 1383 2507 2486 2610; baseline 0 -14"><span class='ocrx_word' id='word_1_654' title='bbox 1383 2539 1482 2608; x_wconf 88' lang='grc'><strong>313313,</strong></span> <span class='ocrx_word' id='word_1_655' title='bbox 1505 2539 1596 2610; x_wconf 89' lang='lat' dir='ltr'>ipsam</span> <span class='ocrx_word' id='word_1_656' title='bbox 1616 2537 1773 2610; x_wconf 78' lang='lat' dir='ltr'>decipiunt,</span> <span class='ocrx_word' id='word_1_657' title='bbox 1795 2555 1858 2596; x_wconf 88' lang='lat' dir='ltr'>cum</span> <span class='ocrx_word' id='word_1_658' title='bbox 1891 2537 2029 2610; x_wconf 87' lang='lat' dir='ltr'>stipendia</span> <span class='ocrx_word' id='word_1_659' title='bbox 2062 2539 2202 2610; x_wconf 89' lang='lat' dir='ltr'>recipiunt</span> <span class='ocrx_word' id='word_1_660' title='bbox 2220 2539 2251 2596; x_wconf 91' lang='lat' dir='ltr'>et</span> <span class='ocrx_word' id='word_1_661' title='bbox 2269 2555 2339 2598; x_wconf 89' lang='lat' dir='ltr'>com·</span> <span class='ocrx_word' id='word_1_662' title='bbox 2385 2507 2397 2550; x_wconf 68' lang='lat'>⁸</span> <span class='ocrx_word' id='word_1_663' title='bbox 2432 2509 2443 2540; x_wconf 67' lang='lat'><strong>⁰</strong></span> <span class='ocrx_word' id='word_1_664' title='bbox 2470 2527 2486 2566; x_wconf 81' lang='grc'>’-</span> 
     </span>
     <span class='ocr_line' id='line_1_88' title="bbox 1382 2635 2339 2710; baseline 0 -16"><span class='ocrx_word' id='word_1_665' title='bbox 1382 2637 1461 2694; x_wconf 90' lang='lat' dir='ltr'>muni</span> <span class='ocrx_word' id='word_1_666' title='bbox 1490 2635 1612 2694; x_wconf 88' lang='lat' dir='ltr'>utilitati</span> <span class='ocrx_word' id='word_1_667' title='bbox 1642 2651 1701 2694; x_wconf 91' lang='lat' dir='ltr'>non</span> <span class='ocrx_word' id='word_1_668' title='bbox 1729 2635 1845 2704; x_wconf 82' lang='lat' dir='ltr'>virunt3</span> <span class='ocrx_word' id='word_1_669' title='bbox 1869 2635 1912 2694; x_wconf 84' lang='lat' dir='ltr'>rel</span> <span class='ocrx_word' id='word_1_670' title='bbox 1945 2635 2086 2708; x_wconf 90' lang='lat' dir='ltr'>decipiunt</span> <span class='ocrx_word' id='word_1_671' title='bbox 2118 2635 2271 2694; x_wconf 83' lang='lat' dir='ltr'>Ecclesiam</span> <span class='ocrx_word' id='word_1_672' title='bbox 2291 2639 2339 2710; x_wconf 87' lang='lat' dir='ltr'>qui</span> 
     </span>
     <span class='ocr_line' id='line_1_89' title="bbox 1383 2731 2339 2808; baseline 0.002 -16"><span class='ocrx_word' id='word_1_673' title='bbox 1383 2735 1478 2808; x_wconf 90' lang='lat' dir='ltr'>plures</span> <span class='ocrx_word' id='word_1_674' title='bbox 1511 2735 1631 2808; x_wconf 85' lang='lat' dir='ltr'>pingues</span> <span class='ocrx_word' id='word_1_675' title='bbox 1659 2731 1800 2804; x_wconf 87' lang='lat' dir='ltr'>recipiunt</span> <span class='ocrx_word' id='word_1_676' title='bbox 1827 2731 2014 2806; x_wconf 74' lang='lat' dir='ltr'>praebendas:</span> <span class='ocrx_word' id='word_1_677' title='bbox 2042 2731 2090 2790; x_wconf 91' lang='lat' dir='ltr'>ubi</span> <span class='ocrx_word' id='word_1_678' title='bbox 2122 2735 2196 2792; x_wconf 90' lang='lat' dir='ltr'>euim</span> <span class='ocrx_word' id='word_1_679' title='bbox 2214 2731 2339 2794; x_wconf 87' lang='lat' dir='ltr'>Ecclesia</span> 
     </span>
     <span class='ocr_line' id='line_1_90' title="bbox 1382 2829 2340 2904; baseline -0.002 -14"><span class='ocrx_word' id='word_1_680' title='bbox 1382 2831 1495 2890; x_wconf 89' lang='lat' dir='ltr'>deberet</span> <span class='ocrx_word' id='word_1_681' title='bbox 1516 2831 1543 2890; x_wconf 88' lang='grc'>31</span> <span class='ocrx_word' id='word_1_682' title='bbox 1572 2829 1667 2904; x_wconf 89' lang='lat' dir='ltr'>posset</span> <span class='ocrx_word' id='word_1_683' title='bbox 1698 2829 1800 2890; x_wconf 90' lang='lat' dir='ltr'>habere</span> <span class='ocrx_word' id='word_1_684' title='bbox 1832 2831 1929 2904; x_wconf 90' lang='lat' dir='ltr'>plures</span> <span class='ocrx_word' id='word_1_685' title='bbox 1954 2829 2068 2890; x_wconf 88' lang='lat' dir='ltr'>idoneos</span> <span class='ocrx_word' id='word_1_686' title='bbox 2087 2831 2259 2902; x_wconf 80' lang='lat' dir='ltr'>servientes,</span> <span class='ocrx_word' id='word_1_687' title='bbox 2283 2847 2340 2890; x_wconf 90' lang='lat' dir='ltr'>non</span> 
     </span>
     <span class='ocr_line' id='line_1_91' title="bbox 1382 2927 2339 3002; baseline -0.002 -14"><span class='ocrx_word' id='word_1_688' title='bbox 1382 2929 1468 2988; x_wconf 88' lang='lat' dir='ltr'>habet</span> <span class='ocrx_word' id='word_1_689' title='bbox 1488 2931 1543 2988; x_wconf 89' lang='lat' dir='ltr'>nisi</span> <span class='ocrx_word' id='word_1_690' title='bbox 1564 2947 1651 2986; x_wconf 91' lang='lat' dir='ltr'>uuum</span> <span class='ocrx_word' id='word_1_691' title='bbox 1682 2931 1775 2988; x_wconf 82' lang='lat' dir='ltr'>uirum</span> <span class='ocrx_word' id='word_1_692' title='bbox 1806 2929 1967 3002; x_wconf 72' lang='lat' dir='ltr'>indignum:</span> <span class='ocrx_word' id='word_1_693' title='bbox 1990 2945 2040 2986; x_wconf 88' lang='lat' dir='ltr'>nco</span> <span class='ocrx_word' id='word_1_694' title='bbox 2062 2927 2104 2986; x_wconf 88' lang='lat' dir='ltr'>est</span> <span class='ocrx_word' id='word_1_695' title='bbox 2127 2929 2270 2986; x_wconf 85' lang='lat' dir='ltr'>mediocris</span> <span class='ocrx_word' id='word_1_696' title='bbox 2291 2927 2339 2986; x_wconf 89' lang='lat' dir='ltr'>Ec·</span> 
     </span>
     <span class='ocr_line' id='line_1_92' title="bbox 1383 3021 2340 3098; baseline -0.004 -12"><span class='ocrx_word' id='word_1_697' title='bbox 1383 3027 1482 3086; x_wconf 86' lang='lat' dir='ltr'>clasiae</span> <span class='ocrx_word' id='word_1_698' title='bbox 1503 3027 1620 3096; x_wconf 91' lang='lat' dir='ltr'>iniuria,</span> <span class='ocrx_word' id='word_1_699' title='bbox 1642 3041 1704 3084; x_wconf 91' lang='lat' dir='ltr'>cum</span> <span class='ocrx_word' id='word_1_700' title='bbox 1724 3021 1863 3084; x_wconf 76' lang='lat' dir='ltr'>numero9</span> <span class='ocrx_word' id='word_1_701' title='bbox 1886 3041 2029 3084; x_wconf 82' lang='lat' dir='ltr'>servorum</span> <span class='ocrx_word' id='word_1_702' title='bbox 2062 3041 2176 3082; x_wconf 90' lang='lat' dir='ltr'>suorum</span> <span class='ocrx_word' id='word_1_703' title='bbox 2196 3041 2247 3098; x_wconf 91' lang='lat' dir='ltr'>per</span> <span class='ocrx_word' id='word_1_704' title='bbox 2266 3025 2340 3098; x_wconf 90' lang='lat' dir='ltr'>cupi·</span> 
     </span>
    </p>

    <p class='ocr_par' dir='ltr' id='par_1_43' title="bbox 1382 3121 2341 3384">
     <span class='ocr_line' id='line_1_93' title="bbox 1383 3121 2341 3196; baseline -0.002 -16"><span class='ocrx_word' id='word_1_705' title='bbox 1383 3121 1502 3180; x_wconf 77' lang='grc'><strong>11131331</strong></span> <span class='ocrx_word' id='word_1_706' title='bbox 1530 3123 1691 3196; x_wconf 88' lang='lat' dir='ltr'>aliquorum</span> <span class='ocrx_word' id='word_1_707' title='bbox 1725 3121 1850 3180; x_wconf 88' lang='lat' dir='ltr'>Ecclesia</span> <span class='ocrx_word' id='word_1_708' title='bbox 1882 3121 2075 3180; x_wconf 87' lang='lat' dir='ltr'>defraudatur.</span> <span class='ocrx_word' id='word_1_709' title='bbox 2108 3121 2275 3180; x_wconf 78' lang='lat' dir='ltr'>Sacerdotes</span> <span class='ocrx_word' id='word_1_710' title='bbox 2315 3123 2341 3178; x_wconf 88' lang='lat' dir='ltr'>et</span> 
     </span>
     <span class='ocr_line' id='line_1_94' title="bbox 1382 3217 2340 3292; baseline -0.004 -12"><span class='ocrx_word' id='word_1_711' title='bbox 1382 3235 1463 3280; x_wconf 87' lang='lat' dir='ltr'>senes</span> <span class='ocrx_word' id='word_1_712' title='bbox 1482 3221 1629 3280; x_wconf 85' lang='lat' dir='ltr'>consumti</span> <span class='ocrx_word' id='word_1_713' title='bbox 1645 3223 1729 3292; x_wconf 91' lang='lat' dir='ltr'>sunt,</span> <span class='ocrx_word' id='word_1_714' title='bbox 1752 3221 1781 3278; x_wconf 90' lang='lat' dir='ltr'>in</span> <span class='ocrx_word' id='word_1_715' title='bbox 1813 3219 1935 3292; x_wconf 89' lang='lat' dir='ltr'>peccatis</span> <span class='ocrx_word' id='word_1_716' title='bbox 1963 3219 2054 3278; x_wconf 79' lang='lat' dir='ltr'>vitam</span> <span class='ocrx_word' id='word_1_717' title='bbox 2082 3219 2221 3278; x_wconf 81' lang='lat' dir='ltr'>infelicem</span> <span class='ocrx_word' id='word_1_718' title='bbox 2248 3217 2340 3292; x_wconf 89' lang='lat' dir='ltr'>termi-</span> 
     </span>
     <span class='ocr_line' id='line_1_95' title="bbox 1384 3319 1581 3384; baseline 0 -8"><span class='ocrx_word' id='word_1_719' title='bbox 1384 3319 1496 3376; x_wconf 89' lang='lat' dir='ltr'>nantes.</span> <span class='ocrx_word' id='word_1_720' title='bbox 1580 3381 1581 3384; x_wconf 46' lang='lat'>,</span> 
     </span>
    </p>

    <p class='ocr_par' dir='ltr' id='par_1_44' title="bbox 1385 3415 2508 4654">
     <span class='ocr_line' id='line_1_96' title="bbox 1419 3415 2454 3502; baseline 0 -30"><span class='ocrx_word' id='word_1_721' title='bbox 1419 3481 1435 3502; x_wconf 46' lang='lat'><strong><em>⁴</em></strong></span> <span class='ocrx_word' id='word_1_722' title='bbox 1463 3415 1643 3474; x_wconf 82' lang='lat' dir='ltr'>Moraliter:</span> <span class='ocrx_word' id='word_1_723' title='bbox 1661 3415 1754 3474; x_wconf 91' lang='lat' dir='ltr'>Homo</span> <span class='ocrx_word' id='word_1_724' title='bbox 1771 3415 1830 3472; x_wconf 88' lang='lat' dir='ltr'>tres</span> <span class='ocrx_word' id='word_1_725' title='bbox 1842 3415 1931 3472; x_wconf 87' lang='lat' dir='ltr'>habet</span> <span class='ocrx_word' id='word_1_726' title='bbox 1944 3415 2061 3472; x_wconf 88' lang='lat' dir='ltr'>amicos:</span> <span class='ocrx_word' id='word_1_727' title='bbox 2076 3415 2185 3486; x_wconf 89' lang='lat' dir='ltr'>primus</span> <span class='ocrx_word' id='word_1_728' title='bbox 2198 3415 2243 3472; x_wconf 88' lang='lat' dir='ltr'>est</span> <span class='ocrx_word' id='word_1_729' title='bbox 2257 3429 2340 3486; x_wconf 89' lang='lat' dir='ltr'>curo,</span> <span class='ocrx_word' id='word_1_730' title='bbox 2361 3421 2454 3464; x_wconf 76' lang='lat' dir='ltr'>nornis.</span> 
     </span>
     <span class='ocr_line' id='line_1_97' title="bbox 1385 3509 2341 3586; baseline 0 -18"><span class='ocrx_word' id='word_1_731' title='bbox 1385 3511 1416 3568; x_wconf 90' lang='lat' dir='ltr'>de</span> <span class='ocrx_word' id='word_1_732' title='bbox 1439 3529 1494 3586; x_wconf 88' lang='lat' dir='ltr'>qua</span> <span class='ocrx_word' id='word_1_733' title='bbox 1509 3511 1543 3568; x_wconf 91' lang='lat' dir='ltr'>ad</span> <span class='ocrx_word' id='word_1_734' title='bbox 1558 3511 1695 3584; x_wconf 87' lang='lat' dir='ltr'>Ephesios</span> <span class='ocrx_word' id='word_1_735' title='bbox 1707 3509 1748 3568; x_wconf 89' lang='lat'>¹⁰:</span> <span class='ocrx_word' id='word_1_736' title='bbox 1773 3533 1788 3562; x_wconf 75' lang='grc'>3</span> <span class='ocrx_word' id='word_1_737' title='bbox 1802 3511 1892 3570; x_wconf 84' lang='lat' dir='ltr'>Nemo</span> <span class='ocrx_word' id='word_1_738' title='bbox 1911 3529 2037 3584; x_wconf 86' lang='lat' dir='ltr'>unquam</span> <span class='ocrx_word' id='word_1_739' title='bbox 2060 3529 2172 3568; x_wconf 91' lang='lat' dir='ltr'>carnem</span> <span class='ocrx_word' id='word_1_740' title='bbox 2187 3529 2266 3568; x_wconf 88' lang='lat' dir='ltr'>suam</span> <span class='ocrx_word' id='word_1_741' title='bbox 2280 3511 2341 3568; x_wconf 88' lang='lat' dir='ltr'>odio</span> 
     </span>
     <span class='ocr_line' id='line_1_98' title="bbox 1385 3607 2508 3688; baseline -0.002 -23"><span class='ocrx_word' id='word_1_742' title='bbox 1385 3607 1485 3666; x_wconf 89' lang='lat' dir='ltr'>habuit</span> <span class='ocrx_word' id='word_1_743' title='bbox 1499 3631 1527 3664; x_wconf 79' lang='lat' dir='ltr'>a.</span> <span class='ocrx_word' id='word_1_744' title='bbox 1547 3607 1608 3666; x_wconf 89' lang='lat' dir='ltr'>Iste</span> <span class='ocrx_word' id='word_1_745' title='bbox 1631 3609 1743 3666; x_wconf 78' lang='lat' dir='ltr'>anticus</span> <span class='ocrx_word' id='word_1_746' title='bbox 1763 3607 1881 3680; x_wconf 90' lang='lat' dir='ltr'>decipit,</span> <span class='ocrx_word' id='word_1_747' title='bbox 1901 3609 2006 3668; x_wconf 88' lang='lat' dir='ltr'>ducens</span> <span class='ocrx_word' id='word_1_748' title='bbox 2025 3607 2064 3666; x_wconf 89' lang='lat' dir='ltr'>ad</span> <span class='ocrx_word' id='word_1_749' title='bbox 2083 3609 2267 3680; x_wconf 88' lang='lat' dir='ltr'>suspendium</span> <span class='ocrx_word' id='word_1_750' title='bbox 2288 3607 2341 3664; x_wconf 93' lang='lat' dir='ltr'>sibi</span> <span class='ocrx_word' id='word_1_751' title='bbox 2362 3631 2448 3676; x_wconf 78' lang='lat' dir='ltr'>amieos</span> <span class='ocrx_word' id='word_1_752' title='bbox 2463 3631 2508 3688; x_wconf 59' lang='lat' dir='ltr'>pp.</span> 
     </span>
     <span class='ocr_line' id='line_1_99' title="bbox 1386 3697 2456 3774; baseline -0.002 -10"><span class='ocrx_word' id='word_1_753' title='bbox 1386 3703 1608 3774; x_wconf 83' lang='lat' dir='ltr'>consentientes3</span> <span class='ocrx_word' id='word_1_754' title='bbox 1631 3705 1796 3766; x_wconf 79' lang='lat' dir='ltr'>Proverbia:</span> <span class='ocrx_word' id='word_1_755' title='bbox 1823 3727 1837 3756; x_wconf 74' lang='lat' dir='ltr'>a</span> <span class='ocrx_word' id='word_1_756' title='bbox 1850 3705 1982 3764; x_wconf 82' lang='lat' dir='ltr'>Irretirit</span> <span class='ocrx_word' id='word_1_757' title='bbox 2003 3723 2066 3764; x_wconf 88' lang='lat' dir='ltr'>eum</span> <span class='ocrx_word' id='word_1_758' title='bbox 2084 3705 2185 3764; x_wconf 87' lang='lat' dir='ltr'>multis</span> <span class='ocrx_word' id='word_1_759' title='bbox 2211 3707 2343 3764; x_wconf 90' lang='lat' dir='ltr'>sermoni·</span> <span class='ocrx_word' id='word_1_760' title='bbox 2401 3697 2456 3730; x_wconf 67' lang='lat'><strong>³¹⁰³·</strong></span> 
     </span>
     <span class='ocr_line' id='line_1_100' title="bbox 1385 3799 2343 3874; baseline -0.001 -14"><span class='ocrx_word' id='word_1_761' title='bbox 1385 3801 1440 3860; x_wconf 87' lang='lat' dir='ltr'>bus</span> <span class='ocrx_word' id='word_1_762' title='bbox 1460 3801 1488 3860; x_wconf 90' lang='lat' dir='ltr'>et</span> <span class='ocrx_word' id='word_1_763' title='bbox 1509 3799 1654 3872; x_wconf 89' lang='lat' dir='ltr'>blanditiis</span> <span class='ocrx_word' id='word_1_764' title='bbox 1675 3803 1815 3862; x_wconf 86' lang='lat' dir='ltr'>labiorum</span> <span class='ocrx_word' id='word_1_765' title='bbox 1835 3801 1977 3874; x_wconf 84' lang='lat' dir='ltr'>protraxit</span> <span class='ocrx_word' id='word_1_766' title='bbox 1999 3805 2088 3862; x_wconf 90' lang='lat' dir='ltr'>illum.</span> <span class='ocrx_word' id='word_1_767' title='bbox 2104 3803 2207 3860; x_wconf 89' lang='lat' dir='ltr'>Statim</span> <span class='ocrx_word' id='word_1_768' title='bbox 2221 3819 2283 3862; x_wconf 90' lang='lat' dir='ltr'>eam</span> <span class='ocrx_word' id='word_1_769' title='bbox 2305 3817 2343 3860; x_wconf 91' lang='lat' dir='ltr'>se·</span> 
     </span>
     <span class='ocr_line' id='line_1_101' title="bbox 1386 3891 2481 3972; baseline 0.002 -16"><span class='ocrx_word' id='word_1_770' title='bbox 1386 3899 1482 3970; x_wconf 83' lang='lat' dir='ltr'>quitur</span> <span class='ocrx_word' id='word_1_771' title='bbox 1504 3901 1584 3972; x_wconf 91' lang='lat' dir='ltr'>quasi</span> <span class='ocrx_word' id='word_1_772' title='bbox 1604 3897 1653 3958; x_wconf 89' lang='lat' dir='ltr'>bos</span> <span class='ocrx_word' id='word_1_773' title='bbox 1676 3899 1775 3958; x_wconf 91' lang='lat' dir='ltr'>ductus</span> <span class='ocrx_word' id='word_1_774' title='bbox 1796 3901 1832 3958; x_wconf 89' lang='lat' dir='ltr'>ad</span> <span class='ocrx_word' id='word_1_775' title='bbox 1852 3899 1997 3958; x_wconf 86' lang='lat' dir='ltr'>victimam</span> <span class='ocrx_word' id='word_1_776' title='bbox 2010 3923 2038 3958; x_wconf 88' lang='grc'><strong>».</strong></span> <span class='ocrx_word' id='word_1_777' title='bbox 2061 3891 2100 3942; x_wconf 80' lang='grc'>’-</span> <span class='ocrx_word' id='word_1_778' title='bbox 2121 3901 2262 3958; x_wconf 89' lang='lat' dir='ltr'>Secundus</span> <span class='ocrx_word' id='word_1_779' title='bbox 2275 3899 2343 3958; x_wconf 88' lang='lat' dir='ltr'>ami·</span> <span class='ocrx_word' id='word_1_780' title='bbox 2363 3913 2481 3958; x_wconf 77' lang='lat' dir='ltr'>secuntus.</span> 
     </span>
     <span class='ocr_line' id='line_1_102' title="bbox 1385 3995 2343 4078; baseline 0 -24"><span class='ocrx_word' id='word_1_781' title='bbox 1385 4013 1435 4054; x_wconf 88' lang='lat' dir='ltr'>cus</span> <span class='ocrx_word' id='word_1_782' title='bbox 1455 3997 1500 4054; x_wconf 90' lang='lat' dir='ltr'>cst</span> <span class='ocrx_word' id='word_1_783' title='bbox 1519 3997 1659 4070; x_wconf 79' lang='lat' dir='ltr'>numitius,</span> <span class='ocrx_word' id='word_1_784' title='bbox 1683 3997 1730 4072; x_wconf 87' lang='lat' dir='ltr'>qui</span> <span class='ocrx_word' id='word_1_785' title='bbox 1748 3996 1832 4070; x_wconf 89' lang='lat' dir='ltr'>parat</span> <span class='ocrx_word' id='word_1_786' title='bbox 1845 3995 1942 4056; x_wconf 85' lang='lat' dir='ltr'>funem</span> <span class='ocrx_word' id='word_1_787' title='bbox 1954 3999 2001 4056; x_wconf 81' lang='lat' dir='ltr'>vel</span> <span class='ocrx_word' id='word_1_788' title='bbox 2014 3997 2163 4078; x_wconf 76' lang='lat' dir='ltr'>chordam3</span> <span class='ocrx_word' id='word_1_789' title='bbox 2179 3997 2343 4070; x_wconf 72' lang='grc'><strong>3313133-</strong></span> 
     </span>
     <span class='ocr_line' id='line_1_103' title="bbox 1386 4093 2344 4168; baseline -0.001 -16"><span class='ocrx_word' id='word_1_790' title='bbox 1386 4093 1493 4154; x_wconf 87' lang='lat' dir='ltr'>stolus:</span> <span class='ocrx_word' id='word_1_791' title='bbox 1519 4117 1533 4146; x_wconf 87' lang='lat'>«</span> <span class='ocrx_word' id='word_1_792' title='bbox 1546 4093 1598 4164; x_wconf 82' lang='lat' dir='ltr'>out</span> <span class='ocrx_word' id='word_1_793' title='bbox 1619 4095 1719 4154; x_wconf 80' lang='lat' dir='ltr'>volunt</span> <span class='ocrx_word' id='word_1_794' title='bbox 1741 4097 1841 4154; x_wconf 83' lang='lat' dir='ltr'>divites</span> <span class='ocrx_word' id='word_1_795' title='bbox 1863 4097 1925 4154; x_wconf 86' lang='lat' dir='ltr'>fieri</span> <span class='ocrx_word' id='word_1_796' title='bbox 1951 4095 2079 4156; x_wconf 90' lang='lat' dir='ltr'>incidunt</span> <span class='ocrx_word' id='word_1_797' title='bbox 2099 4099 2130 4155; x_wconf 93' lang='lat' dir='ltr'>in</span> <span class='ocrx_word' id='word_1_798' title='bbox 2159 4095 2292 4168; x_wconf 86' lang='lat' dir='ltr'>laqueum</span> <span class='ocrx_word' id='word_1_799' title='bbox 2316 4093 2344 4152; x_wconf 90' lang='lat' dir='ltr'>et</span> 
     </span>
     <span class='ocr_line' id='line_1_104' title="bbox 1385 4191 2454 4266; baseline -0.002 -16"><span class='ocrx_word' id='word_1_800' title='bbox 1385 4193 1414 4250; x_wconf 91' lang='grc'>13</span> <span class='ocrx_word' id='word_1_801' title='bbox 1436 4191 1622 4252; x_wconf 88' lang='lat' dir='ltr'>tentationem</span> <span class='ocrx_word' id='word_1_802' title='bbox 1643 4193 1748 4252; x_wconf 87' lang='grc'><strong>1131311</strong></span> <span class='ocrx_word' id='word_1_803' title='bbox 1761 4217 1775 4246; x_wconf 86' lang='lat'>»</span> <span class='ocrx_word' id='word_1_804' title='bbox 1802 4193 1854 4250; x_wconf 87' lang='lat' dir='ltr'>etc.</span> <span class='ocrx_word' id='word_1_805' title='bbox 1875 4225 1915 4236; x_wconf 88' lang='lat'><em>-</em></span> <span class='ocrx_word' id='word_1_806' title='bbox 1936 4193 2049 4252; x_wconf 81' lang='lat' dir='ltr'>Tertius</span> <span class='ocrx_word' id='word_1_807' title='bbox 2069 4195 2114 4252; x_wconf 89' lang='lat' dir='ltr'>est</span> <span class='ocrx_word' id='word_1_808' title='bbox 2133 4193 2280 4266; x_wconf 88' lang='lat' dir='ltr'>diabolus,</span> <span class='ocrx_word' id='word_1_809' title='bbox 2297 4191 2345 4266; x_wconf 90' lang='lat' dir='ltr'>qui</span> <span class='ocrx_word' id='word_1_810' title='bbox 2363 4213 2454 4258; x_wconf 79' lang='lat' dir='ltr'>tertius.</span> 
     </span>
     <span class='ocr_line' id='line_1_105' title="bbox 1386 4287 2344 4362; baseline -0.003 -15"><span class='ocrx_word' id='word_1_811' title='bbox 1386 4287 1533 4360; x_wconf 89' lang='lat' dir='ltr'>suspendit</span> <span class='ocrx_word' id='word_1_812' title='bbox 1547 4291 1600 4348; x_wconf 91' lang='lat' dir='ltr'>sibi</span> <span class='ocrx_word' id='word_1_813' title='bbox 1615 4289 1848 4358; x_wconf 77' lang='lat' dir='ltr'>consentientem:</span> <span class='ocrx_word' id='word_1_814' title='bbox 1869 4287 1990 4348; x_wconf 80' lang='lat' dir='ltr'>Osee¹¹=</span> <span class='ocrx_word' id='word_1_815' title='bbox 2015 4311 2030 4340; x_wconf 89' lang='lat'>‹&lt;</span> <span class='ocrx_word' id='word_1_816' title='bbox 2045 4291 2159 4362; x_wconf 85' lang='lat' dir='ltr'>ligavit</span> <span class='ocrx_word' id='word_1_817' title='bbox 2181 4307 2244 4348; x_wconf 89' lang='lat' dir='ltr'>eum</span> <span class='ocrx_word' id='word_1_818' title='bbox 2264 4289 2344 4360; x_wconf 90' lang='lat' dir='ltr'>spiri-</span> 
     </span>
     <span class='ocr_line' id='line_1_106' title="bbox 1385 4385 2343 4460; baseline 0.002 -18"><span class='ocrx_word' id='word_1_819' title='bbox 1385 4385 1434 4444; x_wconf 90' lang='grc'>133</span> <span class='ocrx_word' id='word_1_820' title='bbox 1452 4387 1483 4442; x_wconf 86' lang='grc'>13</span> <span class='ocrx_word' id='word_1_821' title='bbox 1505 4385 1559 4444; x_wconf 90' lang='grc'><strong>3113</strong></span> <span class='ocrx_word' id='word_1_822' title='bbox 1579 4387 1653 4456; x_wconf 90' lang='grc'><strong>3313,</strong></span> <span class='ocrx_word' id='word_1_823' title='bbox 1676 4385 1704 4444; x_wconf 88' lang='grc'>31</span> <span class='ocrx_word' id='word_1_824' title='bbox 1717 4385 1925 4444; x_wconf 86' lang='lat' dir='ltr'>confundantur</span> <span class='ocrx_word' id='word_1_825' title='bbox 1939 4405 1955 4444; x_wconf 90' lang='lat' dir='ltr'>a</span> <span class='ocrx_word' id='word_1_826' title='bbox 1969 4387 2115 4444; x_wconf 86' lang='lat' dir='ltr'>sacrificiis</span> <span class='ocrx_word' id='word_1_827' title='bbox 2129 4387 2188 4444; x_wconf 89' lang='lat' dir='ltr'>suis</span> <span class='ocrx_word' id='word_1_828' title='bbox 2200 4411 2230 4444; x_wconf 79' lang='lat' dir='ltr'>o.</span> <span class='ocrx_word' id='word_1_829' title='bbox 2255 4387 2343 4460; x_wconf 69' lang='lat' dir='ltr'>Quac-</span> 
     </span>
     <span class='ocr_line' id='line_1_107' title="bbox 1386 4483 2340 4558; baseline 0 -18"><span class='ocrx_word' id='word_1_830' title='bbox 1386 4483 1502 4540; x_wconf 85' lang='lat' dir='ltr'>sierunt</span> <span class='ocrx_word' id='word_1_831' title='bbox 1519 4483 1682 4542; x_wconf 86' lang='lat' dir='ltr'>sacerdotes</span> <span class='ocrx_word' id='word_1_832' title='bbox 1700 4483 1804 4558; x_wconf 85' lang='lat' dir='ltr'>eihunc,</span> <span class='ocrx_word' id='word_1_833' title='bbox 1826 4483 1855 4540; x_wconf 91' lang='lat' dir='ltr'>et</span> <span class='ocrx_word' id='word_1_834' title='bbox 1870 4499 1926 4542; x_wconf 91' lang='lat' dir='ltr'>uon</span> <span class='ocrx_word' id='word_1_835' title='bbox 1940 4483 2062 4542; x_wconf 88' lang='lat' dir='ltr'>salutem</span> <span class='ocrx_word' id='word_1_836' title='bbox 2081 4485 2253 4554; x_wconf 74' lang='lat' dir='ltr'>animarum:</span> <span class='ocrx_word' id='word_1_837' title='bbox 2274 4483 2340 4540; x_wconf 85' lang='lat' dir='ltr'>Eae·</span> 
     </span>
     <span class='ocr_line' id='line_1_108' title="bbox 1385 4579 2340 4654; baseline -0.002 -16"><span class='ocrx_word' id='word_1_838' title='bbox 1385 4579 1470 4640; x_wconf 87' lang='lat' dir='ltr'>ahiel:</span> <span class='ocrx_word' id='word_1_839' title='bbox 1499 4603 1513 4632; x_wconf 74' lang='lat' dir='ltr'>a</span> <span class='ocrx_word' id='word_1_840' title='bbox 1525 4579 1584 4640; x_wconf 87' lang='lat' dir='ltr'>Vae</span> <span class='ocrx_word' id='word_1_841' title='bbox 1607 4581 1768 4654; x_wconf 88' lang='lat' dir='ltr'>pastoribus</span> <span class='ocrx_word' id='word_1_842' title='bbox 1781 4581 1889 4652; x_wconf 89' lang='lat' dir='ltr'>Israel,</span> <span class='ocrx_word' id='word_1_843' title='bbox 1904 4583 1952 4654; x_wconf 90' lang='lat' dir='ltr'>qui</span> <span class='ocrx_word' id='word_1_844' title='bbox 1966 4581 2121 4654; x_wconf 89' lang='lat' dir='ltr'>pascebant</span> <span class='ocrx_word' id='word_1_845' title='bbox 2135 4581 2301 4654; x_wconf 87' lang='lat' dir='ltr'>semetipsos</span> <span class='ocrx_word' id='word_1_846' title='bbox 2312 4583 2340 4636; x_wconf 85' lang='grc'>»1</span> 
     </span>
    </p>

    <p class='ocr_par' dir='ltr' id='par_1_45' title="bbox 1382 4675 2508 5224">
     <span class='ocr_line' id='line_1_109' title="bbox 1464 4675 2508 4752; baseline -0.006 -18"><span class='ocrx_word' id='word_1_847' title='bbox 1464 4675 1782 4752; x_wconf 67' lang='grc'><strong>54113333333.</strong></span> <span class='ocrx_word' id='word_1_848' title='bbox 1801 4675 1879 4750; x_wconf 75' lang='lat' dir='ltr'>ntea,</span> <span class='ocrx_word' id='word_1_849' title='bbox 1890 4677 2024 4734; x_wconf 83' lang='lat' dir='ltr'>Domine.</span> <span class='ocrx_word' id='word_1_850' title='bbox 2036 4677 2115 4746; x_wconf 86' lang='lat' dir='ltr'>Ecce,</span> <span class='ocrx_word' id='word_1_851' title='bbox 2127 4675 2258 4750; x_wconf 68' lang='grc'>33131311</span> <span class='ocrx_word' id='word_1_852' title='bbox 2274 4689 2342 4748; x_wconf 87' lang='lat' dir='ltr'>pars</span> <span class='ocrx_word' id='word_1_853' title='bbox 2363 4687 2508 4750; x_wconf 72' lang='grc'><strong>3333333</strong></span> 
     </span>
     <span class='ocr_line' id='line_1_110' title="bbox 1384 4741 2508 4858; baseline -0.004 -26"><span class='ocrx_word' id='word_1_854' title='bbox 1384 4771 1513 4846; x_wconf 89' lang='lat' dir='ltr'>capituli,</span> <span class='ocrx_word' id='word_1_855' title='bbox 1528 4759 1698 4832; x_wconf 85' lang='grc'><strong>3113331131</strong></span> <span class='ocrx_word' id='word_1_856' title='bbox 1715 4775 1749 4832; x_wconf 90' lang='lat' dir='ltr'>in</span> <span class='ocrx_word' id='word_1_857' title='bbox 1769 4773 1951 4832; x_wconf 82' lang='lat' dir='ltr'>aduersarios</span> <span class='ocrx_word' id='word_1_858' title='bbox 1972 4775 2030 4832; x_wconf 89' lang='lat' dir='ltr'>Dei</span> <span class='ocrx_word' id='word_1_859' title='bbox 2051 4773 2302 4848; x_wconf 82' lang='lat' dir='ltr'>indipnutionern;</span> <span class='ocrx_word' id='word_1_860' title='bbox 2315 4769 2343 4828; x_wconf 90' lang='lat' dir='ltr'>et</span> <span class='ocrx_word' id='word_1_861' title='bbox 2363 4741 2508 4858; x_wconf 47' lang='grc' dir='ltr'>ῗῖῗέξξᾞξῗ</span> 
     </span>
     <span class='ocr_line' id='line_1_111' title="bbox 1385 4847 2500 4946; baseline 0.002 -16"><span class='ocrx_word' id='word_1_862' title='bbox 1385 4873 1473 4944; x_wconf 90' lang='lat' dir='ltr'>primo</span> <span class='ocrx_word' id='word_1_863' title='bbox 1496 4871 1654 4946; x_wconf 87' lang='lat' dir='ltr'>praemittit</span> <span class='ocrx_word' id='word_1_864' title='bbox 1676 4873 1704 4930; x_wconf 89' lang='lat' dir='ltr'>in</span> <span class='ocrx_word' id='word_1_865' title='bbox 1731 4887 1839 4930; x_wconf 87' lang='lat' dir='ltr'>summa</span> <span class='ocrx_word' id='word_1_866' title='bbox 1871 4887 1956 4930; x_wconf 84' lang='lat' dir='ltr'>suana</span> <span class='ocrx_word' id='word_1_867' title='bbox 1987 4869 2199 4942; x_wconf 72' lang='lat' dir='ltr'>calamitatum·</span> <span class='ocrx_word' id='word_1_868' title='bbox 2231 4847 2500 4944; x_wconf 58' lang='grc' dir='ltr'><strong>133131ἓὲ31ξῖοοῖ</strong></span> 
     </span>
     <span class='ocr_line' id='line_1_112' title="bbox 1383 4957 2454 5050; baseline -0.007 -22"><span class='ocrx_word' id='word_1_869' title='bbox 1383 4969 1572 5028; x_wconf 80' lang='lat' dir='ltr'>inimicorum</span> <span class='ocrx_word' id='word_1_870' title='bbox 1584 4969 1790 5042; x_wconf 72' lang='lat' dir='ltr'>nepotiana:</span> <span class='ocrx_word' id='word_1_871' title='bbox 1814 4967 1917 5028; x_wconf 86' lang='lat' dir='ltr'>Ornnes</span> <span class='ocrx_word' id='word_1_872' title='bbox 1931 4969 2044 5026; x_wconf 85' lang='lat' dir='ltr'>inintici</span> <span class='ocrx_word' id='word_1_873' title='bbox 2063 4969 2134 5040; x_wconf 72' lang='lat' dir='ltr'>enci:</span> <span class='ocrx_word' id='word_1_874' title='bbox 2154 4967 2241 5026; x_wconf 89' lang='grc'><strong>133113</strong></span> <span class='ocrx_word' id='word_1_875' title='bbox 2258 4963 2345 5026; x_wconf 86' lang='lat' dir='ltr'>infert</span> <span class='ocrx_word' id='word_1_876' title='bbox 2365 4957 2454 5050; x_wconf 53' lang='lat' dir='ltr'>Diffi</span> 
     </span>
     <span class='ocr_line' id='line_1_113' title="bbox 1382 5065 2343 5150; baseline -0.002 -26"><span class='ocrx_word' id='word_1_877' title='bbox 1382 5083 1467 5124; x_wconf 82' lang='lat' dir='ltr'>suain</span> <span class='ocrx_word' id='word_1_878' title='bbox 1488 5067 1678 5150; x_wconf 82' lang='lat' dir='ltr'>intentionem·</span> <span class='ocrx_word' id='word_1_879' title='bbox 1702 5065 1803 5124; x_wconf 91' lang='lat' dir='ltr'>ultimo</span> <span class='ocrx_word' id='word_1_880' title='bbox 1832 5081 1933 5134; x_wconf 85' lang='lat' dir='ltr'>versu,</span> <span class='ocrx_word' id='word_1_881' title='bbox 1954 5065 2007 5122; x_wconf 88' lang='lat' dir='ltr'>ibi:</span> <span class='ocrx_word' id='word_1_882' title='bbox 2036 5065 2232 5140; x_wconf 82' lang='lat' dir='ltr'>Inprcdiatur</span> <span class='ocrx_word' id='word_1_883' title='bbox 2261 5077 2343 5122; x_wconf 84' lang='lat' dir='ltr'>enine</span> 
     </span>
     <span class='ocr_line' id='line_1_114' title="bbox 1384 5163 1755 5224; baseline 0.005 -2"><span class='ocrx_word' id='word_1_884' title='bbox 1384 5163 1507 5222; x_wconf 80' lang='lat' dir='ltr'>aaran.</span> <span class='ocrx_word' id='word_1_885' title='bbox 1754 5221 1755 5224; x_wconf 74' lang='grc'><strong>,</strong></span> 
     </span>
    </p>

    <p class='ocr_par' dir='ltr' id='par_1_46' title="bbox 1383 5257 2501 5526">
     <span class='ocr_line' id='line_1_115' title="bbox 1466 5257 2484 5334; baseline -0.006 -16"><span class='ocrx_word' id='word_1_886' title='bbox 1466 5257 1672 5320; x_wconf 76' lang='lat' dir='ltr'>Salernitatern</span> <span class='ocrx_word' id='word_1_887' title='bbox 1698 5275 1784 5320; x_wconf 83' lang='lat' dir='ltr'>suam</span> <span class='ocrx_word' id='word_1_888' title='bbox 1811 5261 1944 5320; x_wconf 88' lang='lat' dir='ltr'>describit</span> <span class='ocrx_word' id='word_1_889' title='bbox 1974 5261 2114 5334; x_wconf 89' lang='lat' dir='ltr'>quantum</span> <span class='ocrx_word' id='word_1_890' title='bbox 2139 5259 2178 5316; x_wconf 92' lang='lat' dir='ltr'>ad</span> <span class='ocrx_word' id='word_1_891' title='bbox 2203 5257 2340 5332; x_wconf 88' lang='lat' dir='ltr'>quatuor:</span> <span class='ocrx_word' id='word_1_892' title='bbox 2370 5269 2484 5314; x_wconf 71' lang='lat' dir='ltr'>minatus</span> 
     </span>
     <span class='ocr_line' id='line_1_116' title="bbox 1383 5323 2501 5432; baseline -0.004 -16"><span class='ocrx_word' id='word_1_893' title='bbox 1383 5359 1492 5430; x_wconf 89' lang='lat' dir='ltr'>prime,</span> <span class='ocrx_word' id='word_1_894' title='bbox 1514 5357 1651 5432; x_wconf 89' lang='lat' dir='ltr'>quantum</span> <span class='ocrx_word' id='word_1_895' title='bbox 1674 5357 1709 5416; x_wconf 91' lang='lat' dir='ltr'>ad</span> <span class='ocrx_word' id='word_1_896' title='bbox 1730 5357 1879 5430; x_wconf 83' lang='lat' dir='ltr'>angustias</span> <span class='ocrx_word' id='word_1_897' title='bbox 1898 5359 2080 5430; x_wconf 84' lang='lat' dir='ltr'>corporales,</span> <span class='ocrx_word' id='word_1_898' title='bbox 2096 5373 2168 5430; x_wconf 87' lang='lat' dir='ltr'>quae</span> <span class='ocrx_word' id='word_1_899' title='bbox 2181 5357 2343 5430; x_wconf 88' lang='lat' dir='ltr'>intelligun-</span> <span class='ocrx_word' id='word_1_900' title='bbox 2357 5323 2501 5432; x_wconf 49' lang='lat' dir='ltr'>coafflua-</span> 
     </span>
     <span class='ocr_line' id='line_1_117' title="bbox 1383 5453 2341 5526; baseline -0.002 -14"><span class='ocrx_word' id='word_1_901' title='bbox 1383 5455 1433 5512; x_wconf 91' lang='lat' dir='ltr'>tnr</span> <span class='ocrx_word' id='word_1_902' title='bbox 1461 5455 1494 5512; x_wconf 94' lang='lat' dir='ltr'>in</span> <span class='ocrx_word' id='word_1_903' title='bbox 1522 5455 1689 5512; x_wconf 86' lang='lat' dir='ltr'>turbatione</span> <span class='ocrx_word' id='word_1_904' title='bbox 1717 5455 1844 5525; x_wconf 76' lang='lat' dir='ltr'>centris:</span> <span class='ocrx_word' id='word_1_905' title='bbox 1873 5453 2007 5524; x_wconf 88' lang='lat' dir='ltr'>secundo,</span> <span class='ocrx_word' id='word_1_906' title='bbox 2028 5453 2169 5526; x_wconf 90' lang='lat' dir='ltr'>quantum</span> <span class='ocrx_word' id='word_1_907' title='bbox 2198 5453 2237 5510; x_wconf 91' lang='lat' dir='ltr'>ad</span> <span class='ocrx_word' id='word_1_908' title='bbox 2254 5467 2341 5526; x_wconf 87' lang='lat' dir='ltr'>angu-</span> 
     </span>
    </p>
   </div>
   <div class='ocr_carea' id='block_1_7' title="bbox 1385 5551 2340 5626">
    <p class='ocr_par' dir='ltr' id='par_1_47' title="bbox 1385 5551 2340 5626">
     <span class='ocr_line' id='line_1_118' title="bbox 1385 5551 2340 5626; baseline -0.004 -14"><span class='ocrx_word' id='word_1_909' title='bbox 1385 5551 1455 5612; x_wconf 90' lang='lat' dir='ltr'>stias</span> <span class='ocrx_word' id='word_1_910' title='bbox 1475 5553 1662 5626; x_wconf 83' lang='lat' dir='ltr'>spirituales,</span> <span class='ocrx_word' id='word_1_911' title='bbox 1685 5569 1754 5624; x_wconf 86' lang='lat' dir='ltr'>quae</span> <span class='ocrx_word' id='word_1_912' title='bbox 1767 5551 1969 5626; x_wconf 83' lang='lat' dir='ltr'>intelliguntur</span> <span class='ocrx_word' id='word_1_913' title='bbox 1984 5553 2013 5608; x_wconf 89' lang='lat' dir='ltr'>in</span> <span class='ocrx_word' id='word_1_914' title='bbox 2026 5551 2207 5610; x_wconf 87' lang='lat' dir='ltr'>subcersione</span> <span class='ocrx_word' id='word_1_915' title='bbox 2230 5551 2340 5620; x_wconf 73' lang='lat' dir='ltr'>cordis:</span> 
     </span>
    </p>
   </div>
   <div class='ocr_carea' id='block_1_8' title="bbox 1380 5905 2369 6894">
    <p class='ocr_par' dir='ltr' id='par_1_48' title="bbox 1380 5905 2341 6380">
     <span class='ocr_line' id='line_1_119' title="bbox 1381 5905 2340 5976; baseline 0 -18"><span class='ocrx_word' id='word_1_916' title='bbox 1381 5905 1473 5968; x_wconf 89' lang='lat' dir='ltr'>betur,</span> <span class='ocrx_word' id='word_1_917' title='bbox 1494 5921 1562 5974; x_wconf 86' lang='lat' dir='ltr'>qnae</span> <span class='ocrx_word' id='word_1_918' title='bbox 1585 5907 1713 5974; x_wconf 87' lang='lat' dir='ltr'>sequitur)</span> <span class='ocrx_word' id='word_1_919' title='bbox 1735 5907 1814 5960; x_wconf 89' lang='lat' dir='ltr'>codd.</span> <span class='ocrx_word' id='word_1_920' title='bbox 1836 5913 1863 5958; x_wconf 87' lang='lat' dir='ltr'>et</span> <span class='ocrx_word' id='word_1_921' title='bbox 1880 5907 1941 5960; x_wconf 89' lang='lat' dir='ltr'>Vat.</span> <span class='ocrx_word' id='word_1_922' title='bbox 1967 5905 2085 5960; x_wconf 81' lang='grc'><strong>31331333</strong></span> <span class='ocrx_word' id='word_1_923' title='bbox 2110 5909 2226 5976; x_wconf 79' lang='lat' dir='ltr'>pirarius</span> <span class='ocrx_word' id='word_1_924' title='bbox 2250 5905 2340 5968; x_wconf 87' lang='lat' dir='ltr'>locus,</span> 
     </span>
     <span class='ocr_line' id='line_1_120' title="bbox 1384 5975 2340 6044; baseline 0.002 -20"><span class='ocrx_word' id='word_1_925' title='bbox 1384 5977 1454 6044; x_wconf 79' lang='grc'><strong>3331</strong></span> <span class='ocrx_word' id='word_1_926' title='bbox 1474 5991 1521 6040; x_wconf 90' lang='lat' dir='ltr'>per</span> <span class='ocrx_word' id='word_1_927' title='bbox 1540 5975 1748 6028; x_wconf 84' lang='lat' dir='ltr'>obsecrationem</span> <span class='ocrx_word' id='word_1_928' title='bbox 1760 5977 1884 6040; x_wconf 85' lang='lat' dir='ltr'>sumitur,</span> <span class='ocrx_word' id='word_1_929' title='bbox 1904 5977 1931 6028; x_wconf 90' lang='lat' dir='ltr'>in</span> <span class='ocrx_word' id='word_1_930' title='bbox 1948 5989 2001 6042; x_wconf 87' lang='lat' dir='ltr'>quo</span> <span class='ocrx_word' id='word_1_931' title='bbox 2015 5983 2123 6028; x_wconf 89' lang='lat' dir='ltr'>orantur</span> <span class='ocrx_word' id='word_1_932' title='bbox 2141 5977 2222 6028; x_wconf 90' lang='lat' dir='ltr'>modo</span> <span class='ocrx_word' id='word_1_933' title='bbox 2244 5977 2278 6028; x_wconf 91' lang='lat' dir='ltr'>illi</span> <span class='ocrx_word' id='word_1_934' title='bbox 2296 5975 2340 6042; x_wconf 88' lang='lat' dir='ltr'>qui</span> 
     </span>
     <span class='ocr_line' id='line_1_121' title="bbox 1381 6043 2341 6114; baseline -0.004 -14"><span class='ocrx_word' id='word_1_935' title='bbox 1381 6047 1504 6108; x_wconf 87' lang='lat' dir='ltr'>audiunt,</span> <span class='ocrx_word' id='word_1_936' title='bbox 1522 6047 1616 6098; x_wconf 87' lang='lat' dir='ltr'>humili</span> <span class='ocrx_word' id='word_1_937' title='bbox 1637 6055 1664 6098; x_wconf 87' lang='lat' dir='ltr'>ct</span> <span class='ocrx_word' id='word_1_938' title='bbox 1683 6047 1793 6112; x_wconf 88' lang='lat' dir='ltr'>supplici</span> <span class='ocrx_word' id='word_1_939' title='bbox 1818 6049 1947 6108; x_wconf 87' lang='lat' dir='ltr'>oratioue,</span> <span class='ocrx_word' id='word_1_940' title='bbox 1973 6053 2001 6098; x_wconf 91' lang='lat' dir='ltr'>ut</span> <span class='ocrx_word' id='word_1_941' title='bbox 2024 6049 2195 6100; x_wconf 85' lang='lat' dir='ltr'>misereantur</span> <span class='ocrx_word' id='word_1_942' title='bbox 2215 6063 2245 6112; x_wconf 72' lang='lat'>»3</span> <span class='ocrx_word' id='word_1_943' title='bbox 2267 6043 2341 6114; x_wconf 87' lang='lat' dir='ltr'>quod</span> 
     </span>
     <span class='ocr_line' id='line_1_122' title="bbox 1381 6115 2339 6182; baseline -0.002 -14"><span class='ocrx_word' id='word_1_944' title='bbox 1381 6131 1444 6168; x_wconf 88' lang='lat' dir='ltr'>sane</span> <span class='ocrx_word' id='word_1_945' title='bbox 1462 6117 1575 6168; x_wconf 90' lang='lat' dir='ltr'>hicnon</span> <span class='ocrx_word' id='word_1_946' title='bbox 1601 6117 1750 6180; x_wconf 88' lang='lat' dir='ltr'>respondet.</span> <span class='ocrx_word' id='word_1_947' title='bbox 1769 6117 1862 6168; x_wconf 90' lang='lat' dir='ltr'>Glossa</span> <span class='ocrx_word' id='word_1_948' title='bbox 1884 6115 2067 6170; x_wconf 85' lang='lat' dir='ltr'>interlinearis</span> <span class='ocrx_word' id='word_1_949' title='bbox 2089 6115 2172 6182; x_wconf 89' lang='lat' dir='ltr'>(apud</span> <span class='ocrx_word' id='word_1_950' title='bbox 2195 6115 2339 6180; x_wconf 89' lang='lat' dir='ltr'>Lyranum)</span> 
     </span>
     <span class='ocr_line' id='line_1_123' title="bbox 1381 6187 2341 6250; baseline -0.002 -12"><span class='ocrx_word' id='word_1_951' title='bbox 1381 6187 1473 6238; x_wconf 85' lang='lat' dir='ltr'>habet:</span> <span class='ocrx_word' id='word_1_952' title='bbox 1496 6187 1635 6250; x_wconf 76' lang='lat' dir='ltr'>«Quartus</span> <span class='ocrx_word' id='word_1_953' title='bbox 1654 6187 1726 6238; x_wconf 87' lang='lat' dir='ltr'>locus</span> <span class='ocrx_word' id='word_1_954' title='bbox 1751 6187 1957 6250; x_wconf 83' lang='lat' dir='ltr'>conquestionis,</span> <span class='ocrx_word' id='word_1_955' title='bbox 1977 6199 2029 6250; x_wconf 86' lang='lat' dir='ltr'>per</span> <span class='ocrx_word' id='word_1_956' title='bbox 2048 6199 2126 6250; x_wconf 86' lang='lat' dir='ltr'>quern</span> <span class='ocrx_word' id='word_1_957' title='bbox 2146 6199 2189 6238; x_wconf 91' lang='lat' dir='ltr'>res</span> <span class='ocrx_word' id='word_1_958' title='bbox 2207 6193 2298 6250; x_wconf 86' lang='lat' dir='ltr'>turpes</span> <span class='ocrx_word' id='word_1_959' title='bbox 2315 6193 2341 6236; x_wconf 91' lang='lat' dir='ltr'>et</span> 
     </span>
     <span class='ocr_line' id='line_1_124' title="bbox 1380 6255 2340 6322; baseline -0.003 -14"><span class='ocrx_word' id='word_1_960' title='bbox 1380 6257 1518 6308; x_wconf 86' lang='lat' dir='ltr'>humiles...</span> <span class='ocrx_word' id='word_1_961' title='bbox 1538 6257 1703 6320; x_wconf 83' lang='lat' dir='ltr'>proterantur</span> <span class='ocrx_word' id='word_1_962' title='bbox 1716 6263 1743 6308; x_wconf 91' lang='lat' dir='ltr'>et</span> <span class='ocrx_word' id='word_1_963' title='bbox 1758 6255 1881 6318; x_wconf 83' lang='lat' dir='ltr'>indignae</span> <span class='ocrx_word' id='word_1_964' title='bbox 1893 6261 1992 6322; x_wconf 87' lang='lat' dir='ltr'>aetate,</span> <span class='ocrx_word' id='word_1_965' title='bbox 2004 6269 2102 6318; x_wconf 86' lang='lat' dir='ltr'>genere</span> <span class='ocrx_word' id='word_1_966' title='bbox 2115 6275 2127 6302; x_wconf 81' lang='lat' dir='ltr'>a</span> <span class='ocrx_word' id='word_1_967' title='bbox 2142 6264 2192 6308; x_wconf 89' lang='lat' dir='ltr'>etc.</span> <span class='ocrx_word' id='word_1_968' title='bbox 2205 6257 2254 6322; x_wconf 86' lang='lat' dir='ltr'>Qui</span> <span class='ocrx_word' id='word_1_969' title='bbox 2267 6257 2340 6310; x_wconf 86' lang='lat' dir='ltr'>locus</span> 
     </span>
     <span class='ocr_line' id='line_1_125' title="bbox 1382 6325 2163 6380; baseline 0.003 -2"><span class='ocrx_word' id='word_1_970' title='bbox 1382 6327 1444 6378; x_wconf 87' lang='lat' dir='ltr'>satis</span> <span class='ocrx_word' id='word_1_971' title='bbox 1461 6325 1620 6376; x_wconf 89' lang='lat' dir='ltr'>conveniens</span> <span class='ocrx_word' id='word_1_972' title='bbox 1637 6331 1686 6376; x_wconf 88' lang='lat' dir='ltr'>est.</span> <span class='ocrx_word' id='word_1_973' title='bbox 2009 6335 2010 6338; x_wconf 75' lang='grc'>’</span> <span class='ocrx_word' id='word_1_974' title='bbox 2162 6375 2163 6380; x_wconf 73' lang='grc'><strong>,</strong></span> 
     </span>
    </p>

    <p class='ocr_par' dir='ltr' id='par_1_49' title="bbox 1381 6391 2341 6534">
     <span class='ocr_line' id='line_1_126' title="bbox 1452 6391 2341 6466; baseline 0.002 -20"><span class='ocrx_word' id='word_1_975' title='bbox 1452 6391 1463 6424; x_wconf 82' lang='lat'>⁹</span> <span class='ocrx_word' id='word_1_976' title='bbox 1484 6397 1541 6448; x_wconf 88' lang='lat' dir='ltr'>Vat.</span> <span class='ocrx_word' id='word_1_977' title='bbox 1561 6395 1636 6450; x_wconf 81' lang='grc'><strong>13333</strong></span> <span class='ocrx_word' id='word_1_978' title='bbox 1658 6395 1689 6458; x_wconf 81' lang='lat' dir='ltr'>tt</span> <span class='ocrx_word' id='word_1_979' title='bbox 1706 6391 1789 6460; x_wconf 87' lang='lat' dir='ltr'>citio),</span> <span class='ocrx_word' id='word_1_980' title='bbox 1805 6393 1982 6460; x_wconf 86' lang='lat' dir='ltr'>quaedeinde</span> <span class='ocrx_word' id='word_1_981' title='bbox 1999 6409 2138 6460; x_wconf 86' lang='lat' dir='ltr'>perperam</span> <span class='ocrx_word' id='word_1_982' title='bbox 2159 6391 2238 6448; x_wconf 88' lang='lat' dir='ltr'>habet</span> <span class='ocrx_word' id='word_1_983' title='bbox 2259 6393 2341 6466; x_wconf 80' lang='lat' dir='ltr'>cupii·</span> 
     </span>
     <span class='ocr_line' id='line_1_127' title="bbox 1381 6463 1758 6534; baseline -0.011 -14"><span class='ocrx_word' id='word_1_984' title='bbox 1381 6463 1491 6520; x_wconf 83' lang='lat' dir='ltr'>citatem</span> <span class='ocrx_word' id='word_1_985' title='bbox 1509 6481 1559 6530; x_wconf 86' lang='lat' dir='ltr'>pro</span> <span class='ocrx_word' id='word_1_986' title='bbox 1577 6463 1758 6534; x_wconf 83' lang='lat' dir='ltr'>cupiditatem.</span> 
     </span>
    </p>

    <p class='ocr_par' dir='ltr' id='par_1_50' title="bbox 1382 6535 2369 6676">
     <span class='ocr_line' id='line_1_128' title="bbox 1453 6535 2369 6604; baseline 0.001 -14"><span class='ocrx_word' id='word_1_987' title='bbox 1453 6535 1477 6568; x_wconf 84' lang='lat'>¹⁰</span> <span class='ocrx_word' id='word_1_988' title='bbox 1496 6537 1559 6604; x_wconf 88' lang='lat' dir='ltr'>Cap.</span> <span class='ocrx_word' id='word_1_989' title='bbox 1577 6537 1608 6602; x_wconf 80' lang='lat'>5,</span> <span class='ocrx_word' id='word_1_990' title='bbox 1628 6537 1676 6600; x_wconf 78' lang='lat'>29,</span> <span class='ocrx_word' id='word_1_991' title='bbox 1694 6535 1812 6604; x_wconf 85' lang='grc'><strong>33331133</strong></span> <span class='ocrx_word' id='word_1_992' title='bbox 1823 6537 1901 6590; x_wconf 76' lang='lat' dir='ltr'>Pron.</span> <span class='ocrx_word' id='word_1_993' title='bbox 1921 6535 1951 6600; x_wconf 84' lang='lat'>7,</span> <span class='ocrx_word' id='word_1_994' title='bbox 1966 6539 2008 6588; x_wconf 81' lang='lat' dir='ltr'>st.</span> <span class='ocrx_word' id='word_1_995' title='bbox 2021 6537 2068 6600; x_wconf 65' lang='lat' dir='ltr'>im</span> <span class='ocrx_word' id='word_1_996' title='bbox 2082 6535 2179 6590; x_wconf 89' lang='lat' dir='ltr'>deinde</span> <span class='ocrx_word' id='word_1_997' title='bbox 2196 6539 2215 6590; x_wconf 91' lang='lat' dir='ltr'>l.</span> <span class='ocrx_word' id='word_1_998' title='bbox 2229 6537 2298 6592; x_wconf 86' lang='lat' dir='ltr'>Tim.</span> <span class='ocrx_word' id='word_1_999' title='bbox 2310 6539 2340 6604; x_wconf 88' lang='lat'>6,</span> <span class='ocrx_word' id='word_1_1000' title='bbox 2366 6573 2369 6580; x_wconf 79' lang='lat'><em>,</em></span> 
     </span>
     <span class='ocr_line' id='line_1_129' title="bbox 1382 6607 2031 6676; baseline 0 -16"><span class='ocrx_word' id='word_1_1001' title='bbox 1382 6609 1407 6662; x_wconf 81' lang='grc'><strong>9.</strong></span> <span class='ocrx_word' id='word_1_1002' title='bbox 1427 6637 1460 6646; x_wconf 93' lang='grc'>-</span> <span class='ocrx_word' id='word_1_1003' title='bbox 1480 6611 1528 6662; x_wconf 85' lang='lat' dir='ltr'>Pro</span> <span class='ocrx_word' id='word_1_1004' title='bbox 1549 6607 1588 6664; x_wconf 87' lang='lat' dir='ltr'>cel</span> <span class='ocrx_word' id='word_1_1005' title='bbox 1607 6607 1875 6664; x_wconf 72' lang='lat' dir='ltr'>sturministra</span> <span class='ocrx_word' id='word_1_1006' title='bbox 1893 6607 2031 6676; x_wconf 80' lang='lat' dir='ltr'>laqueone.</span> 
     </span>
    </p>

    <p class='ocr_par' dir='ltr' id='par_1_51' title="bbox 1453 6677 2013 6746">
     <span class='ocr_line' id='line_1_130' title="bbox 1453 6677 2013 6746; baseline -0.007 -12"><span class='ocrx_word' id='word_1_1007' title='bbox 1453 6677 1475 6708; x_wconf 90' lang='lat'>¹¹</span> <span class='ocrx_word' id='word_1_1008' title='bbox 1496 6679 1558 6742; x_wconf 87' lang='lat' dir='ltr'>Cap.</span> <span class='ocrx_word' id='word_1_1009' title='bbox 1578 6679 1609 6742; x_wconf 84' lang='lat' dir='ltr'>l,</span> <span class='ocrx_word' id='word_1_1010' title='bbox 1629 6679 1676 6746; x_wconf 85' lang='lat' dir='ltr'>t9;</span> <span class='ocrx_word' id='word_1_1011' title='bbox 1694 6679 1791 6732; x_wconf 90' lang='lat' dir='ltr'>deinde</span> <span class='ocrx_word' id='word_1_1012' title='bbox 1809 6681 1901 6732; x_wconf 81' lang='lat' dir='ltr'>Erech.</span> <span class='ocrx_word' id='word_1_1013' title='bbox 1923 6677 2013 6742; x_wconf 81' lang='grc'><strong>31,1.</strong></span> 
     </span>
    </p>

    <p class='ocr_par' dir='ltr' id='par_1_52' title="bbox 1382 6749 2339 6894">
     <span class='ocr_line' id='line_1_131' title="bbox 1452 6749 2339 6820; baseline 0.002 -16"><span class='ocrx_word' id='word_1_1014' title='bbox 1452 6749 1476 6782; x_wconf 73' lang='lat'>²²</span> <span class='ocrx_word' id='word_1_1015' title='bbox 1496 6751 1553 6804; x_wconf 82' lang='lat' dir='ltr'>Vat.</span> <span class='ocrx_word' id='word_1_1016' title='bbox 1571 6749 1717 6820; x_wconf 74' lang='grc'><strong>31333133·</strong></span> <span class='ocrx_word' id='word_1_1017' title='bbox 1742 6751 1833 6804; x_wconf 83' lang='lat' dir='ltr'>eadem</span> <span class='ocrx_word' id='word_1_1018' title='bbox 1855 6757 1914 6804; x_wconf 89' lang='lat' dir='ltr'>ente</span> <span class='ocrx_word' id='word_1_1019' title='bbox 1932 6749 2114 6806; x_wconf 83' lang='lat' dir='ltr'>calamitatem</span> <span class='ocrx_word' id='word_1_1020' title='bbox 2131 6749 2228 6802; x_wconf 88' lang='lat' dir='ltr'>omittit</span> <span class='ocrx_word' id='word_1_1021' title='bbox 2244 6765 2339 6818; x_wconf 84' lang='lat' dir='ltr'>sueni,</span> 
     </span>
     <span class='ocr_line' id='line_1_132' title="bbox 1382 6819 2179 6894; baseline -0.005 -16"><span class='ocrx_word' id='word_1_1022' title='bbox 1382 6829 1407 6878; x_wconf 88' lang='grc'>31</span> <span class='ocrx_word' id='word_1_1023' title='bbox 1427 6823 1532 6878; x_wconf 85' lang='lat' dir='ltr'>interius</span> <span class='ocrx_word' id='word_1_1024' title='bbox 1551 6839 1599 6892; x_wconf 90' lang='lat' dir='ltr'>pro</span> <span class='ocrx_word' id='word_1_1025' title='bbox 1618 6823 1732 6880; x_wconf 78' lang='lat' dir='ltr'>iniussi</span> <span class='ocrx_word' id='word_1_1026' title='bbox 1748 6823 1817 6894; x_wconf 79' lang='grc'><strong>13313</strong></span> <span class='ocrx_word' id='word_1_1027' title='bbox 1835 6821 1916 6878; x_wconf 88' lang='lat' dir='ltr'>hahet</span> <span class='ocrx_word' id='word_1_1028' title='bbox 1932 6821 2000 6892; x_wconf 79' lang='lat' dir='ltr'>soris</span> <span class='ocrx_word' id='word_1_1029' title='bbox 2012 6819 2179 6892; x_wconf 83' lang='grc'><strong>3313131133.</strong></span> 
     </span>
    </p>
   </div>
   <div class='ocr_carea' id='block_1_9' title="bbox 0 0 2954 8260">
    <p class='ocr_par' dir='ltr' id='par_1_53' title="bbox 0 0 2954 8260">
     <span class='ocr_line' id='line_1_133' title="bbox 0 0 2954 8260; baseline 0 0"><span class='ocrx_word' id='word_1_1030' title='bbox 0 0 2954 8260; x_wconf 95' lang='lat' dir='ltr'> </span> 
     </span>
    </p>
   </div>
  </div>
 </body>
</html>
