5908 8266
468 573 531 640 688
1174 613 1178 618 -
1332 577 1446 644 INDEX
1471 577 1599 646 RERUM
1703 519 1704 522 Ἴ

751 661 813 714 cala
1074 715 1075 718 ,
2105 671 2167 726 CAP

467 751 564 802 intrare
581 761 635 800 non
652 753 775 814 poterunt
793 749 840 816 qui
853 763 906 802 non
919 755 1049 816 quaerunt
1063 763 1108 802 vo·
1145 749 1206 802 vina
1224 751 1395 816 inspiratione
1415 751 1464 804 508
1487 753 1518 802 69
1538 781 1572 790 -
1591 753 1710 818 peccavit
1731 765 1782 804 non
1876 753 2001 808 65555
2020 785 2057 794 -
2073 763 2115 810 551
2130 759 2219 820 locus,
2244 763 2273 810 ut
2297 757 2406 826 quidam
2424 757 2463 810 01·

466 841 564 892 1551515
581 837 684 902 integra
702 843 727 892 51
746 839 823 904 plena
841 835 904 892 1010.
926 867 960 876 -
980 841 1037 892 Non
1064 853 1108 890 va·
1145 839 1229 892 solnm
1250 841 1277 892 in
1297 841 1443 906 voluntate,
1461 841 1600 894 sedetiam
1613 841 1640 892 in
1652 839 1783 892 lucratione
1821 845 1896 904 cunt,
1917 841 1961 894 ubl
1976 843 2082 916 ¹iacebat
2101 843 2183 896 Adam
2197 851 2225 896 et
2236 843 2282 896 ubi
2301 847 2463 898 555155155-

466 927 532 982 dunt
560 933 629 982 reete
655 927 683 980 in
710 929 814 980 caelum
841 927 887 994 qni
914 929 1009 982 volunt
1027 927 1107 980 51551
1145 933 1254 992 propter
1270 941 1424 994 perversam
1444 927 1612 982 intentionem
1631 927 1682 980 569
1700 927 1735 980 76
1748 957 1784 966 -
1820 927 1860 980 ria
1878 931 1972 994 capitis
1990 931 2048 984 eius
2066 931 2110 982 711
2128 931 2181 982 575
2206 933 2241 984 39
2259 931 2462 984 -015115515-

465 1031 591 1084 praesens
614 1019 749 1072 saeculum
776 1021 803 1070 et
828 1015 996 1072 1155510111.
1013 1047 1049 1056 —·
1066 1017 1107 1070 50
1144 1017 1172 1068 15
1191 1029 1314 1070 sermone
1330 1013 1459 1082 Caiphae,
1479 1015 1505 1066 in
1523 1021 1652 1084 quantum
1679 1021 1735 1068 erat
1752 1029 1783 1066 ex
1820 1029 1880 1080 cus,
1892 1017 1938 1070 nbi
1951 1015 2157 1072 decalvabantur
2173 1019 2257 1084 capita
2270 1021 2462 1074 damnatorum

466 1113 571 1174 portam
589 1109 654 1160 caeli
678 1121 730 1160 non
756 1107 908 1172 pervenitur
936 1105 984 1160 nisi
1013 1105 1108 1158 55115-
1144 1117 1270 1170 perversa
1289 1103 1446 1170 intentione,
1463 1109 1519 1158 erat
1538 1105 1784 1156 intellectuscarna·
1820 1111 1847 1156 et
1865 1105 1959 1160 dicitur
1985 1113 2049 1158 testa
2075 1105 2170 1172 eapitis
2195 1119 2276 1158 carne
2302 1107 2400 1160 nudata
2426 1107 2460 1158 71

466 1195 544 1248 lando
564 1209 611 1260 par
630 1195 701 1248 viam
719 1193 782 1248 ibid.
800 1223 836 1232 —
855 1197 882 1246 15
909 1195 1011 1248 caelum
1036 1195 1122 1268 pigri
1143 1193 1175 1244 lis
1193 1195 1218 1244 51
1238 1193 1336 1256 malus,
1356 1193 1390 1244 ad
1407 1191 1543 1244 vitandam
1556 1193 1785 1244 Romanorumol·
1820 1189 1872 1244 595
1891 1195 2153 1256 89-555115555,
2179 1191 2226 1244 ubi
2250 1191 2460 1256 proiciebantur

375 1305 378 1312 ·
466 1283 632 1336 1515555555
650 1287 762 1348 possunt
780 1281 843 1336 1010.
1145 1279 1305 1344 155515555;
1322 1279 1349 1332 15
1363 1285 1491 1348 quantum
1504 1285 1561 1332 5551
1571 1291 1603 1330 ex
1616 1279 1783 1346 inspiratione
1820 1279 1905 1346 capita
1925 1281 2112 1336 decollatorum
2132 1279 2183 1332 185
2201 1295 2229 1332 v.
2247 1281 2282 1330 80
2300 1309 2336 1318 -
2355 1279 2459 1346 0151155,

471 1413 472 1416 ,
519 1403 555 1412 -—
573 1371 654 1426 lledia
674 1373 708 1426 ad
732 1371 941 1438 perveniendum
959 1373 986 1424 in
1004 1375 1107 1426 caelum
1143 1369 1248 1432 divina,
1273 1369 1415 1422 intellectus
1434 1367 1534 1432 bonus,
1553 1367 1686 1420 Christum
1703 1369 1782 1422 mori·
1819 1369 1880 1434 quia
1900 1369 1936 1424 ibi
1955 1369 2156 1424 continebantur
2175 1369 2305 1422 calvariae
2323 1369 2458 1420 damnato·

466 1463 603 1516 suntactio
614 1461 693 1528 bona,
705 1461 866 1526 praedicatio
878 1475 942 1512 vera
954 1467 980 1514 et
993 1469 1107 1516 contom-
1143 1465 1233 1510 turum
1252 1457 1482 1522 propterhumani
1496 1457 1600 1522 generis
1613 1457 1782 1512 salvationem
1819 1471 1893 1524 555,
1913 1459 1959 1526 qni
1978 1459 2015 1512 ibi
2045 1459 2240 1512 decollabantur
2267 1463 2294 1510 et
2317 1457 2461 1522 suspende·

466 1551 547 1616 platio
575 1551 710 1618 tranquilla
735 1565 783 1616 per
811 1549 993 1616 prudentiam,
1017 1549 1107 1602 intelli·
1144 1545 1196 1598 510
1213 1547 1248 1598 76
1266 1575 1303 1584 —-
1321 1545 1518 1612 conspiraverat
1537 1547 1565 1598 in
1582 1553 1694 1600 mortem
1711 1545 1783 1600 Chri·
1819 1543 1917 1600 bantur
1934 1549 1977 1600 711
1997 1549 2049 1600 576
2067 1547 2102 1598 39
2120 1575 2156 1600 -·
2174 1551 2230 1600 erat
2247 1545 2319 1598 loeus
2336 1555 2408 1600 entra
2426 1545 2460 1598 51·

467 1633 582 1704 gentia'nn¹
599 1645 627 1692 et
644 1639 799 1702 sapientiam
827 1639 873 1690 711
899 1637 951 1690 350
971 1639 1006 1692 50
1024 1667 1061 1676 -·
1079 1639 1107 1690 15
1143 1633 1176 1688 511
1196 1633 1309 1702 58887,
1328 1635 1362 1686 88
1819 1633 2008 1690 5151551010.

467 1729 570 1780 caelum
581 1727 765 1780 conscenditur
776 1731 825 1792 per
837 1725 1033 1792 poenitentiam,
1047 1725 1107 1780 obe·
1196 1753 1232 1762 -
1251 1723 1333 1776 voluit
1361 1723 1494 1776 Christum
1518 1723 1635 1788 primum
1663 1723 1782 1778 danmari
1872 1723 2214 1778 655555-551551551
2242 1735 2350 1776 enorme
2368 1723 2460 1786 ingen·
2569 1791 2572 1798 ,

466 1817 591 1868 dientiam
610 1821 635 1870 et
652 1817 807 1882 sapientiam
833 1815 885 1868 588
905 1813 939 1866 55
956 1843 993 1852 -—
1010 1815 1108 1868 55555·
1143 1811 1181 1866 ab
1199 1813 1290 1876 Anna,
1309 1817 1336 1864 ut
1355 1813 1412 1878 ipse
1432 1813 1539 1864 minoris
1566 1815 1660 1878 culpae
1682 1813 1782 1866 videre·
1820 1811 1890 1866 tibus
1910 1797 2045 1876 membris,
2063 1817 2260 1864 monstruosum
2276 1817 2301 1864 et
2312 1811 2458 1876 gibbosum

467 1905 530 1958 dere
550 1905 576 1956 in
594 1905 696 1958 caelum
714 1911 756 1958 est
782 1891 830 1970 per
857 1903 1034 1958 obedientiam
1055 1905 1106 1956 603
1143 1903 1238 1954 tuer
1258 1901 1310 1954 585
1334 1903 1368 1954 38
1396 1901 1427 1954 8*
1443 1929 1480 1942 -
1497 1907 1606 1954 venerat
1632 1903 1659 1954 in
1684 1909 1783 1966 praeto·
1819 1903 1864 1954 Vll
1883 1901 1934 1954 565
1952 1901 1987 1954 55

467 1993 502 2046 63
520 2023 556 2032 -
575 1993 602 2044 ln
617 1993 718 2046 caelum
731 1993 841 2044 intratur
860 2005 908 2058 per
927 1991 1107 2048 tribulationes
1144 1989 1231 2058 vium,
1247 1997 1275 2044 ut
1288 1991 1406 2046 Christus
1421 1991 1566 2044 traderetur
1577 1991 1658 2044 Pilato
1674 1991 1723 2044 586
1737 1991 1780 2044 58.
1873 1989 1941 2046 Carra
1969 2017 2005 2028 -
2033 1989 2232 2054 interpretatum
2258 1993 2299 2040 est
2324 1986 2395 2040 zelus
2425 1987 2458 2038 71

467 2083 502 2134 71
521 2081 697 2136 38338711
716 2083 768 2134 356
788 2081 822 2134 59
1145 2079 1197 2134 587
1216 2081 1260 2146 57,
1279 2083 1313 2134 58
1820 2079 1872 2132 555
1894 2081 1911 2134 5

471 2209 472 2212 ,
519 2169 1107 2224 -5511111515555505517155517
1196 2167 1348 2224 (1555555
1367 2199 1401 2208 -·-
1421 2153 1569 2234 intelligitur
1581 2169 1743 2224 conenleatio
1755 2175 1782 2224 et
1873 2165 2289 2222 circatas-suntsensusm
2308 2163 2390 2218 5861

465 2289 502 2296 -
521 2261 584 2326 tegit
602 2259 705 2324 omnia,
724 2259 804 2312 idest
816 2267 958 2326 quaesunt
971 2259 1020 2314 sub
1033 2263 1106 2314 eaelo
1142 2257 1219 2310 dolus
1238 2263 1263 2312 et
1280 2261 1353 2312 fraus
1373 2259 1403 2312 71
1424 2257 1474 2312 588
1495 2261 1527 2312 88
1872 2257 2057 2310 6555515555
2074 2283 2111 2292 --
2129 2263 2169 2308 551
2187 2253 2273 2320 ligura
2300 2251 2397 2306 Christi
2415 2251 2458 2304 711

466 2349 501 2402 88
519 2363 546 2416 q.
568 2351 577 2398 l
599 2377 636 2386 -
653 2349 749 2404 dicitur
766 2349 899 2416 pluraliter
918 2353 1107 2416 proptermul-
1195 2345 1380 2402 Catcaauanra
1398 2377 1435 2388 -
1451 2347 1517 2402 liunt
1536 2347 1569 2402 de
1587 2343 1699 2414 p'ellibus
1728 2347 1784 2400 ani·
1820 2343 1872 2396 596
1892 2345 1926 2398 35
1949 2373 1987 2382 -
2013 2355 2093 2396 aurea
2120 2333 2266 2408 significant
2295 2345 2458 2394 honestatem

464 2437 603 2492 titudinem
622 2443 803 2492 contentorum
816 2443 841 2492 et
854 2441 994 2492 effectuum
1008 2439 1035 2492 in
1048 2453 1107 2492 con·
1143 2437 1251 2490 551155
1279 2443 1444 2490 mortuorum
1475 2437 1515 2488 711
1540 2437 1590 2488 397
1610 2437 1643 2488 39
1662 2465 1697 2474 -
1717 2437 1783 2490 desi·
1820 2433 1854 2484 71
1872 2431 1973 2486 55817

466 2527 544 2580 155115
565 2529 615 2582 169
633 2543 659 2580 v.
683 2527 713 2580 10
732 2557 768 2566 —-
788 2529 900 2580 maxime
929 2529 1066 2594 elongatur
1090 2545 1106 2582 a
1143 2527 1539 2594 gnantcnemplapatrnm‚vel
1553 2531 1707 2578 vetustatem
1723 2539 1782 2590 pee-
1872 2519 2252 2572 Cannae—vestimentorum
2268 2521 2403 2584 refulgens
2416 2531 2460 2582 ap·

465 2621 534 2668 terra
554 2623 579 2670 51
596 2617 671 2670 155511
692 2617 811 2670 distantia
825 2623 851 2668 at
864 2617 1015 2684 qualitativa
1034 2617 1106 2672 01115-
1142 2617 1193 2668 5511
1220 2613 1282 2668 1010.
1301 2643 1335 2652 -
1365 2617 1391 2666 in
1418 2613 1532 2680 pedibus
1559 2613 1656 2666 debent
1684 2613 1782 2664 habere
1819 2605 2458 2670 555515111535551155155115655155711833

465 2705 1020 2770 55511571157818-4115551555515
1046 2713 1106 2759 sunt
1142 2703 1346 2768 praedicatores,
1373 2701 1399 2752 id
1430 2705 1469 2752 est
1493 2703 1642 2764 exemplum
1663 2699 1782 2764 priorum
1819 2693 1854 2746 58
1877 2721 1915 2734 ·-
1937 2695 2065 2758 significat
2093 2695 2327 2754 conversationem¹
2349 2695 2460 2760 irrepre-

465 2791 645 2846 remota'sunt
662 2809 679 2846 a
697 2793 846 2860 cognitione
865 2797 981 2846 humana
1000 2793 1033 2846 71
1055 2793 1105 2844 176
1142 2791 1274 2842 15510515
1303 2787 1474 2852 praedicandi
1502 2785 1564 2838 1010.
1587 2815 1623 2824 --
1648 2785 1782 2838 Calccatus
1819 2781 1975 2832 hensibilom
1994 2781 2047 2832 835
2065 2781 2100 2834 55

466 2897 494 2934 v.
515 2883 547 2932 16
1142 2883 1182 2928 551
1207 2881 1348 2940 promptus
1372 2875 1405 2926 ad
1433 2875 1611 2928 itinerandum
1637 2871 1672 2926 10.
1691 2875 1726 2926 38
1745 2903 1781 2910 -
1871 2867 1947 2920 Catus
1964 2869 2460 2934 -151555515555155115555555-

519 2969 715 3034 -555515511111
727 2983 772 3032 {ter
781 2967 1014 3030 conflagrationem
1028 2979 1107 3016 mun·
1143 2963 1259 3026 nuptiale
1277 2961 1397 3024 designat
1421 2959 1642 3028 praedicationem
1672 2973 1783 3024 evange·
1818 2959 1865 3006 luo
1893 2955 1981 3008 7173
2000 2971 2028 3008 v.
2048 2953 2062 3006 l
2081 2959 2240 3010 -luerunt
2268 2957 2383 3010 mitiores
2398 2957 2459 3032 „ipsi

468 3055 496 3108 di
516 3055 625 3110 711515
643 3055 678 3106 33
696 3085 732 3092 -
751 3053 884 3118 transibit,
903 3057 1107 3122 percommuta·
1143 3049 1220 3102 11555
1240 3047 1302 3102 ibid.
1819 3045 1931 3108 pauperi
1957 3057 2039 3112 qnam
2066 3043 2141 3096 dives
2169 3043 2284 3096 711518
2304 3043 2337 3096 53
2356 3073 2392 3084 -
2412 3047 2458 3096 85-

466 3145 565 3196 115555
591 3143 767 3196 innovationis
797 3141 915 3204 deposita
935 3143 1031 3204 torma,
1052 3153 1107 3190 ma-
1196 3165 1233 3174 ·-—
1251 3141 1290 3188 est
1309 3135 1456 3188 humanitas
1486 3133 1593 3198 Christi,
1621 3151 1669 3200 pes
1686 3136 1783 3190 calcea-
1818 3131 1932 3196 pientiae
1949 3133 2072 3186 doct-ores
2101 3139 2124 3184 et
2153 3131 2349 3198 praedicatores
2366 3147 2461 3186 55555-

464 3237 543 3282 55515
561 3229 639 3294 priori
659 3229 804 3282 substantia
828 3223 890 3280 1010.
902 3255 951 3302 1-
970 3225 1107 3280 innovabi·
1143 3230 1185 3278 tus
1204 3223 1331 3278 Divinitas
1351 3229 1493 3278 humanata
1517 3225 1550 3278 71
1570 3223 1621 3276 858
1640 3223 1675 3276 56
1692 3253 1731 3262 -
1748 3227 1784 3278 si·
1818 3225 1862 3272 tur
1879 3235 1957 3276 55555
1976 3221 2123 3286 spirituales
2137 3223 2175 3274 71
2199 3219 2244 3274 171
2269 3237 2296 3274 v.
2315 3221 2349 3274 19
2366 3251 2403 3260 -
2422 3221 2460 3274 di·

467 3325 510 3370 tur
529 3319 615 3370 7189
634 3331 661 3382 q.
682 3319 696 3368 8
1142 3313 1250 3378 gnificat
1266 3315 1411 3366 humanam
1430 3319 1551 3366 naturam
1568 3319 1713 3366 assumtam
1740 3315 1782 3368 711
1819 3309 1885 3362 citur
1906 3311 2028 3374 tentatio,
2045 3325 2114 3376 5555
2131 3309 2205 3364 05511
2224 3311 2460 3364 555571158318

470 3445 473 3448 .
518 3407 643 3458 -Deus
660 3412 699 3458 est
725 3405 825 3458 caelum
854 3405 943 3458 omnia
972 3403 1107 3456 continens
1142 3401 1176 3454 79
1196 3403 1230 3454 38
1873 3397 1989 3452 Carrhas
2006 3399 2154 3466 -capitis
2172 3403 2211 3452 est
2229 3397 2460 3464 signamintirmi-

467 3495 566 3548 71169
583 3509 610 3546 v.
631 3493 663 3546 l0
683 3523 717 3532 —
737 3493 807 3548 Caeli
824 3493 948 3548 dicuntur
976 3493 1107 3546 5151555-
1196 3489 1287 3544 Cauno
1306 3519 1341 3528 —
1360 3489 1480 3556 Cognitio
1506 3491 1555 3544 Dei
1572 3489 1599 3544 in
1618 3491 1731 3556 caligine
1748 3491 1782 3544 71
1820 3487 2190 3564 thamnachsarae

467 3583 545 3634 155155
564 3583 615 3636 558
635 3581 649 3634 5
1143 3579 1195 3632 856
1216 3579 1249 3632 53
1688 3599 1689 3602 “
1873 3575 2013 3628 Cavontaus
2031 3605 2065 3614 ·-·
2084 3577 2220 3630 Contentio
2243 3577 2272 3628 01
2295 3577 2361 3628 15155
2378 3589 2460 3628 eano-

519 3669 721 3724 Caauauaumtta
746 3699 781 3708 -—
807 3669 995 3724 Observantiae
1017 3683 1108 3722 caere·
1196 3663 1783 3738 (1555-55165550011155055711363
1820 3661 1893 3716 51555
1913 3663 2062 3718 imminente
2081 3663 2313 3730 5555551555ρί,
2334 3665 2394 3732 quis
2417 3665 2461 3718 de·

467 3759 744 3818 monialesdebebant
761 3759 786 3814 in
806 3759 898 3814 Christi
918 3759 1035 3824 adventu
1055 3773 1108 3814 ces·
1144 3753 1178 3808 80
1196 3783 1232 3792 --
1250 3759 1306 3808 orat
1322 3769 1372 3808 vas
1388 3755 1503 3808 vitreum
1522 3761 1549 3808 et
1566 3755 1686 3820 designat
1705 3755 1785 3820 tragi-
1820 3751 1880 3804 beat
1898 3753 2026 3820 praeponi
2045 3753 2089 3806 711
2108 3751 2160 3806 556
2179 3753 2214 3806 35

467 3863 525 3902 sare
554 3849 657 3902 71368
681 3851 714 3902 33
734 3877 767 3888 -
789 3851 882 3904 65515
907 3849 1108 3902 caeremonialia
1143 3843 1581 3910 111515515555515555551010.
1604 3845 1784 3920 -15551155
1873 3841 2004 3896 Crustumi
2022 3873 2058 3882 -
2077 3843 2104 3894 15
2123 3841 2461 3896 Cavrtioiscanticorumlo·

467 3943 529 3990 sant
547 3937 684 3990 reserenda
695 3937 730 3990 ad
743 3937 907 3992 dilectionem
927 3937 973 3988 liei
987 3943 1012 3990 ot
1024 3937 1109 4002 prosi·
1144 3939 1224 4000 potus
1242 3931 1341 3986 bibitur
1359 3935 1395 3986 in-
1404 3949 1527 3988 mensura
1547 3933 1599 3988 556
1619 3933 1653 3988 55
1820 3919 1914 3996 quitur
1931 3943 2046 3996 spamus
2071 3937 2098 3984 et
2123 3945 2222 3996 sponsa
2247 3937 2275 3982 51
2292 3935 2353 3982 5551
2375 3927 2459 3982 verba

468 4027 506 4078 mi
524 4033 551 4078 et
567 4027 602 4080 50
620 4027 692 4078 11155
710 4027 792 4078 linem
810 4025 965 4092 exponenda
978 4025 1011 4080 10.
1025 4027 1056 4078 31
1079 4025 1110 4088 81
1196 4051 1234 4060 -
1251 4027 1422 4088 peecatorum
1439 4025 1559 4076 fortunae
1576 4021 1718 4088 inebrians,
1731 4026 1785 4077 551·
1820 4017 1916 4074 Christi
1932 4021 1967 4074 ad
1986 4021 2125 4072 Ecclesiam
2147 4021 2179 4072 Vl
2199 4021 2232 4072 16
2249 4019 2307 4084 q.t
2333 4047 2367 4056 —-
2387 4021 2461 4072 Salo-

521 4113 623 4168 Csasan
639 4145 677 4154 --
689 4115 813 4168 Caesares
827 4115 888 4168 dicti
899 4123 959 4168 sunt
968 4117 1110 4180 imperato·
1145 4123 1195 4176 pae
1213 4123 1378 4174 venenosus,
1396 4123 1500 4176 poenae
1518 4123 1624 4164 amarus
1643 4111 1747 4164 71618
1767 4115 1784 4164 8
1820 4121 1883 4162 man
1902 4111 1929 4162 in
1952 4109 2064 4162 Canticis
2092 4109 2208 4174 loquitur
2234 4107 2371 4172 perlectis,
2397 4107 2460 4160 ideo

468 4217 511 4256 555
523 4203 740 4256 Romanialulio
749 4203 861 4258 Caesare
870 4203 913 4258 Vll
924 4201 1110 4256 513-1555
1144 4199 1326 4252 -iustorum
1356 4207 1401 4252 551
1424 4199 1536 4264 gratiae,
1563 4201 1736 4254 eucharistiae
1758 4207 1786 4252 et
1821 4197 1972 4262 parabolice
1998 4203 2025 4252 51
2043 4199 2144 4252 5555115
2163 4195 2196 4250 10.
2218 4211 2243 4264 q.
2264 4199 2334 4250 8-
2351 4197 2377 4248 15
2398 4195 2463 4250 Can·

469 4291 655 4346 dominabatur
681 4291 783 4360 ludaeis
810 4293 844 4360 ’71
869 4291 969 4348 58861
991 4297 1110 4346 -tunc
1145 4287 1343 4342 examinationis
1361 4289 1467 4342 divinae
1486 4289 1537 4342 613
1556 4287 1785 4354 s-Calcipas-
1821 4285 1878 4338 ticis
1906 4287 2015 4342 docetur
2042 4287 2163 4342 caelestia
2193 4285 2317 4348 diligere,
2347 4285 2462 4336 maxime

469 4387 525 4434 erat
544 4383 698 4448 rnunareha,
727 4381 804 4436 cuius
829 4387 885 4434 erat
912 4381 977 4434 dave
995 4387 1110 4446 potesta·
1145 4377 1228 4432 sionis
1247 4375 1341 4432 Christi
1360 4377 1785 4444 communicandumestperspi·
1822 4375 1910 4442 ipsum
1929 4377 2061 4442 Sponsum
2082 4375 2098 4428 5
2117 4375 2151 4426 13
2169 4405 2205 4414 -
2224 4373 2325 4440 Verba,
2345 4387 2414 4440 quae
2432 4375 2461 4426 in

468 4475 523 4522 tem
542 4471 672 4534 regnandi
690 4469 741 4522 598
761 4469 795 4522 13
813 4499 849 4508 -··
867 4469 918 4536 Qui
930 4483 957 4522 se
970 4471 1059 4534 ipsum
1070 4483 1110 4522 re·
1145 4467 1265 4522 ritualem
1286 4465 1512 4532 compassionem,
1538 4481 1585 4532 par
1613 4471 1786 4518 sacramenta·
1821 4461 2462 4518 (155115155105515555505155515551110101-

431 4623 432 4628 Ὶ
468 4573 530 4624 gem
544 4557 715 4612 constituebat
725 4557 922 4612 contradicebat
931 4557 1034 4612 Caesari
1046 4555 1110 4612 atad.
1145 4555 1197 4606 lom
1226 4555 1436 4618 susceptionem,
1453 4567 1502 4618 per
1520 4555 1648 4606 actualem
1668 4553 1786 4606 imitatio·
1821 4553 1870 4614 515,
1889 4557 1950 4606 5551
1970 4565 2106 4606 sermones
2123 4551 2183 4604 insti
2202 4555 2228 4604 51
2245 4549 2307 4604 boni
2327 4549 2360 4600 98
2379 4563 2408 4604 v.
2426 4551 2460 4602 10

486 4701 488 4706 ,
520 4647 678 4712 —protulit
689 4647 836 4700 universale
846 4631 1043 4714 acacianam
1057 4647 1110 4700 uni·
1145 4655 1207 4694 uem
1235 4639 1269 4696 10.
1300 4641 1314 4694 5
1341 4671 1377 4680 -
1398 4647 1566 4708 peecatorum
1593 4641 1785 4708 proliciendus,
1874 4637 2461 4704 115555-151555505551155055555511

421 4743 424 4746 ·
468 4737 570 4788 versale
587 4735 702 4788 habebat
720 4735 869 4790 dominium
887 4735 915 4786 in
934 4741 1020 4800 partes
1040 4735 1110 4800 prin·
1146 4731 1210 4784 calin
1223 4733 1354 4786 iustorum
1367 4729 1508 4794 bibendus,
1521 4729 1595 4784 calici
1607 4729 1699 4784 Christi
1713 4745 1786 4784 com-
1820 4727 2460 4794 51515551551555550571835.1-05-

469 4823 567 4888 ripales
584 4825 701 4876 universi
720 4825 771 4878 Vll
784 4823 817 4876 55
837 4825 853 4878 3
872 4855 908 4862 -
920 4825 1052 4890 Tempore
1064 4827 1110 4876 hu·
1147 4819 1338 4874 5551555055
1359 4821 1411 4880 618
1431 4821 1440 4872 1
1821 4815 1911 4870 lectari
1929 4817 1954 4868 in
1973 4817 2106 4870 cantilenis
2132 4823 2242 4882 propter
2267 4817 2397 4868 internam
2416 4813 2461 4866 05-

469 4911 510 4966 ins
542 4913 616 4978 regni
644 4921 699 4966 erat
727 4919 831 4978 tempus
861 4913 991 4966 adventus
1013 4911 1110 4966 Christi
1198 4937 1236 4948 -
1259 4911 1287 4960 ln
1311 4909 1391 4962 calice
1420 4909 1548 4972 figuratur
1573 4907 1663 4972 passio
1689 4907 1785 4960 Christi
1821 4903 1956 4956 notionem
1980 4905 2079 4956 nullum
2099 4909 2136 4956 551
2156 4909 2309 4970 55555155;
2337 4901 2460 4956 delectari

468 4999 531 5056 1015.
544 5031 579 5038 --
591 5003 653 5056 Eius
671 5001 813 5068 imperium
832 5003 879 5054 luit
897 5001 1109 5068 pacatissimum,
1146 4997 1191 5050 Vll
1204 4997 1256 5050 556
1271 4995 1305 5050 55
1318 5025 1355 5044 ·.-
1367 4997 1434 5062 gerit
1445 4997 1560 5062 liguram
1573 4995 1668 5048 155511
1685 4993 1738 5048 585
1749 4993 1785 5048 65
1820 4999 1929 5056 prepter
1954 4993 2081 5044 internam
2100 4993 2262 5056 voluptatem
2282 4997 2306 5044 et
2324 4991 2462 5044 lasciviam

468 5089 531 5158 quia
550 5103 633 5156 prope
652 5095 707 5142 erat
726 5089 893 5142 annuntiator
912 5089 986 5154 pacis
1004 5089 1038 5140 55
1057 5089 1072 5142 5
1197 5115 1235 5124 -
1253 5085 1349 5138 dicitur
1366 5089 1443 5148 potus
1463 5083 1784 5136 55515515515551155711
1821 5083 1861 5132 551
1878 5085 2017 5146 peecatum
2037 5095 2166 5132 alanorum
2191 5081 2307 5134 luxuriae
2326 5081 2360 5134 de
2378 5081 2464 5146 proxi·

521 5177 1110 5242 -6555551515551555555155051οἱ·
1145 5173 1251 5238 55788
1270 5203 1306 5212 -
1324 5173 1353 5224 15
1379 5173 1460 5224 551155
1488 5167 1670 5224 continebatur
1692 5171 1785 5222 vinum
1821 5181 1882 5230 tn03
1904 5167 2025 5220 delectari
2043 5173 2151 5234 propter
2174 5169 2308 5234 oriundam
2329 5167 2463 5222 curiosita-

468 5263 547 5316 vitias
575 5267 618 5318 Vll
636 5267 684 5316 511
707 5265 743 5316 38
760 5293 798 5302 -
814 5267 904 5328 imago
923 5269 948 5314 51
966 5263 1108 5326 superscri-
1144 5261 1305 5326 permixtum
1323 5273 1392 5326 aqna
1412 5257 1476 5314 thid.
1820 5257 1873 5306 lem
1893 5259 1932 5308 est
1950 5261 2087 5320 peccatum
2106 5257 2262 5309 curiositatis
2280 5269 2409 5308 annexum
2423 5257 2461 5308 iu-

468 5351 525 5416 ptio
544 5349 663 5404 Caesaris
681 5357 720 5404 est
738 5351 872 5404 mundana
890 5347 927 5404 10.
951 5351 986 5402 30
1003 5379 1040 5386 -
1058 5349 1108 5402 eni·
1196 5347 1281 5400 Cama
1298 5377 1334 5386 -
1352 5352 1391 5399 est
1419 5347 1530 5414 qualitas
1548 5347 1632 5398 activa
1656 5349 1681 5398 et
1699 5343 1785 5410 magis
1820 5341 1911 5398 xuriae
1928 5343 1963 5398 de
1981 5351 2083 5398 remoto
2102 5341 2164 5398 1010.
2180 5375 2218 5384 -
2236 5345 2322 5398 Sancti
2347 5347 2461 5398 institue-

470 5439 507 5504 git
526 5439 727 5504 impressionem
746 5453 810 5492 suae
827 5437 951 5502 imaginis
971 5437 1005 5492 10.
1024 5439 1054 5490 31
1142 5437 1265 5488 alilictiva
1284 5435 1327 5488 711
1356 5435 1407 5488 353
1436 5431 1641 5488 59-6515515
1670 5447 1722 5486 non
1745 5439 1785 5486 est
1820 5437 1881 5486 runt
1899 5433 1997 5488 cantari
2015 5435 2049 5488 ad
2068 5435 2177 5500 gloriam
2197 5435 2243 5488 liei
2263 5433 2324 5490 1010.

521 5525 583 5578 Cam
601 5555 636 5564 -
656 5527 766 5578 iniustus
785 5527 881 5578 dieitur
899 5515 1107 5598 antonomastice
1142 5523 1296 5590 infrigidare
1313 5525 1347 5578 71
1365 5521 1471 5576 38855
1489 5551 1524 5560 -
1543 5523 1563 5574 11
1582 5523 1669 5576 calore
1680 5527 1785 5576 555551
1874 5521 2096 5578 1315555555-
2107 5529 2147 5578 551
2165 5525 2256 5578 civitas
2276 5527 2404 5578 Galilaeae
2416 5525 2461 5580 Vll

469 5619 498 5666 ut
515 5617 594 5680 caput
612 5617 637 5666 et
655 5615 788 5680 exemplar
814 5613 972 5668 iniustorum
999 5613 1035 5666 Vl
1055 5615 1107 5668 178
1142 5627 1230 5680 vapor
1248 5613 1299 5666 158
1319 5627 1347 5664 v.
1365 5611 1399 5664 85
1823 5611 1872 5662 160
1893 5617 1909 5666 8
1927 5641 1964 5652 -
1980 5613 2165 5680 interpretatur
2191 5627 2256 5680 ager
2276 5615 2460 5680 pinguedinis,

470 5717 498 5756 v.
518 5701 534 5752 3
553 5701 687 5778 -iratus
704 5701 753 5754 luit
780 5707 872 5754 contra
900 5703 1005 5756 tratrem
1028 5717 1107 5756 suum
1194 5731 1232 5740 -
1249 5689 1341 5754 Calore
1360 5699 1475 5754 interiori
1493 5701 1635 5768 tepefacto,
1649 5701 1785 5770 quaeritur
1820 5701 1863 5752 vei
1891 5703 1950 5756 villa
1979 5703 2162 5758 consolationis
2188 5705 2222 5758 Vl
2249 5705 2300 5758 558
2330 5719 2357 5758 5.
2376 5703 2409 5756 56
2433 5705 2461 5758 3.

466 5787 768 5844 50511015-15511515
781 5789 1013 5844 1511155ἱοί055
1034 5791 1108 5858 spiri·
1143 5791 1265 5844 solatiam
1283 5791 1310 5842 in
1328 5789 1447 5842 exteriori
1467 5791 1500 5844 71
1520 5791 1571 5844 588
1592 5791 1624 5844 38
1821 5791 1872 5844 585
1894 5793 1905 5844 1
1927 5793 2165 5858 -interpretatur
2191 5793 2253 5846 villa
2282 5791 2461 5860 pulcherrima

469 5877 539 5932 tnale
557 5883 581 5932 et
608 5893 687 5932 causa
714 5879 849 5932 homicidii
877 5881 1021 5944 corporalis
1046 5879 1108 5936 1010.
1157 5895 1158 5898 ’
1196 5879 1327 5934 Catuuvra
1348 5909 1382 5918 -
1401 5867 1441 5932 est
1460 5881 1606 5934 criminatio
1624 5881 1737 5946 litigiosa
1750 5881 1785 5934 71
1821 5881 1872 5932 383
1894 5881 2106 5936 38-5511515
2134 5881 2181 5936 luit
2210 5889 2318 5948 propter
2345 5881 2461 5948 plurima

468 5997 504 6006 -
522 5967 689 6032 spiritualiter
707 5973 828 6022 mortuus
854 5973 891 6022 est
920 5965 983 6022 1010.
1003 5999 1041 6008 -
1058 5971 1108 6024 115-
1144 5967 1179 6022 57
1191 5969 1248 6022 58
1268 5999 1304 6008 --
1322 5969 1587 6024 5511115555555137
1607 5985 1632 6022 v.
1654 5971 1664 6022 1
1686 5999 1724 6010 -
1740 5983 1785 6024 va·
1821 5969 1957 6038 miracula,
1976 5973 2128 6036 quaefacta
2148 5971 2459 6022 555115557111688.

470 6055 606 6110 51510155
625 6055 686 6110 Cain
706 6057 753 6110 1511
770 6059 858 6124 prima
870 6071 948 6112 causa
962 6061 1110 6126 corruptio·
1144 6073 1192 6112 nae
1211 6063 1272 6112 sunt
1292 6059 1317 6112 in
1336 6061 1386 6114 hoe
1406 6057 1587 6114 55051610.
1608 6085 1644 6098 -
1670 6065 1709 6112 est
1730 6059 1785 6112 vio·
1821 6057 1872 6110 860
1894 6061 1926 6112 85
1945 6089 1981 6098 -
1999 6059 2034 6112 de
2051 6059 2184 6112 miraculis
2209 6059 2294 6124 magis
2312 6055 2462 6124 superbivit

470 6145 512 6198 nis
530 6159 594 6198 suae
612 6145 768 6210 posteritatis
787 6145 822 6200 10.
840 6161 867 6200 v.
887 6143 903 6200 5
920 6175 956 6208 τ
968 6147 1008 6200 Ab
1027 6151 1111 6202 homi·
1143 6149 1212 6200 lenta
1232 6147 1363 6202 bonorum
1391 6149 1518 6212 extorsio,
1546 6135 1622 6214 quasi
1649 6163 1697 6214 per
1717 6147 1785 6202 iusti·
1820 6159 1903 6214 quarn
1921 6147 2100 6214 5515511866
2119 6145 2262 6202 85-1511
2281 6147 2390 6198 exaltata
2403 6159 2462 6210 pro·

470 6235 540 6288 aldio
557 6233 620 6288 Cain
637 6235 756 6288 derivata
775 6241 815 6290 est
832 6235 967 6302 comnptio
982 6237 1107 6304 usquein
1146 6237 1225 6302 tiara,
1238 6237 1286 6290 sed
1297 6249 1390 6290 revera
1410 6249 1458 6302 per
1477 6235 1726 6290 5556551010.-
1738 6249 1786 6302 op
1821 6243 1879 6300 pter
1899 6231 2008 6290 rnnnera
2030 6235 2135 6290 divinae
2163 6235 2277 6302 gratiae,
2295 6239 2322 6286 51
2339 6241 2400 6300 post
2416 6235 2462 6286 de-

470 6337 594 6390 magnam
614 6327 715 6388 partein
734 6325 892 6390 posteritatis
912 6325 973 6376 Seth
992 6325 1055 6380 1010.
1144 6325 1235 6390 primii
1253 6325 1360 6392 iniuste,
1379 6323 1612 6392 inconsolabiliter,
1634 6325 1785 6376 irremedia·
1821 6337 1909 6376 mersa
1926 6325 2023 6378 merito
2042 6323 2182 6390 superbiae
2201 6321 2264 6376 1010.

521 6411 630 6466 Catenis
647 6441 684 6452 -
701 6411 844 6466 ambitione
863 6417 949 6466 motus
972 6427 1108 6466 summam
1146 6411 1232 6466 biliter
1249 6409 1311 6466 1010.
1331 6441 1366 6452 -·
1386 6411 1482 6466 excitat
1506 6413 1635 6478 lacrymas
1663 6413 1784 6466 innocen·
1874 6411 1973 6468 Claram
1985 6439 2022 6452 -
2034 6411 2181 6478 significant
2194 6415 2315 6466 ornatum
2333 6411 2461 6466 virtutum

470 6499 644 6556 sacerdotium
674 6499 1108 6556 55555156555515711705
1144 6501 1210 6554 1155
1238 6499 1272 6554 10.
1301 6515 1329 6554 5.
1358 6503 1428 6554 2-—
1444 6499 1624 6568 perturbando
1650 6501 1785 6554 hominem
1823 6499 1962 6554 715796

469 6619 505 6632 -—
521 6589 828 6656 anctoritatepontillcali
846 6589 983 6640 consilium
1001 6589 1110 6640 authen·
1144 6589 1332 6644 inconstantem
1352 6589 1785 6642 550011565.8-555155515
1874 6587 2463 6658 (115555-551055055555055,5555

471 6679 558 6734 ticum
571 6679 644 6734 dedit
665 6679 694 6730 71
716 6677 766 6730 507
780 6677 814 6730 67
826 6667 1107 6744 -·”05011555511155,
1143 6675 1380 6732 5555055055551
1400 6677 1433 6730 57
1452 6691 1480 6730 v.
1499 6679 1515 6730 8
1542 6705 1579 6716 --
1603 6675 1785 6730 Calumniatus
1821 6678 1891 6732 valet
1909 6677 2016 6730 renibus
2043 6683 2070 6730 et
2097 6679 2226 6730 confortat
2248 6683 2339 6732 actum
2357 6677 2462 6732 virtutis

468 6767 543 6836 quod
560 6765 678 6820 Christus
701 6765 888 6818 interficeretur
917 6769 1026 6830 propter
1044 6763 1108 6816 alio·
1143 6769 1354 6832 estoppressus,
1372 6763 1518 6832 desolatae,
1532 6767 1626 6820 auxilio
1646 6767 1785 6820 destitutus
1822 6767 1987 6832 generativae
2014 6767 2046 6820 Vl
2066 6767 2101 6820 95
2117 6781 2148 6820 v.
2165 6765 2181 6818 5
2200 6795 2235 6804 -
2253 6771 2293 6820 551
2320 6765 2402 6820 herba
2425 6767 2461 6820 ad
2492 6777 2493 6780 ’
2577 6775 2580 6780 ·

468 6869 529 6908 555
548 6855 657 6908 salutern
677 6851 710 6908 10.
723 6855 756 6904 68
775 6883 810 6892 -
828 6853 903 6906 dedit
920 6851 1107 6904 5555015501-
1136 6853 1171 6908 38
1189 6867 1223 6908 v.
1243 6853 1257 6904 3
1821 6853 1958 6910 libidinem
1970 6867 2117 6922 provocans
2130 6855 2165 6908 96
2183 6869 2212 6910 v.
2228 6853 2244 6906 7
2257 6883 2292 6892 -
2304 6855 2353 6908 Per
2365 6867 2463 6908 vocem
