5900 8266
1042 539 1238 608 cosmam.
1262 541 1300 610 ΙΝ
1322 535 1563 608 evadentium
1586 529 1706 602 tuem
1729 529 1761 598 C.
1787 529 1873 598 XXII.

476 721 506 782 et
538 715 660 798 patrem
683 715 831 784 exhibeat
854 715 1034 798 disciplina,
1056 733 1097 782 ne
1125 721 1181 782 aut
1212 715 1365 782 districtio
1387 715 1430 782 ri-

473 817 561 904 gida,
593 825 648 884 aut
678 819 777 904 pietas
808 819 849 886 sit
880 817 1011 886 remissa
1036 847 1065 886 n.
1093 821 1126 886 66
1157 819 1194 886 66
1230 821 1291 886 666
1320 827 1368 888 666
1398 821 1430 886 66

474 921 568 988 Paulo
591 925 789 1008 exemplum,
811 923 867 1008 qui
881 923 1005 990 dicebat
1020 923 1111 992 bonis
1126 923 1248 1010 primae
1273 923 1311 990 ad
1333 925 1428 992 Thes-

473 1027 682 1096 salonicenses
704 1027 884 1096 secundo¹:
908 1029 1022 1096 «Facti
1046 1047 1157 1096 sumus
1173 1029 1296 1114 parvuli
1316 1027 1350 1096 in
1365 1049 1430 1098 me-

473 1133 524 1200 dio
556 1135 671 1214 vestri,
693 1141 846 1218 tanquam
875 1135 903 1198 si
932 1135 1045 1200 nutrix
1066 1135 1200 1202 foveat»
1231 1141 1310 1214 etc.;
1341 1141 1430 1220 pater

474 1235 567 1304 etiarn
592 1255 724 1304 severus
739 1237 799 1302 luit
813 1235 1000 1318 Corinthiis,
1026 1237 1181 1306 secundae
1196 1239 1236 1306 ad
1251 1237 1430 1306 Corinthios

474 1343 603 1408 ultimo:
625 1341 804 1408 «Praedico
819 1341 926 1422 vobiS,
950 1343 1034 1412 sicut
1050 1345 1193 1430 praedixi
1219 1345 1255 1412 iis
1280 1345 1334 1432 qui
1358 1351 1429 1412 ante

473 1453 693 1532 peccaverunt,
710 1453 742 1512 66
756 1447 870 1534 ceteris
893 1451 1050 1530 ornnibus,
1067 1451 1227 1536 qnoniam,
1252 1453 1277 1516 si
1304 1469 1428 1530 venero,

474 1571 535 1616 non
553 1569 688 1636 parcam.
705 1551 750 1616 ho
775 1549 1030 1636 experimentum
1053 1553 1206 1640 quaeritis
1227 1553 1296 1622 eius
1318 1555 1373 1642 qui
1398 1555 1428 1620 in

473 1673 522 1722 nne
548 1655 696 1740 loquitur
710 1655 857 1724 Christus
872 1665 912 1724 »t

562 1761 615 1828 38.
639 1763 741 1846 (Vers.
766 1765 951 1850 27666666
987 1773 1141 1852 quantum
1172 1764 1212 1833 ad
1244 1765 1429 1852 6666666666

317 1867 690 1984 Ι166161163ιέ66663][6666666666
722 1873 867 1938 66666666
895 1873 1053 1958 adiungit:
1086 1871 1174 1938 Nona
1209 1873 1285 1960 quis
1318 1873 1429 1940 666666

339 1993 439 2038 sacrans.
473 1983 537 2056 666,
561 1975 621 2062 qni
642 1975 821 2056 6666666666,
848 1997 893 2044 66
917 1977 977 2064 qui
995 1975 1192 2044 ministrat?
1217 1979 1279 2044 lloc
1304 1977 1429 2062 quaerit

473 2085 555 2152 sicut
575 2101 632 2168 per
657 2101 689 2150 66
712 2089 834 2162 notum,
860 2089 890 2150 et
921 2083 990 2152 ideo
1025 2083 1209 2170 respondet:
1234 2083 1350 2150 Nonne
1370 2083 1431 2172 666

473 2187 658 2254 resonabit?
682 2189 743 2256 Hoc
765 2195 813 2254 est
836 2187 963 2274 quidem
993 2207 1106 2254 verum
1142 2189 1314 2256 secundum
1346 2191 1429 2256 ordi-

473 2311 561 2374 nem,
586 2291 639 2380 qui
665 2293 837 2380 attenditur
854 2291 1027 2362 secundum
1043 2309 1164 2360 rnorem
1180 2297 1212 2360 66
1227 2311 1321 2360 usum
1338 2311 1429 2360 6666-

473 2399 608 2478 danum;
630 2399 715 2464 unde
739 2417 835 2484 snpra
858 2397 978 2464 decimo
1001 2399 1133 2484 septimo
1147 2401 1176 2464 ²:
1199 2425 1217 2458 u
1232 2399 1308 2482 Quis
1323 2405 1428 2466 autern

473 2511 632 2584 vestrum,
658 2503 777 2572 habens
801 2521 946 2584 servum,
973 2501 1027 2590 qui
1051 2521 1179 2570 reverso
1202 2503 1247 2584 de
1277 2521 1353 2590 agro
1383 2503 1429 2570 di-

474 2617 540 2680 cat:
564 2611 674 2678 Transi
698 2617 732 2678 et
753 2611 921 2692 recumbe;
944 2616 978 2678 et
999 2629 1061 2678 non
1088 2611 1200 2694 tnagis:
1226 2611 1302 2676 Veni
1325 2617 1357 2678 et
1371 2611 1429 2676 mi-

473 2717 572 2784 nistra
596 2717 674 2784 mihi
688 2725 726 2784 »2
747 2755 793 2764 -
815 2717 873 2784 Sed
898 2717 989 2784 aliter
1021 2721 1067 2784 est
1091 2715 1264 2783 secundum
1288 2715 1429 2784 ordinem

473 2823 630 2902 divinum3
656 2821 740 2890 unde
762 2823 884 2890 subdit:
920 2825 987 2910 666
1022 2829 1133 2890 nutent
1169 2821 1205 2890 in
1239 2821 1346 2890 eradio
1377 2841 1429 2888 66-

473 2937 581 2996 strum
605 2951 695 3010 6666,
720 2929 805 2998 aaut
819 2931 879 3018 qni
893 2931 1083 3010 intinistrnt,
1108 2929 1146 2996 ad
1163 2929 1299 2996 dandum
1316 2929 1429 3014 ,humi-

473 3037 568 3102 litatis
591 3037 792 3122 erernplum;
815 3037 901 3122 quod
923 3037 1084 3122 potissime
1106 3037 1179 3104 lecit
1202 3037 1234 3102 in
1258 3053 1355 3102 coena
1376 3035 1430 3102 illa

473 3139 602 3220 ultima,
623 3141 657 3206 in
680 3147 743 3226 qua
765 3143 841 3208 lavit
863 3143 958 3226 pedes
982 3143 1227 3226 discipulorum,
1250 3141 1333 3208 sicut
1355 3141 1429 3210 dici-

475 3249 527 3310 tur
552 3245 673 3312 loannis
702 3247 822 3314 decimo
852 3247 982 3328 tertio³,
1004 3247 1058 3314 ubi
1084 3247 1305 3334 subiungitur:
1336 3247 1428 3316 «Vos

474 3349 591 3416 6666666
614 3367 665 3418 me
687 3351 835 3436 magister
859 3359 889 3418 et
914 3353 1053 3432 donnino,
1070 3359 1102 3418 et
1117 3353 1197 3420 hene
1221 3353 1332 3418 dicitis,
1355 3355 1430 3420 Surn

474 3455 599 3522 etenim.
624 3457 654 3520 Si
678 3473 752 3540 ergo
776 3475 833 3540 ego
857 3457 917 3522 lavi
940 3457 1035 3540 pedes
1064 3463 1215 3524 vestros»
1244 3463 1302 3524 etc.
1328 3459 1430 3524 Ratio-

474 3577 545 3626 nem
568 3567 675 3626 autem
697 3559 764 3646 ipse
790 3559 890 3628 reddit
914 3565 1160 3646 consequenter:
1188 3587 1205 3620 «
1222 3561 1287 3626 Non
1302 3567 1350 3628 est
1364 3577 1430 3628 ser-

476 3683 534 3732 vus
557 3665 657 3732 maior
680 3665 806 3732 donnino
842 3685 917 3748 sun,
941 3681 1045 3752 neque
1071 3667 1233 3750 apostolus
1262 3667 1360 3734 maior
1383 3673 1430 3734 666

464 3789 510 3852 66
536 3771 591 3858 qui
621 3771 706 3838 misit
724 3769 828 3838 ‘illurn
848 3799 876 3838 n.
903 3773 933 3838 Si
956 3791 1032 3858 ergo
1065 3771 1221 3852 Christus,
1244 3789 1316 3838 cunr
1350 3777 1431 3840 esset

476 3867 637 3964 superior,
674 3877 849 3946 humillime
881 3877 1089 3958 ministravit;
1124 3878 1226 3946 multo
1259 3877 1372 3946 fortius
1400 3885 1431 3946 et

476 4003 582 4074 omnes
607 3985 722 4050 Christi
752 3985 908 4072 discipuli.
938 3985 1226 4072 Chrysostornuse:
1255 3985 1352 4050 «Non
1383 3991 1431 4052 est

476 4109 570 4159 verus
593 4091 784 4176 discipulus,
807 4093 946 4176 quinon
972 4091 1113 4158 innitatur
1136 4089 1343 4176 magistrum,
1373 4107 1430 4158 nec

476 4215 552 4264 vera
573 4197 690 4282 imago,
724 4215 804 4282 quae
835 4217 897 4264 non
932 4205 981 4264 666
1010 4195 1121 4264 similis
1151 4197 1274 4264 auctori
1290 4225 1319 4262 n.
1345 4197 1431 4264 Unde

475 4303 548 4370 licet
569 4319 692 4386 semper
715 4301 811 4366 inerit
835 4302 1048 4388 periculosum
1072 4301 1152 4386 erigi
1174 4301 1206 4366 in
1231 4301 1429 4386 superbiam,

476 4427 560 4474 nuno
582 4395 882 4492 periculosissimum
908 4413 1048 4492 6666666
1080 4411 1198 4474 tantam
1223 4405 1431 4496 humilitatem

476 4521 647 4594 ostensam;
673 4513 796 4580 666666
824 4511 864 4580 ad
895 4513 1108 4598 Philippenses
1130 4511 1308 4580 secundoi:
1339 4513 1431 4580 «Hoc

476 4621 587 4686 sentite
610 4619 639 4684 in
665 4617 753 4686 vohis
778 4619 862 4704 qnod
892 4625 924 4684 et
945 4619 978 4684 in
1001 4617 1125 4686 Christo
1149 4619 1236 4696 lese,
1261 4617 1334 4704 qui,
1358 4635 1431 4684 curu

476 4725 506 4792 in
530 4727 629 4792 torma
653 4723 708 4792 Dei
726 4731 823 4804 essct,
849 4743 912 4792 nou
934 4723 1074 4810 rapinam
1098 4723 1270 4792 arbitratus
1286 4729 1350 4804 est,
1364 4741 1431 4792 esse

476 4849 507 4900 se
531 4832 693 4918 aequalem
720 4833 783 4898 666
800 4859 814 4890 n
845 4837 902 4900 eto.

547 5329 555 5362 ¹
575 5333 650 5386 Pers.
670 5333 699 5398 7,
719 5331 759 5386 cui
780 5329 975 5396 subiunguntur
992 5333 1020 5384 ll.
1040 5329 1100 5386 Cor.
1113 5331 1161 5400 63,
1179 5333 1203 5386 2.
1219 5337 1243 5386 66
1256 5335 1281 5386 3.
1293 5361 1328 5374 -
1341 5335 1430 5386 Glossa

476 5419 671 5476 interlinearis:
693 5421 744 5476 Vos
773 5423 864 5476 666666
890 5433 946 5474 666
965 5419 1018 5486 666,
1048 5421 1110 5488 quta
1135 5421 1214 5474 etiam
1241 5435 1335 5474 eorum
1362 5437 1431 5488 quae

476 5509 640 5572 distribuitis
655 5527 705 5564 non
719 5515 852 5574 66666666,
866 5509 913 5562 666
926 5509 1119 5574 dispensatores
1129 5511 1190 5564 estis
1197 5529 1205 5574 ;
1218 5509 1266 5564 6666
1275 5509 1323 5580 qni
1331 5509 1430 5577 maior,

476 5599 501 5650 66
518 5599 675 5662 virtutihus,
692 5601 735 5652 666
750 5595 780 5650 in
791 5595 878 5662 66666,
892 5597 941 5668 piat
953 5597 1025 5650 66666
1035 5597 1139 5663 minor,
1154 5599 1245 5650 lnonrili
1257 5599 1430 5666 reputatione,

476 5689 501 5742 66
517 5683 564 5756 qni
576 5699 738 5754 praecessor
756 5689 809 5752 cst,
830 5685 915 5752 gradu
933 5685 1080 5752 dignitatis,
1100 5681 1171 5740 sicut
1187 5683 1368 5740 ministrator.

548 5773 651 5828 2Vers.
671 5773 696 5828 7.
715 5803 749 5814 -
768 5775 860 5828 Glossa
876 5773 1074 5830 interimentia:
1095 5773 1247 5844 Numquis
1267 5773 1358 5830 maior·
1376 5779 1429 5842 666,

433 5899 434 5902 =
476 5863 622 5918 secundum
640 5863 766 5916 iudicium
786 5863 896 5926 saeculi,
916 5861 964 5932 qai
980 5861 1111 5918 6666666666
1127 5868 1176 5916 666.
1406 5865 1407 5872 ’

548 5951 651 6006 36666.
677 5953 702 6004 6.
722 5965 795 6018 seqq.
813 5953 840 6002 et
866 5951 963 6004 deinde
989 5965 1016 6004 v.
1037 5953 1080 6004 63.
1100 5965 1167 6018 seq:
1190 5951 1242 6004 Vos
1261 5949 1362 6004 6666666
1382 5955 1431 6004 666.

477 6041 591 6110 deniqne
610 6057 636 6096 v.
660 6043 705 6094 te:
727 6041 790 6098 Non
812 6043 855 6094 666
874 6053 971 6094 666666
989 6043 1038 6094 666.
1055 6067 1092 6080 -
1110 6041 1200 6094 Glossa
1229 6037 1371 6094 ordinario
1391 6039 1431 6108 (66

476 6131 556 6198 Beda)
576 6131 603 6184 in
620 6133 683 6184 Luc.
701 6131 748 6196 22,
769 6127 816 6182 276
836 6127 876 6182 Ad
896 6127 978 6180 verba
990 6129 1174 6182 exhortationis
1186 6127 1330 6194 explendae
1349 6141 1431 6180 exem-

476 6217 550 6280 plum
568 6219 603 6270 de
620 6233 649 6272 se
668 6217 749 6284 ponit.
767 6217 833 6268 Hinc
852 6219 961 6270 loannes
982 6215 1041 6286 [l3,
1061 6217 1070 6268 6
1079 6215 1114 6286 6.]
1133 6215 1239 6268 scribit:
1258 6215 1292 6270 Si
1307 6229 1356 6284 666
1376 6213 1434 6268 tuni

473 6301 554 6370 66666
579 6311 630 6358 etc.

547 6387 558 6418 ⁴
576 6391 672 6444 llornil.
690 6391 735 6446 35.
753 6393 780 6444 in
798 6393 884 6446 hlatth.
904 6393 950 6454 26,
971 6393 1013 6444 28.
1028 6391 1087 6460 (66.
1100 6391 1254 6460 imperfect.)
1269 6391 1368 6442 66666.
1382 6391 1431 6442 Pro

476 6475 585 6532 6666666
602 6481 623 6532 G
639 6479 747 6546 foetori.

548 6565 653 6620 5Vere.
673 6567 697 6620 6.
717 6573 742 6622 66
759 6569 786 6622 6.

548 6653 558 6686 ⁶
577 6657 654 6708 Vens.
676 6655 719 6708 66.
731 6673 775 6696 ¹-
794 6655 851 6708 Duo
869 6669 943 6724 seqq.
962 6655 1011 6708 loci
1031 6657 1179 6708 66666666.
1193 6655 1241 6718 67,
1256 6653 1299 6706 67.
1316 6655 1431 6706 etEccli.

403 6775 404 6778 =
500 6743 553 6808 ,7.
569 6769 606 6784 ··-
623 6743 714 6796 Glossa
734 6739 874 6796 6666666666
896 6743 936 6810 (66
955 6739 1035 6808 Beda)
1064 6741 1091 6794 in
1109 6743 1172 6804 Luc,
1190 6743 1239 6804 22,
1258 6743 1305 6794 286
1325 6739 1431 6792 6666666-

479 6835 516 6884 tas
536 6845 594 6884 rnen
613 6843 668 6882 non
693 6829 861 6882 conturbavit
886 6843 949 6896 ves,
971 6829 1016 6882 scd
1036 6829 1151 6882 inbono
1171 6833 1265 6894 coepto
1283 6841 1431 6896 persevera·

2388 537 2447 604 556

1583 713 1635 780 36.
1662 709 1761 792 (Vers.
1787 709 1863 794 286.
1890 711 2008 796 Quarto
2031 715 2183 796 quantum
2209 711 2246 778 ad
2258 715 2451 798 6666666666
2473 731 2594 796 praemunt

1493 821 1540 888 od
1561 817 1782 886 ltrrmitttutena
1803 815 1953 884 66666666
1975 813 2133 902 adiungit:
2158 817 2219 884 Vos
2233 823 2345 884 666666
2359 785 2616 898 estecriihldlili?

1493 925 1553 1014 666
1570 923 1806 1012 6666666666666
1831 943 1957 992 ereccon
1973 923 2009 990 in
2025 921 2258 990 tentationibus
2274 923 2375 1000 66666,
2393 941 2450 1008 666

1493 1031 1713 1098 sustinentiam
1735 1029 1956 1098 tribulationis
1980 1029 2070 1096 Tales
2093 1033 2184 1108 sunt,
2210 1027 2247 1096 de
2271 1027 2388 1114 quihus
2403 1027 2450 1094 di·-

1493 1137 1577 1204 66666
1600 1137 1797 1222 apocalypsis
1820 1137 1953 1222 septimo
1969 1135 1998 1202 ⁶:
2028 1135 2090 1200 «lli
2106 1139 2199 1212 sunt,
2222 1133 2278 1218 qui
2295 1141 2451 1200 venerunt

1492 1241 1533 1308 de
1566 1241 1769 1310 tribulatione
1800 1261 1914 1328 magna
1948 1249 1979 1310 et
2010 1243 2157 1308 laverunt
2185 1237 2281 1306 stolas
2315 1243 2451 1306 suaset

1492 1345 1720 1414 dealbaverunt
1741 1365 1794 1414 eas
1817 1347 1849 1415 in
1877 1347 2029 1434 sanguine
2057 1345 2136 1434 hgni
2152 1373 2181 1412 >›.
2207 1345 2242 1412 Et
2267 1343 2447 1410 huiusmodi

1493 1457 1567 1518 sunt
1591 1451 1658 1518 veri
1673 1451 1785 1532 arnici,
1800 1453 1890 1538 quia,
1908 1453 2149 1522 proverbiorum
2165 1451 2286 1520 decimo
2301 1449 2448 1534 septimo,

1497 1579 1515 1614 <t
1531 1555 1614 1622 omni
1639 1561 1781 1642 tempore
1802 1555 1904 1642 diligit
1924 1559 1980 1644 qui
2003 1559 2124 1626 amicus
2149 1561 2214 1638 est,
2240 1561 2274 1624 et
2293 1555 2394 1622 irater
2415 1553 2449 1620 in

1491 1659 1646 1748 angustiis
1668 1661 1893 1748 comprobatur
1908 1689 1938 1744 »3
1965 1669 1994 1732 et
2018 1665 2087 1732 ideo
2108 1663 2314 1732 Eoelesiastioi
2339 1669 2448 1730 sexto:

1497 1795 1515 1826 «
1531 1767 1558 1834 Si
1584 1767 1724 1852 possides
1745 1767 1902 1850 amicum,
1925 1771 1958 1836 in
1981 1771 2152 1840 tentatione
2173 1771 2296 1858 posside
2321 1789 2394 1840 eum
2414 1795 2447 1836 n.

1583 1873 1635 1940 66.
1662 1873 1763 1958 (Vens.
1788 1875 1842 1942 29.
1865 1875 1943 1960 Sd).
1970 1877 2004 1942 Et
2028 1877 2173 1962 quoniam
2207 1879 2262 1964 qui
2291 1877 2449 1962 particeps
2466 1895 2583 1960 66666

1492 1977 1595 2046 estin
1618 1977 1821 2044 tribulatione
1854 1977 1947 2044 debet
1980 1995 2048 2046 esse
2077 1981 2232 2064 particeps
2256 1981 2287 2046 in
2311 1981 2448 2060 honore,
2479 1951 2568 1994 cmii

1491 2083 1560 2152 ideo
1586 2083 1686 2152 addit:
1715 2085 1755 2150 66
1781 2101 1839 2168 666
1860 2083 1998 2170 dispono
2030 2083 2140 2164 66666,
2169 2085 2258 2150 sicut
2287 2085 2451 2170 dispescit

1491 2187 1577 2256 midi
1599 2189 1818 2254 Paterniana
1842 2205 1992 2272 reponent,
2019 2193 2054 2252 nt
2078 2187 2184 2254 etiutis
2208 2195 2236 2254 et
2261 2187 2379 2254 bibetis
2393 2207 2450 2254 su-

1488 2315 1551 2380 per
1573 2313 1724 2362 66666666
1745 2311 1854 2362 666666
1877 2293 1914 2360 66
1935 2311 2037 2380 reque
2059 2311 2129 2360 rneo
2143 2293 2166 2374 i,
2199 2311 2256 2380 per
2286 2293 2450 2362 abundan-
2467 2317 2598 2362 6666666.

1492 2401 1567 2470 tiam
1592 2401 1758 2480 satietatis,
1784 2401 1956 2468 sectandum
1991 2399 2068 2466 illud
2103 2401 2260 2468 secundae
2282 2399 2322 2466 ad
2345 2401 2449 2468 Tinne-

1492 2509 1602 2572 theum
1625 2507 1781 2574 secundo:
1808 2505 1948 2572 «Fidelis
1972 2523 2085 2572 sermo.
2108 2505 2184 2572 Nam
2210 2505 2234 2572 si
2261 2507 2448 2572 commortui

1492 2617 1676 2692 sumus-et
1700 2611 1918 2692 convivemus;
1942 2611 1968 2680 si
1996 2611 2261 2692 sustinuerimus,
2284 2617 2316 2678 et
2339 2629 2449 2692 66666-

1492 2717 1659 2804 gnabimus
1674 2743 1706 2798 »ς
1730 2723 1761 2786 66
1791 2717 1860 2784 ideo
1889 2715 2087 2802 apocalypsis
2108 2717 2229 2802 primo:
2259 2743 2275 2776 <t
2290 2717 2448 2802 Partieeps

1492 2825 1525 2892 in
1548 2821 1750 2890 tribulatione
1775 2829 1804 2890 et
1829 2841 1924 2908 regno
1936 2849 1968 2888 n.
1986 2823 2076 2890 Pater
2092 2821 2244 2908 disposuit
2261 2823 2345 2902 Pilio,
2361 2825 2448 2908 quod

1493 2929 1616 2998 6666666
1638 2929 1676 2998 ad
1700 2929 1920 2998 exaltationem
1944 2947 2001 3016 per
2026 2929 2287 3010 humiliationem:
2312 2949 2385 2998 narn
2401 2931 2449 2998 in-

1469 3105 1470 3108 ,
1492 3037 1542 3104 fra
1562 3037 1714 3124 vigesimo
1736 3037 1891 3124 quercet:
1919 3037 2058 3106 «Nonne
2090 3037 2246 3122 oportuit,
2273 3037 2336 3124 pati
2357 3035 2449 3104 Chri·

1493 3149 1580 3208 stum
1604 3147 1635 3208 et
1658 3143 1701 3208 ita
1724 3143 1844 3212 intrare
1865 3143 1900 3210 in
1915 3143 2045 3228 gloriam
2062 3151 2202 3210 6666666
2218 3147 2248 3210 66
2272 3143 2309 3210 ad
2334 3145 2450 3228 Philip-

1493 3265 1605 3334 penses
1628 3247 1784 3316 secundo:
1814 3275 1830 3308 ι(
1846 3247 2026 3316 Humiliavit
2040 3249 2242 3334 semetipsum
2260 3273 2290 3328 »3
2315 3255 2448 3334 etpost:

1499 3355 1663 3438 «Propter
1685 3355 1770 3440 quod
1793 3359 1824 3420 et
1847 3355 1931 3422 Deus
1955 3355 2104 3422 exaltavit
2128 3355 2217 3422 illurn
2241 3361 2274 3422 et
2294 3355 2379 3424 dedit
2402 3355 2448 3422 illi

1493 3475 1606 3526 nomeu
1622 3485 1639 3518 >2
1668 3465 1727 3526 eto.
1751 3459 1800 3526 Sic
1825 3467 1856 3526 et
1878 3461 1974 3526 Filius
1994 3459 2132 3546 disponit
2147 3463 2236 3528 nohis
2254 3463 2313 3530 sub
2338 3463 2448 3530 eodem

1482 3563 1561 3632 ,foro
1574 3571 1605 3630 et
1616 3571 1771 3648 quantum
1784 3565 1822 3630 ad
1835 3565 1917 3634 viam
1929 3571 1962 3632 et
1973 3573 2126 3650 quantum
2141 3565 2177 3634 ad
2191 3569 2343 3652 patriam3
2364 3567 2450 3634 unde

1493 3669 1615 3736 loannis
1646 3671 1872 3736 duodecimol:
1904 3673 2061 3758 «Siquis
2092 3671 2168 3738 mihi
2202 3673 2372 3752 ministrat,
2397 3691 2448 3742 me

1493 3779 1662 3860 sequatur:
1687 3779 1720 3838 et
1751 3773 1806 3860 ubi
1839 3793 1896 3858 ego
1925 3791 2012 3856 suun,
2042 3775 2104 3844 illic
2141 3782 2170 3844 et
2194 3775 2337 3844 minister
2358 3795 2451 3844 naeus

1493 3881 1554 3946 erit
1565 3905 1597 3946 a.
1610 3879 1755 3962 -Quod
1772 3897 1835 3946 non
1850 3880 1953 3948 solum
1968 3881 2041 3948 dicit
2057 3883 2160 3966 quoad
2176 3883 2353 3950 convivium
2370 3883 2451 3950 rele—
2469 3901 2548 3964 6666
2563 3903 2601 3946 66-

1493 3985 1622 4066 otionis,
1648 4003 1760 4052 verum
1784 3985 1876 4054 etiarn
1901 3985 2016 4054 solium
2038 3987 2184 4068 honoris,
2210 3993 2239 4054 et
2264 3987 2332 4054 ideo
2347 3985 2450 4054 addit:
2497 3967 2563 4000 ’Μ’

1495 4095 1538 4160 Et
1557 4091 1698 4160 sedeatis
1721 4111 1821 4178 66666
1846 4089 1979 4160 6666666
1992 4093 2034 4174 ¹⁰,
2063 4093 2248 4162 6666666666
2279 4093 2452 4160 duodecino

1495 4197 1603 4266 666666
1626 4197 1746 4276 Israel,
1780 4215 1838 4284 per
1870 4201 2090 4266 excellentiam
2119 4201 2287 4286 dignitatis.
2322 4201 2356 4266 66
2391 4199 2451 4266 666

1493 4303 1609 4372 dicitur
1633 4303 1794 4388 perfectis,
1811 4303 1865 4388 qui
1883 4303 2066 4372 iudicabunt
2083 4311 2112 4372 et
2128 4323 2189 4372 non
2208 4303 2450 4384 iudicabuntur:

1493 4409 1674 4492 dequibus
1698 4407 1987 4476 hlatthaei'decimo
2023 4429 2121 4476 noun:
2152 4411 2263 4488 «Vna,
2286 4409 2341 4494 qui
2377 4409 2451 4474 reli-

1494 4513 1608 4600 quistis
1629 4515 1735 4582 omnia
1758 4521 1790 4582 et
1812 4515 1911 4582 secuti
1934 4513 2010 4582 estis
2033 4533 2085 4582 me
2099 4543 2115 4576 »
2144 4521 2202 4582 etc.
2225 4515 2263 4582 66
2284 4515 2317 4580 66
2341 4513 2451 4582 talium

1494 4639 1629 4706 persona
1653 4621 1770 4690 dicitur
1792 4621 1914 4708 primae
1936 4621 1976 4688 ad
1994 4621 2172 4690 Corinthios
2197 4621 2344 4690 sexto11:
2375 4619 2451 4686 «dn

1494 4727 1638 4806 nescitis,
1664 4727 1812 4812 quoniam
1829 4727 1930 4796 Sancti
1955 4727 1992 4794 de
2010 4728 2068 4794 hoc
2085 4727 2203 4794 mundo
2219 4725 2402 4794 iudicabunt
2414 4733 2451 4792 »6

1500 4831 1679 4912 «Nescitis,
1717 4833 1863 4920 quoniam
1901 4833 2031 4918 6666666
2070 4831 2295 4910 66666666666,
2332 4837 2451 4918 quanto

1494 5335 1549 5390 stis.
1568 5335 1640 5390 Sicut
1658 5351 1722 5402 ergo
1740 5335 1805 5388 mihi
1824 5335 2002 5400 perseveranti
2023 5347 2106 5402 usque
2125 5333 2160 5386 ad
2177 5339 2289 5386 mortem
2309 5329 2382 5384 dedit
2402 5333 2451 5384 Pa·-

1494 5425 1757 5494 torhcmundum
1775 5425 1813 5480 666
1831 5437 1912 5490 snper
1940 5437 2020 5476 66666
2042 5437 2142 5476 tannen
2161 5419 2235 5488 [Phil.
2255 5425 2285 5486 2,
2305 5419 2349 5490 96,
2370 5421 2452 5474 66666

1494 5527 1545 5578 ego
1564 5521 1763 5578 perseverantes
1781 5525 1830 5564 vos
1849 5525 1953 5564 mecum
1971 5513 2067 5564 ducam
2087 5511 2121 5564 ad
2140 5515 2274 5564 aeternum
2291 5521 2413 5574 regnum.

1565 5595 1677 5654 leode.
1697 5599 1745 5654 AC
1757 5599 1842 5652 666
1859 5599 1983 5650 omittunt
2001 5597 2029 5650 in
2055 5611 2141 5668 66666
2159 5611 2227 5652 men.
2247 5625 2282 5636 --
2300 5599 2452 5662 Sequuntur

1494 5691 1524 5742 ll.
1543 5689 1611 5742 6666.
1629 5693 1659 5754 2,
1677 5691 1721 5744 66.
1738 5695 1765 5744 66
1785 5689 1832 5752 62,
1851 5693 1911 5752 6666
1928 5701 1996 5754 quos
2017 5689 2098 5752 6666.
2120 5689 2151 5752 6,
2170 5689 2196 5740 6.

1565 5773 1577 5806 ⁸
1597 5779 1671 5832 Pers.
1688 5781 1732 5832 26.
1750 5807 1786 5818 -
1804 5777 1921 5830 Subinde
1939 5779 2086 5842 allegantur
2104 5779 2166 5830 Phil.
2186 5779 2216 5842 2,
2237 5779 2262 5830 8.
2282 5779 2307 5830 et
2325 5777 2350 5830 9.

1565 5863 1578 5896 ⁹
1597 5869 1671 5920 6666.
1690 5869 1732 5920 26.
1751 5865 1931 5932 -Superius
1951 5879 1999 5932 pro
2019 5863 2176 5920 antecedere
2195 5865 2256 5934 foro
2276 5863 2335 5918 666.
2360 5863 2452 5918 codem

1495 5953 1593 6022 rnodo;
1614 5957 1661 6008 cir.
1678 5959 1767 6010 tamen
1786 5967 1865 6020 snpra
1884 5967 1947 6018 pag.
1967 5953 2028 6022 376,
2045 5959 2106 6006 6666
2126 5953 2169 6004 66.
2188 5951 2271 6006 verba
2289 5953 2329 6004 Du
2348 5949 2451 6016 Gange,

1495 6043 1542 6110 qui
1554 6043 1634 6096 etiam
1653 6043 1764 6102 insinuat
1782 6041 1887 6096 Forum
1899 6039 2010 6106 666666,
2024 6041 2127 6112 secere,
2141 6041 2213 6094 idem
2225 6055 2283 6094 esse
2294 6055 2327 6094 ac
2335 6037 2451 6108 pacisci,

1496 6127 1629 6198 depretia
1650 6129 1798 6184 6666666666.
1818 6131 1854 6178 Ex
1872 6127 1930 6180 cod.
1951 6129 1985 6194 H,
2004 6127 2049 6194 qui
2078 6127 2156 6179 etiarn
2184 6127 2265 6180 habet
2288 6125 2340 6180 666
2357 6125 2451 6178 eodem

1494 6217 1571 6286 foro,
1591 6223 1675 6282 patet,
1693 6219 1759 6270 hanc
1778 6215 1919 6268 dictionem
1937 6215 2105 6280 aequivalere
2123 6213 2164 6268 isti
2181 6211 2232 6268 snb
2250 6211 2340 6268 eodem
2357 6209 2453 6266 ordine

1496 6307 1521 6358 et
1539 6303 1627 6358 6666666
1643 6303 1741 6372 praeto.
1759 6307 1809 6354 Pro
1829 6299 1947 6368 66666666
1964 6299 2040 6354 nobb
2058 6299 2110 6352 (ll)
2130 6297 2263 6368 disposuit
2279 6297 2362 6352 nohis.

1566 6389 1590 6420 ²⁰
1608 6391 1691 6446 Codd.
1712 6391 1793 6444 eutr
1811 6389 1912 6442 addunt
1929 6385 2087 6456 duodecin,-
2104 6387 2141 6441 ita
2167 6389 2246 6442 etiarn
2266 6389 2292 6440 6.
2311 6385 2408 6442 hiberi.
2426 6393 2454 6440 et

1496 6481 1524 6532 S.
1542 6481 1646 6546 Thom,
1664 6477 1719 6532 Cat.
1747 6489 1828 6530 aurea
1854 6475 1880 6528 in
1908 6477 1971 6530 Luc.
1998 6479 2041 6530 22.
2061 6491 2087 6530 n.
2105 6477 2137 6544 83
2156 6479 2203 6528 66.
2228 6475 2315 6530 hlatth.
2336 6477 2384 6540 te,
2408 6477 2451 6528 28.

1495 6567 1574 6632 paulo
1595 6567 1701 6620 interius
1720 6567 1857 6630 allegatus:
1877 6565 1944 6628 Vae,
1964 6565 2010 6634 qui
2030 6565 2109 6618 secuti
2123 6565 2184 6620 estis
2198 6579 2266 6618 me...
2285 6563 2409 6620 sedebitis
2426 6571 2454 6618 et

1495 6667 1545 6706 vos
1562 6667 1644 6720 super
1662 6655 1738 6708 sedes
1756 6653 1914 6718 duodecim,
1932 6655 2079 6708 iudicantes
2096 6653 2237 6706 duodecim
2257 6659 2304 6708 etc.
2431 6701 2441 6712 .

1565 6739 1589 6772 ¹²
1608 6743 1683 6796 Vers.
1703 6745 1728 6796 2.
1746 6747 1773 6796 66
1790 6743 1816 6796 3.
1830 6773 1863 6782 --
1875 6745 1932 6798 Duo
1952 6757 2028 6812 seqq.
2045 6745 2096 6798 loci
2114 6747 2175 6798 sunt
2194 6741 2237 6796 lob
2258 6743 2305 6810 36,
2327 6743 2369 6796 67.
2389 6747 2412 6796 66
2425 6743 2452 6808 6,

1495 6829 1542 6884 666
1559 6845 1608 6898 666
1626 6829 1723 6902 inpios
1741 6829 1825 6886 666
1843 6831 1966 6904 impium.
