5900 8266
1073 661 1266 728 comuntur.
1289 663 1328 726 ΙΝ
1349 661 1589 731 cvnvccuutt
1612 663 1730 730 LUCAE
1755 663 1785 728 C.
1811 661 1872 726 Vll.

484 849 556 898 oum
590 835 770 918 subiungit:
804 833 879 898 Oleo
912 843 1017 918 caput
1045 853 1155 898 meunt
1190 851 1257 898 non
1291 831 1440 910 unxisti,-

447 987 448 990 ,
483 937 568 1018 quod
593 943 660 1004 erat
682 937 781 1004 moris
803 945 881 1002 tunc
911 937 1062 1020 temporis
1095 937 1127 1002 in
1157 937 1281 1020 signum
1305 937 1441 1004 laetitiae

484 1045 517 1106 et
538 1041 777 1120 exsultationis,
799 1041 973 1108 secundum
1011 1039 1089 1106 illud
1123 1037 1269 1108 Matthaei
1304 1041 1439 1108 sext01:

489 1169 506 1198 ιι
523 1143 568 1206 Tu
593 1151 719 1222 autem,
740 1159 815 1210 curn
839 1141 975 1220 ieiunas
1001 1159 1085 1226 unge
1106 1149 1203 1226 caput
1224 1149 1317 1208 tuum
1341 1149 1373 1210 et
1396 1141 1441 1208 la·

484 1245 563 1312 ciem
582 1252 666 1312 tuam
679 1247 747 1312 lava
761 1273 791 1310 a.
803 1285 849 1296 —
860 1247 951 1310 Haec
966 1253 1077 1310 uuum
1091 1255 1260 1330 unquento
1277 1245 1374 1312 enuit
1385 1265 1442 1330 pe·

484 1351 540 1414 des
561 1369 667 1426 meos,
692 1351 777 1432 quod
798 1357 847 1414 est
868 1347 1037 1432 pretiosius
1052 1351 1131 1414 oleo.
1154 1349 1239 1416 Unde
1256 1347 1442 1432 pretiosiora

484 1453 635 1518 offerebat
658 1453 734 1518 haec
758 1453 872 1518 mulier
896 1453 1034 1530 Christo,
1058 1453 1231 1518 secundum
1256 1453 1334 1518 illud
1355 1453 1442 1516 loan-

485 1557 534 1624 nis
554 1555 786 1622 duodecimos:
819 1555 945 1620 «Maria
977 1573 1052 1640 ergo
1084 1555 1203 1638 accepit
1236 1555 1350 1620 libram
1382 1573 1442 1618 un·

485 1659 602 1746 guenti
615 1657 706 1724 nardi
728 1657 832 1740 pistici
855 1657 1000 1740 pretiosi,
1025 1661 1056 1722 et
1079 1657 1172 1722 unxit
1208 1657 1301 1742 pedes
1325 1659 1393 1724 lesu
1408 1683 1440 1722 a.

485 1765 520 1830 ln
542 1763 594 1828 bis
614 1779 690 1846 ergo
723 1761 827 1828 tribus
855 1759 1029 1828 dilectionis
1051 1759 1173 1828 iudiciis
1201 1763 1314 1846 probat
1336 1761 1443 1828 Domi-

485 1883 564 1944 nus,
581 1865 664 1948 quod
687 1865 849 1948 peccatrix
872 1865 979 1930 verius
1003 1871 1034 1932 et
1048 1863 1221 1930 terrentius
1244 1865 1365 1930 dilexit.

541 2005 542 2010 .
575 1969 626 2034 78.
653 1969 753 2050 (Vers.
779 1969 855 2048 tu).
894 1969 1036 2052 Propter
1070 1969 1158 2056 quod
1191 1969 1264 2032 dieo
1299 1967 1359 2032 tttt
1382 1971 1440 2032 etc.

334 2089 472 2154 nququur
485 2073 540 2140 llic
561 2079 632 2158 post
662 2075 807 2158 generale
843 2073 991 2139 iudicium
1025 2080 1054 2140 et
1086 2071 1220 2156 speciale
1243 2071 1441 2158 propositum

343 2143 461 2260 'issdfdffiff
485 2179 643 2244 concludit
669 2177 858 2262 principale
890 2177 1068 2254 intentum,
1098 2175 1182 2260 quod
1214 2185 1262 2242 est
1283 2193 1443 2242 cummen-

341 2247 462 2302 ’ΨΜ
485 2281 569 2350 datio
593 2281 733 2348 mulieris
758 2299 954 2366 consequens
974 2299 1018 2348 ex
1032 2281 1222 2366 praemissis.
1238 2281 1443 2346 Commenda-

486 2393 541 2452 tur
562 2395 667 2452 autem
692 2385 770 2452 haec
791 2385 907 2452 mulier
927 2385 1090 2470 peccatrix
1106 2403 1125 2450 a
1141 2385 1443 2450 Dominocommen-

485 2491 609 2558 datione
631 2491 738 2574 plena,
763 2491 862 2576 quia3
888 2497 922 2556 ct
944 2497 1096 2574 purputo
1119 2509 1143 2554 o
1161 2497 1295 2572 pecca-to
1313 2497 1442 2572 propter

485 2593 660 2662 dilectionis
680 2597 843 2674 allectum,
866 2599 904 2660 ut
922 2593 1072 2678 pertento
1098 2593 1136 2660 t'n
1165 2593 1282 2660 merito
1313 2601 1443 2680 propter

485 2699 659 2766 dilectionis
688 2701 849 2778 ellectum,
872 2707 909 2764 ut
938 2701 1131 2784 praeposito
1156 2697 1342 2766 Pharnace
1369 2719 1443 2784 pro-

486 2811 555 2888 pter
579 2803 752 2871 dilectionis
776 2821 952 2872 excessum.

574 2909 661 2974 Unde
686 2909 841 2992 approbat
875 2911 925 2974 hic
958 2909 1109 2976 Dominus
1144 2911 1340 2978 dilectionem
1374 2911 1443 2980 eius

323 3029 474 3128 ‘gomgqenqss
485 3013 602 3100 primo,
626 3013 701 3098 quia
723 3013 847 3082 dilectio
869 3031 937 3082 eam
963 3031 984 3080 rt
1004 3021 1139 3100 peceato
1157 3015 1336 3100 perperit·
1358 3015 1443 3100 quod

323 3141 369 3190 gan
390 3147 405 3178 a
424 3093 591 3196 itt-notat,
614 3135 686 3184 cum
716 3117 804 3184 dicit:
842 3121 982 3204 Propter
1006 3121 1093 3206 quod
1123 3119 1197 3184 dico
1221 3119 1297 3196 tibi,
1322 3119 1351 3184 id
1376 3125 1442 3200 est,

322 3193 377 3232 ‘⁴²¹⁰'
485 3229 614 3306 propter
629 3239 715 3288 ntmc
730 3223 902 3306 praemissa
916 3223 1090 3290 dilectionis
1104 3223 1218 3290 indicia
1239 3241 1347 3290 assero
1370 3223 1442 3290 tibi:

486 3325 711 3392 Remittentur
733 3325 764 3392 ei
782 3333 919 3412 peccatu
942 3327 1047 3392 mtrttn
1073 3335 1149 3406 etc.;
1172 3337 1206 3394 et
1227 3327 1272 3394 ita
1293 3327 1354 3394 iam
1382 3345 1442 3394 non

485 3433 577 3498 debet
600 3451 618 3496 a
643 3439 672 3498 te
692 3433 911 3510 condemnari,
939 3433 993 3498 sed
1022 3433 1119 3518 magis
1151 3431 1337 3508 beatificari,
1368 3433 1444 3516 quia

485 3535 517 3602 in
549 3535 669 3602 Psalmo
696 3535 849 3620 scriptum
881 3537 972 3604 est⁴z
1001 3535 1135 3614 «Beati,
1166 3555 1302 3620 quorum
1334 3537 1444 3604 remis-

486 3657 539 3706 sae
572 3647 647 3706 sunt
680 3639 880 3724 iniquitates,
916 3649 953 3730 et
978 3657 1115 3724 quorum
1149 3647 1228 3706 tecta
1264 3647 1338 3706 sunt
1371 3657 1443 3724 peo-

485 3751 601 3824 cata»;
617 3745 703 3808 etad
728 3745 879 3808 Romanos
896 3749 1024 3826 quarto:
1046 3769 1060 3802 c
1076 3743 1106 3808 Ei
1123 3743 1177 3826 qui
1195 3761 1257 3808 non
1281 3751 1443 3826 operatur,

374 3909 375 3912 ,
486 3847 622 3916 credenti
642 3849 672 3912 in
688 3865 762 3914 eum
781 3847 834 3932 qni
851 3847 999 3914 iustificat
1017 3847 1158 3930 impium,
1182 3853 1350 3930 reputatur
1365 3847 1443 3912 tides

486 3953 615 4020 eiusad
638 3953 789 4018 iustitiam
812 3951 984 4018 secundum
1010 3951 1206 4034 propositum
1233 3951 1353 4034 gratiae
1376 3949 1441 4016 Dei.

486 4057 571 4124 Sicut
593 4063 622 4122 et
647 4057 742 4122 David
767 4055 842 4120 dicit
863 4055 1089 4121 beatitudinem
1105 4053 1267 4132 hominm,
1284 4055 1335 4120 cui
1359 4055 1444 4122 Deus

485 4167 612 4242 accepto
634 4161 694 4226 lert
719 4159 869 4226 iustitiam
886 4159 953 4224 sine
973 4159 1120 4240 operibns
1134 4185 1149 4216 a
1179 4159 1276 4242 Legis.
1301 4157 1388 4224 Unde
1411 4159 1441 4222 in

486 4265 545 4330 ista
572 4261 733 4346 impletum
758 4269 804 4328 ost
830 4261 907 4326 illud
938 4261 1092 4326 Psalmi⁵:
1121 4261 1240 4338 «Dixi,
1271 4261 1443 4326 confitebor

485 4367 652 4454 adversum
676 4383 726 4430 me
749 4363 930 4430 iniustitiam
964 4381 1064 4430 meam
1094 4363 1242 4442 Domin03
1268 4371 1298 4430 et
1328 4369 1360 4431 tu
1396 4381 1443 4430 re-

486 4467 597 4534 misisti
620 4467 809 4552 impictatem
836 4465 952 4552 peccati
977 4469 1038 4534 mei
1055 4495 1086 4532 ».
1141 4539 1143 4542 ,

574 4573 625 4636 79.
653 4573 810 4648 Secundo,
837 4571 911 4654 quia
932 4571 1056 4636 dilectio
1073 4573 1108 4636 t'n
1128 4573 1244 4636 ruerito
1257 4569 1443 4654 perleeit⁶,·

333 4693 360 4786 ii
373 4687 468 4784 &giffelton
484 4679 614 4756 propter
637 4673 721 4756 quod
743 4673 844 4738 addit:
869 4673 1037 4752 Quoniam
1058 4673 1172 4738 dilecti
1205 4675 1354 4738 tta-ardum.
1381 4675 1442 4736 lla-

453 4767 614 4860 'gnitudo
637 4777 720 4842 enim
750 4777 924 4842 dilectionis
955 4777 1123 4860 amplificat
1159 4777 1306 4842 meritum
1332 4783 1362 4842 et
1386 4795 1442 4844 ex-

485 4879 571 4962 pellit
606 4885 787 4962 pectatum3
822 4879 942 4962 primae
978 4881 1058 4946 Petri
1094 4881 1252 4966 quartol:
1294 4881 1442 4948 «Caritas

485 4981 585 5066 operit
610 4981 842 5050 multitudinem
866 4993 1066 5068 peccatorum
1085 5009 1113 5062 »3
1139 4993 1169 5050 et
1200 4985 1441 5050 proverbiorum

485 5085 620 5152 decimo:
652 5085 797 5152 «Odium
819 5089 950 5152 suscitat
974 5087 1080 5165 rian,
1103 5095 1134 5152 et
1157 5089 1305 5154 universa
1329 5089 1442 5154 delicta

484 5189 585 5272 operit
608 5189 723 5254 caritas
737 5215 768 5254 ».
794 5191 878 5256 Unde
903 5197 933 5256 et
958 5191 987 5254 in
1004 5189 1119 5272 classa
1143 5191 1277 5256 dicitnr:
1311 5217 1327 5248 a
1342 5191 1441 5254 Ardor

485 5293 621 5356 rat-tutis
644 5291 675 5356 in
711 5311 746 5358 ea
780 5293 956 5378 rubiginem
985 5301 1185 5376 peccatorum
1222 5293 1440 5360 consumsit».

484 5395 545 5458 Nec
567 5395 669 5458 solum
692 5403 807 5480 purgat
830 5417 849 5462 a
870 5405 1017 5480 peccatu,
1034 5397 1197 5464 sedetiam
1222 5405 1395 5464 conserunt
1409 5395 1439 5460 in

485 5497 613 5574 merito,
638 5497 810 5564 secundum
836 5501 912 5566 illud
927 5501 966 5566 ad
983 5499 1179 5566 colossenses
1205 5499 1337 5566 tertio⁸:
1359 5503 1441 5566 «Su
1505 5497 1670 5582 benignam
1707 5501 1935 5590 susceptionem
1970 5499 2147 5566 accedentis
2185 5507 2215 5566 et
2251 5499 2463 5584 benigniorem

555 5875 563 5906 ¹
585 5879 658 5930 t'ers.
681 5877 720 5928 17.

553 5961 562 5992 ²
583 5965 659 6016 l'ers.
676 5965 701 6014 3.

553 6047 562 6078 ³
583 6051 639 6100 Vnt.
659 6049 765 6102 scilicet.

552 6135 562 6166 ⁴
584 6137 675 6188 nsum.
692 6139 737 6202 31,
754 6137 776 6198 l,
796 6147 856 6200 post
878 6151 961 6204 quem
979 6141 1054 6190 Rom.
1075 6141 1104 6204 t,
1118 6141 1144 6192 ὅ.
1163 6157 1219 6208 seq.
1236 6141 1367 6196 -Codd
1388 6139 1439 6194 CD

482 6225 582 6278 addunt
603 6223 651 6286 ihi,
671 6223 691 6274 ll
712 6223 773 6286 legit
793 6221 941 6292 beatificari
959 6223 1038 6280 irtutu
1055 6225 1125 6280 iliud
1144 6227 1255 6280 Psalmi.

552 6309 562 6340 ⁵
584 6311 676 6364 Psalm.
695 6311 739 6372 31,
757 6311 783 6362 5.

552 6395 562 6426 ⁶
582 6399 639 6448 Vct.
656 6395 787 6466 profecit,·
804 6401 852 6448 rtr.
870 6403 959 6448 tamen
978 6413 1056 6464 supra
1076 6415 1102 6450 n.
1120 6401 1166 6452 78.

551 6481 561 6514 ¹
581 6485 705 6546 vens,
726 6495 882 6550 postquem
905 6487 980 6538 Prov.
1003 6487 1047 6550 10,
1071 6487 1110 6538 ta.
1135 6493 1162 6538 et
1178 6487 1269 6538 Glossa
1293 6485 1435 6538 ordr'nuric

482 6571 636 6636 (secundum
659 6571 782 6634 Cragon,
800 6573 828 6622 ll.
853 6571 946 6622 llomll.
968 6571 992 6622 in
1018 6575 1116 6634 Eveng.
1136 6571 1226 6622 homil.
1245 6571 1288 6622 33.
1306 6585 1335 6622 u.
1355 6571 1389 6634 l.)
1410 6571 1437 6622 ln

480 6657 542 6710 Luc.
560 6657 586 6720 7,
608 6657 651 6726 ii.
1271 6653 1373 6708 ⁸vers.
1399 6655 1437 6710 l-i.

551 6739 561 6772 ⁹
581 6745 659 6798 nov.
677 6745 720 6808 at,
740 6745 789 6808 aa,
807 6753 867 6808 post
885 6757 966 6812 quem
985 6731 1011 6796 v.
1031 6745 1072 6798 aa.
1093 6749 1117 6796 et
1136 6745 1180 6796 ao.

551 6827 573 6860 ¹⁰
593 6835 651 6884 vat.
665 6829 690 6884 iu
704 6829 755 6886 hcc
775 6829 928 6900 occursatione
946 6829 1125 6896 concluditur,
1145 6845 1215 6898 quae
1232 6829 1308 6884 etiam
1329 6829 1437 6882 interius

2398 667 2459 730 tst

1504 835 1690 920 peremnia
1719 837 1797 902 haec
1829 835 1991 900 caritatem
2015 835 2145 912 habete,
2169 833 2253 918 quod
2276 840 2325 900 est
2351 835 2460 900 vincu-

1505 939 1571 1006 lum
1593 939 1792 1024 perfectionis
1808 967 1839 1004 a.

1592 1045 1646 1108 80.
1678 1045 1782 1110 Tertio
1820 1061 1894 1110 vero
1928 1041 2098 1128 approbat,
2131 1043 2204 1126 quia
2239 1041 2362 1110 dilectio
2392 1057 2459 1108 eam
2475 1055 2607 1148 13¹3er

1505 1143 1693 1212 Pborisceo
1711 1145 1929 1230 praeponant:
1951 1145 2182 1230 propterquod
2202 1143 2304 1210 addit:
2321 1143 2385 1210 Cut'
2398 1163 2460 1208 ou·
2515 1165 2573 1198 rau·

1505 1255 1568 1314 tem
1589 1249 1704 1314 minuc
1725 1249 1926 1326 dimittitur,
1944 1249 2062 1314 scilicet
2082 1249 2266 1326 Pharisaeo,
2282 1249 2396 1314 minua
2411 1247 2460 1312 dt'-

1507 1351 1593 1438 lt'qit,
1620 1369 1716 1436 quam
1739 1353 1797 1420 ista
1827 1353 1879 1418 cui
1901 1351 2028 1420 dimissa
2052 1359 2127 1420 sunt
2149 1353 2258 1419 multa.
2284 1353 2320 1418 Et
2341 1351 2385 1418 ita
2420 1369 2460 1418 ex

1506 1457 1566 1520 boc
1589 1455 1805 1534 concluditur,
1830 1455 1911 1540 quod
1939 1457 2028 1540 longe
2065 1458 2136 1540 plus
2156 1475 2253 1540 quam
2276 1457 2461 1522 Pharisaeus

1505 1559 1673 1624 Dominum
1697 1557 1831 1638 amavit,
1853 1567 1887 1624 et
1908 1559 1977 1626 ideo
2001 1559 2136 1642 amplius
2150 1561 2214 1624 Deo
2239 1565 2366 1642 accepta
2387 1557 2460 1636 luit;

1505 1669 1536 1728 et
1559 1669 1725 1744 propterea
1757 1681 1854 1728 ceam
1881 1663 2017 1730 laudavit
2032 1663 2082 1728 vir
2096 1663 2165 1732 eius
2179 1665 2235 1742 ⁹»,
2252 1663 2338 1750 quasi
2357 1665 2462 1732 dicens

1506 1765 1565 1830 sibi
1589 1765 1664 1830 illud
1691 1767 1933 1834 proverbiorum
1955 1767 2082 1832 ultimo:
2114 1793 2130 1824 «
2144 1769 2259 1834 tlultae
2280 1769 2363 1836 filiae
2390 1787 2461 1834 con-

1506 1877 1718 1952 gregaverunt
1740 1867 1882 1948 divitias,
1905 1875 1943 1934 tu
1965 1885 2170 1954 supergressa
2194 1887 2226 1936 es
2251 1873 2414 1936 universas
2431 1895 2460 1948 »;

1507 1969 1582 2054 quia
1607 1995 1625 2028 a
1641 1969 1736 2034 lallax
1760 1971 1878 2056 gratia,
1901 1977 1935 2036 et
1955 1989 2033 2037 vana
2058 1979 2104 2038 est
2128 1973 2325 2056 pulcritud0;
2350 1975 2462 2042 mulier

1507 2071 1621 2140 timens
1645 2071 1827 2152 Dominum,
1851 2073 1919 2158 ipsa
1945 2073 2169 2140 laudabitur».
2186 2111 2229 2122 --
2254 2077 2338 2142 Patet
2354 2077 2460 2160 igitur,
2480 2091 2587 2148 europs.

1506 2177 1662 2260 quomodo
1680 2177 1711 2242 in
1726 2177 1785 2242 hac
1797 2177 1998 2242 conclusione
2010 2177 2166 2244 clauditur
2183 2179 2207 2218 1⁰
2222 2179 2362 2260 perlecta
2378 2197 2460 2246 rum-

1506 2281 1662 2346 meudatio
1677 2287 1710 2346 et
1723 2281 1907 2364 approbatio
1922 2281 2079 2364 diligentis
2093 2288 2203 2348 contra
2216 2281 2368 2348 iudicium
2385 2283 2461 2348 Pha·

1507 2383 1597 2452 risaei
1615 2385 1713 2470 ipsam
1730 2385 1971 2462 contemnentis,
1989 2383 2065 2470 quia
2078 2387 2247 2468 reputabat
2258 2401 2325 2452 eam
2338 2386 2461 2470 plenam

1507 2489 1643 2572 peccatis
1657 2497 1689 2554 et
1705 2505 1835 2556 vacuam
1847 2487 1982 2566 meritis,
2001 2495 2031 2554 et
2047 2489 2091 2554 sic
2106 2489 2235 2556 viluisse
2252 2489 2280 2554 in
2294 2497 2462 2572 conspectu

1507 2593 1635 2678 superni
1659 2593 1779 2658 iudicis.
1813 2593 1900 2676 Quod
1924 2599 2024 2658 totum
2048 2593 2253 2658 exsufflatum
2277 2599 2325 2658 est
2348 2591 2380 2656 in
2403 2591 2462 2658 hac

1508 2699 1722 2776 conclusione,
1748 2715 1822 2764 cum
1836 2697 1903 2782 ipsa
1917 2697 2093 2764 ostenditur
2117 2697 2283 2764 iustificata
2299 2717 2317 2762 a
2336 2703 2462 2780 peccato

1507 2809 1537 2872 ct
1561 2802 1819 2888 multiplicatam
1844 2803 1957 2870 merito
1978 2809 2012 2868 et
2031 2801 2206 2884 anteposita
2228 2803 2402 2866 Pharimeo.

1595 2909 1648 2974 8l.
1672 2909 1710 2974 Et
1731 2913 1823 2986 nota,
1845 2907 1931 2992 quod
1953 2907 1983 2972 in
2018 2907 2078 2974 hac
2104 2907 2304 2975 conclusione
2327 2905 2460 2974 infertur
2480 2921 2585 2966 noann-

1507 3013 1734 3082 commendatio
1758 3013 1932 3080 dilectionis
1955 3013 2069 3078 Christi
2100 3019 2247 3098 respectu
2270 3011 2461 3078 remissionis

1507 3119 1624 3204 peccati
1649 3135 1706 3202 per
1728 3117 1856 3184 modum
1882 3135 2005 3184 tuusne
2027 3125 2058 3184 et
2080 3135 2138 3202 per
2170 3115 2298 3182 modum
2322 3111 2460 3202 effectus.

1507 3223 1593 3290 Unde
1615 3223 1761 3290 remissio
1782 3223 1899 3306 peccati
1919 3223 2162 3306 proemittitur,
2180 3229 2211 3290 et
2227 3223 2370 3290 remissio
2393 3241 2463 3306 pec-

1508 3329 1566 3394 cati
1588 3327 1819 3412 postponitur,
1841 3335 1874 3392 et
1895 3327 2020 3394 dilectio
2046 3327 2278 3412 interponitur.
2306 3327 2355 3394 cst
2380 3327 2461 3394 enim
2480 3339 2629 3438 addidit&

1508 3433 1660 3498 remensia
1691 3431 1792 3516 quoad
1822 3449 1981 3516 poenum,
2009 3437 2037 3498 et
2066 3433 2143 3498 baec
2174 3437 2323 3498 causatur
2345 3449 2364 3496 a
2386 3431 2461 3498 dile·
2480 3445 2555 3490 tertio·

1508 3535 1627 3616 ctione;
1652 3545 1681 3602 et
1706 3537 1807 3622 quoad
1839 3537 1989 3622 culpant,
2015 3541 2044 3602 et
2075 3537 2152 3602 baec
2184 3535 2303 3604 inducit
2326 3535 2463 3604 dilectio

1508 3657 1589 3706 nem.
1613 3643 1650 3706 Et
1673 3657 1787 3706 rursus
1810 3647 1857 3706 est
1881 3639 2007 3706 (tinctio
2029 3637 2181 3724 effectur,
2206 3645 2237 3704 et
2261 3641 2340 3706 hanc
2373 3641 2463 3706 indu-

1508 3741 1549 3808 cit
1575 3743 1689 3826 peocati
1715 3743 1871 3822 remissio,
1896 3743 2069 3810 secundnm
2093 3743 2177 3826 quud
2202 3761 2299 3826 supra
2313 3745 2336 3784 1¹
2361 3750 2464 3810 osten-

1508 3865 1578 3912 sum
1603 3845 1662 3912 fuit
1685 3847 1716 3911 in
1742 3847 1896 3914 Pharisaei
1912 3847 2035 3912 iudicio.
2059 3847 2094 3912 ct
2109 3853 2157 3912 est
2171 3847 2299 3912 dileetio
2316 3843 2463 3930 effectus,

1508 3955 1539 4016 et
1562 3950 1639 4016 haec
1661 3949 1781 4018 inducit
1804 3949 1920 4032 peccati
1948 3949 2159 4016 remissionem
2181 3949 2282 4034 quoad
2303 3967 2463 4034 poenum,

1508 4053 1681 4120 secundum
1706 4053 1788 4138 quod
1812 4053 1969 4138 colligitur
1988 4071 2031 4120 ex
2055 4052 2167 4136 triplici
2189 4051 2361 4120 dilectionis
2384 4053 2463 4118 indi·

1508 4159 1555 4224 cio
1571 4159 1605 4220 ¹².
1630 4159 1716 4224 Unde
1739 4159 1797 4222 ista
1821 4157 1977 4222 conclusio
1994 4161 2147 4240 quantum
2170 4157 2209 4220 ad
2233 4157 2367 4240 primam
2390 4175 2462 4240 par-

1508 4267 1571 4326 tem
1603 4261 1772 4344 respondet
1800 4261 1971 4326 inductioni
1995 4261 2093 4326 lectae
2121 4261 2152 4324 in
2176 4259 2266 4326 bonis
2292 4261 2462 4344 operibus;

1508 4369 1662 4444 quantum
1686 4363 1725 4428 ad
1749 4363 1916 4428 secundam
1943 4365 2108 4444 respondet
2129 4363 2301 4445 quaestioni
2326 4363 2364 4428 de
2386 4363 2463 4430 duo-

1395 4523 1399 4530 .
1508 4465 1569 4528 bus
1583 4465 1778 4530 debitoribus
1799 4473 1832 4530 et
1847 4465 2016 4548 respondet
2033 4465 2129 4530 simul
2144 4465 2291 4532 omnibus
2315 4465 2463 4550 praemis-

1508 4567 1559 4632 sis.
1590 4603 1630 4612 -
1659 4567 1761 4650 Super
1783 4567 1843 4632 boc
1865 4567 1959 4634 etiam
1980 4567 2171 4632 advertenda
2195 4575 2241 4634 cst
2269 4567 2384 4634 Christi
2406 4587 2463 4634 sc·
2482 4583 2563 4626 curisti
2576 4593 2610 4624 sa·

1505 4669 1632 4754 pientia
1654 4669 1686 4732 in
1710 4669 1911 4752 approbando
1927 4671 2150 4752 peccatricem,
2167 4687 2263 4754 quam
2280 4671 2464 4738 Pharisaeus
2506 4633 2593 4690 ‘'¹⁰⁰⁸‘ae

1507 4773 1777 4840 condemnaverat.
1801 4773 1959 4858 approbat
1988 4791 2057 4840 eam
2081 4791 2124 4840 ex
2146 4773 2225 4840 datis
2249 4793 2268 4840 a
2300 4775 2463 4840 Pharisaeo

1506 4882 1538 4942 et
1552 4893 1596 4942 ex
1610 4877 1767 4942 concessis
1779 4877 1816 4954 ¹³,
1840 4877 1952 4942 deinde
1966 4895 2009 4942 ex
2024 4877 2197 4942 manifestis
2212 4875 2346 4954 indiciis;
2363 4877 2464 4960 primo

1506 4981 1595 5064 quasi
1619 4981 1846 5066 syllogizando,
1871 4981 2009 5048 secundo
2031 4981 2120 5064 quasi
2147 4981 2338 5058 inducend03
2362 4981 2464 5066 primo

1505 5085 1537 5150 in
1560 5085 1716 5168 generali,
1739 5085 1878 5152 secundo
1908 5085 1940 5150 in
1964 5083 2088 5166 speciali
2097 5107 2106 5162 ;
2138 5085 2241 5168 primo
2269 5083 2463 5170 parabolice,

1505 5187 1644 5254 secundo
1672 5205 1833 5272 expresse.
1864 5191 1906 5254 ld
1940 5189 2145 5254 haecomnia
2174 5189 2340 5272 respondet
2368 5187 2465 5254 illatio

1505 5293 1714 5360 conclusionis
1736 5293 1935 5376 praemissae.
2486 5323 2567 5374 struo,
2581 5323 2608 5366 n

1595 5397 1648 5460 82.
1672 5397 1774 5478 (vers.
1806 5399 1885 5476 ta).
1919 5397 2011 5464 Ducit
2039 5405 2151 5464 cuum
2184 5397 2229 5462 ud
2261 5395 2361 5464 idum.
2394 5397 2464 5462 Post
2475 5373 2629 5470 {ii'd'dddff

2482 5475 2612 5532 poenitentis

2522 5529 2572 5572 tria.

1505 5893 1552 5946 pro
1574 5879 1680 5932 rt'trrt'sse
1700 5881 1833 5934 substituit
1856 5881 1973 5946 certasse,
2000 5881 2143 5934 Dricuse.
2166 5879 2285 5934 Subinde
2309 5893 2356 5944 pro
2376 5879 2463 5932 ntrtltt'·

1499 5965 1604 6034 plicatu
1625 5965 1839 6034 Durttplificatu.

1575 6049 1596 6082 ¹¹
1615 6051 1692 6104 Num.
1711 6051 1755 6102 rt.
1773 6067 1848 6118 seqq.
1859 6077 1896 6090 -·-
1908 6053 1965 6104 Vat
1984 6053 2059 6118 tegit:
2080 6051 2154 6106 Unde
2165 6049 2271 6106 dihctio
2288 6049 2391 6118 carpten
2408 6055 2461 6106 cst:

1502 6135 1591 6192 attero
1609 6139 1731 6206 effectus,
1750 6141 1776 6190 et
1792 6137 1863 6190 hunc
1883 6137 2030 6190 introducit
2040 6137 2163 6190 rnnnsto
2178 6137 2283 6204 pcccati
2301 6139 2393 6206 qrrocd
2408 6137 2463 6190 cul·

1502 6239 1582 6294 pum,
1600 6223 1749 6278 sectandum
1769 6223 1841 6292 quod
1856 6235 1945 6292 surpra
1964 6225 2100 6278 astercum
2117 6229 2158 6278 est
2180 6239 2217 6278 eu·
2237 6223 2379 6278 Pharnaci
2397 6223 2462 6276 tudi-

1502 6309 1551 6366 cio.
1574 6307 1667 6364 attera
1684 6313 1724 6362 eat
1742 6307 1845 6362 dilectu
1864 6307 1991 6376 affectata,
2014 6313 2037 6362 et
2056 6309 2122 6362 nnec
2141 6315 2190 6362 etc.

1575 6395 1596 6426 ¹¹
1616 6397 1701 6460 Supra
1721 6409 1746 6446 n.
1767 6395 1807 6446 75.
1829 6409 1917 6460 seqq,
1938 6395 1981 6446 ubi
2001 6397 2081 6448 etiam
2107 6395 2225 6450 inductio
2249 6397 2283 6448 de
2309 6395 2463 6448 benevolen-

1502 6487 1552 6536 tiae
1572 6481 1712 6548 uperibus,
1730 6483 1777 6534 etr.
1795 6495 1875 6546 supra
1895 6481 1972 6532 etiem
1991 6495 2019 6534 n.
2037 6483 2081 6536 67.
2099 6481 2144 6534 78.

1573 6567 1596 6598 ¹³
1613 6571 1675 6622 Stre
1688 6583 1721 6620 ex
1733 6573 1892 6634 argumento
1903 6567 1940 6620 ud
1958 6567 2109 6634 inmittam
2123 6571 2168 6620 etr.
2181 6569 2298 6634 inient,
2313 6569 2460 6622 limenun.

1502 6667 1526 6706 c.
1538 6655 1563 6706 3.
1578 6655 1611 6720 (c.
1625 6653 1693 6720 22),
1714 6659 1737 6706 et
1757 6661 1820 6706 tom.
1841 6655 1855 6706 Ι.
1882 6667 1943 6720 pag.
1967 6655 2028 6718 rot,
2039 6661 2099 6708 nota
2117 6655 2157 6708 ll.
2168 6661 2196 6708 et
2209 6669 2270 6720 pag.
2287 6655 2344 6718 tat,
2363 6661 2422 6708 nota
2438 6657 2463 6708 6.

1500 6741 1588 6794 -De
1604 6739 1763 6810 sytuqnnn
1784 6749 1809 6796 et
1832 6739 1983 6796 iuductrbne
2002 6743 2065 6796 vide
2083 6743 2202 6808 aristot,
2219 6745 2249 6796 11.
2274 6743 2355 6796 Prior.
2376 6757 2400 6796 c.
2417 6745 2462 6796 23.

1501 6829 1537 6896 (c.
1556 6829 1620 6894 ab).
1640 6855 1674 6868 -
1693 6829 1820 6894 Superius
1839 6835 1899 6896 post
1912 6829 2091 6896 peccatricem
2109 6833 2169 6884 vat.
2187 6831 2262 6886 addit
2275 6829 2463 6898 poeru'teutem.
