5908 8266
788 611 849 670 ECL
1162 527 1202 596 IN
1224 525 1518 596 colluthinatos
1540 525 1572 592 S.
1595 525 1822 596 sententiata
2141 617 2201 670 aba
2426 515 2489 588 766

497 697 684 766 approbando,
697 701 908 770 6161166161666,
926 701 955 754 id
973 707 1014 756 est
1030 713 1093 754 rere
1113 707 1142 754 et
1175 701 1253 756 intrat
1271 715 1320 770 per
1337 707 1442 770 portam
1460 701 1586 756 humilem
1603 703 1680 768 regni
1699 701 1817 756 caelestis
1850 701 1945 768 spiritu
1964 703 2016 754 608
2036 701 2069 756 16
2080 732 2118 742 -
2131 705 2199 758 lusto
2210 709 2251 758 est
2268 703 2428 770 porrigenda
2441 715 2494 756 ma·

497 789 638 854 assertive,
662 791 843 844 universaliter
867 797 895 844 et
913 789 1045 856 absolute;
1073 803 1141 856 quae
1175 791 1209 842 111
1226 791 1278 842 628
1298 807 1326 846 v.
1343 791 1361 844 6
1381 821 1415 832 -
1435 791 1547 846 maxime
1566 791 1686 856 displicet
1703 791 1759 842 6166
1771 787 1815 842 Vll
1850 803 1901 844 nus
1919 803 1966 856 per
1986 793 2181 856 eleemosynam
2201 791 2234 842 116
2254 793 2286 846 60
2306 809 2331 848 v.
2351 793 2385 846 21
2401 821 2440 830 -
2458 793 2494 846 16·

497 875 561 930 61611
587 877 685 930 ironice
713 883 737 932 et
766 879 900 932 recitative
929 877 993 932 dicit
1016 877 1049 930 ad
1079 877 1141 930 alio·
1176 877 1279 932 66613
1850 879 1946 932 616666
1971 885 2012 932 est
2034 881 2183 944 peregrinis
2207 885 2235 932 et
2262 881 2374 936 advenis
2399 883 2435 934 88
2462 895 2491 934 v.

497 979 557 1018 rum
587 967 785 1022 detestationem
812 965 927 1022 1111.-
951 967 1082 1034 quaedam
1100 965 1142 1020 di·
1228 967 1364 1022 686666-
1378 969 1410 1022 66
1424 981 1536 1034 regnum
1550 965 1595 1020 liei
1610 971 1671 1022 sunt
1690 967 1768 1034 pauci
1781 967 1816 1020 116
1853 967 1923 1018 l-
1943 965 2060 1020 iacienda
2086 971 2127 1020 est
2153 963 2316 1034 pauperibus
2339 977 2366 1022 et
2390 969 2493 1022 alilictis

497 1055 534 1108 cit
560 1055 595 1110 ad
623 1055 664 1108 sui
695 1055 929 1122 approbationem,
960 1055 1091 1124 quaedam
1113 1055 1141 1110 in
1175 1055 1309 1110 337112.
1333 1055 1385 1108 128
1412 1055 1664 1110 22-816616666
1690 1067 1817 1108 litllileius
1850 1053 1958 1122 61116.,2

497 1143 609 1198 aliorum
635 1145 858 1210 comparationem
888 1151 912 1198 et
940 1145 1140 1200 detestationem
1175 1145 1224 1196 erit
1244 1145 1374 1210 perlectus
1392 1145 1435 1198 1166
1455 1145 1507 1196 376
1527 1145 1560 1196 63
1903 1173 1941 1184 -
1958 1159 2010 1196 666
2029 1145 2170 1196 tribuenda
2188 1151 2225 1196 est
2245 1145 2270 1198 in
2291 1149 2427 1198 thesauros
2444 1151 2493 1198 ter·

497 1231 801 1300 told-omnaque
820 1233 963 1286 concordat
977 1235 1140 1288 damnationi
1224 1231 1817 1300 Ἰ-16616666611161616616616666116
1851 1245 1945 1300 renos,
1962 1233 2011 1286 sed
2027 1231 2315 1286 caelaratcelarat
2333 1261 2370 1274 ·-
2387 1247 2439 1286 non
2453 1239 2494 1286 est

499 1323 687 1376 sententiarum
713 1323 858 1384 fatuorum,
885 1321 1041 1388 carnalium,
1067 1337 1142 1376 mun·
1175 1321 1440 1376 32867--166661
1456 1321 1490 1376 ad
1509 1323 1611 1376 Patrem
1631 1335 1679 1388 per
1691 1321 1770 1376 tidem
1790 1325 1818 1374 et
1851 1323 1940 1376 danda
1959 1327 2070 1388 propter
2091 1333 2217 1390 praesens
2237 1325 2421 1386 commodum,
2444 1323 2493 1376 sed

500 1409 645 1476 danorum,
662 1409 726 1462 dicit
744 1409 896 1476 inproprie
920 1425 1047 1478 persona,
1068 1413 1140 1482 quod
1175 1411 1341 1466 dilectionem
1361 1409 1396 1466 ib.
1414 1411 1621 1464 68-6616166
1634 1409 1817 1466 electionavo
1851 1411 2002 1478 praemium
2014 1415 2161 1476 aeternum,
2183 1423 2237 1462 666
2249 1415 2357 1478 propter
2375 1409 2494 1466 taberna·

499 1513 564 1552 raro
583 1499 727 1562 discordat,
746 1499 775 1552 in
791 1513 905 1564 persona
923 1503 1064 1556 61166668
1083 1503 1138 1570 (1.3
1175 1503 1224 1556 cati
1244 1505 1304 1554 suut
1323 1499 1400 1552 etiam
1419 1499 1538 1552 nondum
1555 1499 1659 1552 661163
1682 1499 1816 1554 610-
1850 1503 1941 1556 oolam
1959 1499 2160 1564 transiens‚sed
2180 1505 2313 1552 aeternum
2332 1499 2442 1554 1116608
2458 1501 2492 1552 16

499 1595 737 1656 -quaecumque
757 1589 833 1658 dicit,
851 1589 877 1642 in
896 1603 1009 1658 persona
1030 1591 1139 1658 propria
1174 1591 1222 1644 Per
1235 1595 1369 1644 aeternam
1383 1589 1533 1642 electionem
1546 1589 1622 1640 electi
1634 1587 1695 1642 sunt
1707 1589 1815 1640 1161671
1904 1619 1942 1630 --
1970 1591 2156 1656 Eleemosynae
2187 1589 2348 1642 conditiones
2365 1593 2493 1656 ¹quatuor

472 1663 474 1668 ’
500 1675 576 1742 61616,
594 1677 726 1744 quaedam
744 1685 832 1733 autem
851 1693 927 1748 vere,
947 1681 1078 1748 quaedam
1091 1679 1140 1732 iro
1179 1681 1209 1734 13
1220 1705 1260 1718 -
1275 1685 1337 1730 sunt
1349 1677 1395 1730 Dei
1407 1677 1453 1730 6111
1471 1691 1519 1742 per
1536 1678 1692 1730 electionem
1710 1677 1757 1730 621
1780 1677 1816 1730 66
1851 1681 1896 1736 vll
1913 1679 1948 1734 76
1967 1681 2002 1732 26
2021 1689 2058 1722 -’
2069 1679 2177 1748 qnando
2190 1677 2222 1730 sit
2236 1679 2354 1732 16616666
2373 1691 2403 1730 ex
2417 1691 2493 1744 prae-

499 1765 556 1832 nice
578 1765 609 1818 63
629 1781 655 1834 q.
674 1769 691 1818 2
710 1793 745 1808 ·-
763 1769 895 1836 quaedam
912 1769 975 1824 dicit
991 1769 1141 1836 approbari·
1227 1797 1266 1806 --
1281 1763 1401 1818 Christus
1418 1763 1497 1818 trahit
1515 1767 1548 1818 ad
1568 1777 1595 1816 se
1609 1779 1701 1820 omnes
1718 1769 1816 1818 eleetos
1851 1775 1942 1836 copto,
1959 1769 2068 1836 quando
2085 1781 2118 1820 ex
2135 1767 2245 1822 consitio
2263 1767 2298 1822 16.
2317 1769 2351 1820 27
2371 1795 2404 1808 -
2424 1769 2493 1820 Dare

500 1855 548 1918 do,
569 1855 701 1922 quaedam
719 1859 870 1924 recitando,
890 1859 961 1926 quod
980 1859 1037 1924 ipse
1056 1859 1140 1910 itale·
1175 1855 1209 1906 Vl
1229 1853 1276 1906 626
1301 1853 1335 1904 66
1346 1877 1384 1892 ·-
1395 1851 1513 1904 Christus
1530 1857 1587 1904 orat
1599 1865 1648 1916 pro
1661 1853 1751 1904 clectis
1764 1853 1816 1904 670
1851 1871 1899 1910 sua
1911 1857 2074 1922 pauperibus
2085 1863 2127 1910 est
2138 1857 2299 1910 necessitatis
2317 1861 2443 1924 quantum
2457 1857 2493 1910 ad

410 1933 411 1936 '
500 1943 566 2000 cerit
584 1949 608 1998 et
628 1943 782 2010 cogitaverit
798 1945 862 2002 ibid.
1177 1943 1210 1994 66
1227 1969 1265 1980 --
1282 1953 1336 1992 666
1364 1943 1474 2004 possunt
1503 1939 1561 2004 rapi
1579 1939 1690 1994 finaliter
1708 1941 1760 1992 333
1779 1939 1815 1992 at
1851 1957 1951 2008 omnes,
1970 1945 2077 2012 quando
2090 1951 2151 1998 sunt
2170 1945 2195 1996 in
2209 1949 2325 1998 extrema
2338 1947 2493 2000 necessitate

554 2063 590 2072 -
606 2033 701 2090 bladus
727 2037 891 2100 procedendi
908 2035 936 2086 in
962 2033 1029 2088 libro
1057 2033 1141 2086 666616-
1175 2057 1211 2070 -
1229 2031 1304 2082 Pater
1322 2027 1409 2080 electis
1428 2027 1482 2080 suis
1502 2041 1555 2080 666
1573 2027 1699 2092 permittit
1718 2027 1816 2082 116166-
1852 2027 2010 2084 11138121

500 2123 595 2176 siastae
622 2129 660 2174 est
687 2123 828 2184 singularis
853 2123 919 2174 inter
946 2135 1038 2176 omnes
1060 2117 1142 2174 libros
1177 2119 1239 2172 tiam
1259 2115 1315 2168 lieri
1333 2113 1472 2168 66166666
1493 2117 1659 2168 intentando
1680 2115 1712 2168 ib.
1734 2117 1767 2168 66
1903 2148 1941 2158 -
1958 2121 2067 2184 proprie
2084 2119 2153 2172 dicta
2174 2125 2211 2174 est
2223 2123 2257 2174 de
2275 2123 2389 2188 eoquod
2402 2135 2493 2186 super·

501 2223 591 2264 sacrae
609 2211 761 2274 Scripturas
780 2213 813 2264 Vl
836 2211 867 2264 63
888 2227 912 2278 q.
933 2213 949 2264 2
967 2237 1004 2250 -
1022 2207 1142 2276 procedit
1227 2201 1606 2270 ψ636106666666666666
1620 2203 1651 2254 111
1666 2201 1716 2256 663
1733 2205 1765 2256 32
1779 2231 1816 2244 -
1852 2211 1891 2258 est
1910 2207 1953 2260 1111
1979 2205 2030 2258 316
2051 2209 2083 2258 82
2103 2233 2138 2246 -
2157 2207 2296 2270 Superllna
2324 2215 2493 2274 amputantur

502 2305 627 2366 tanquam
647 2297 816 2354 concionatur
834 2301 1020 2366 persuadendo
1037 2303 1065 2350 et
1082 2311 1141 2362 pro
1176 2297 1275 2349 ratione
1294 2291 1481 2346 fructuositatis
1493 2297 1565 2346 recto
1576 2297 1762 2358 comparantur
1774 2291 1818 2344 tri·
1852 2309 1899 2360 per
1919 2291 2102 2360 eleemosynae
2114 2295 2277 2360 largitionem
2299 2295 2330 2348 116
2352 2297 2402 2350 663
2422 2297 2439 2348 7
2456 2325 2494 2336 -

501 2387 591 2442 bando
611 2387 645 2440 66
656 2401 684 2440 v.
704 2391 768 2440 2-
779 2389 899 2454 procedit
915 2387 996 2442 modo
1016 2385 1141 2452 singulari
1178 2385 1227 2438 tico
1247 2381 1290 2436 Vll
1311 2381 1342 2432 80
1366 2381 1393 2434 61
1852 2385 2022 2450 superfluum
2035 2381 2190 2436 donandum
2207 2389 2249 2436 est
2260 2387 2304 2438 cni
2322 2391 2493 2438 estnecessa·

503 2483 531 2530 ut
548 2477 729 2540 concionator,
746 2477 911 2532 diversorum
925 2477 1065 2530 sententias
1083 2489 1143 2540 pro·
1229 2467 1516 2534 —congregabuntur
1540 2471 1576 2522 ad
1592 2467 1724 2524 Christum
1745 2467 1818 2522 ‘sieut
1852 2473 1923 2528 rium
1941 2471 1967 2524 16
1985 2473 2180 2538 eleemosynam
2197 2471 2242 2526 1166
2259 2471 2296 2524 76
2314 2471 2362 2540 26,
2381 2473 2415 2526 26
2444 2467 2446 2474 ‘

502 2567 626 2634 ponendo
658 2567 672 2618 6
705 2579 774 2618 a·-
791 2567 911 2632 procedit
944 2567 1019 2634 quasi
1048 2567 1142 2630 dispu·
1177 2561 1211 2616 ad
1229 2573 1293 2614 suae
1318 2559 1464 2612 relectionis
1489 2557 1678 2614 abundantiam
1703 2555 1817 2612 1161667
1904 2591 1941 2602 -
1958 2561 2048 2614 danda
2066 2567 2106 2614 est
2123 2561 2157 2612 de
2177 2561 2282 2626 propria
2303 2561 2493 2616 substantiaVl

503 2657 583 2708 tando
600 2669 687 2722 usque
704 2655 735 2708 66
757 2657 836 2710 linem
855 2655 913 2708 libri
934 2657 949 2708 8
968 2669 994 2722 q.
1012 2657 1030 2708 3
1049 2681 1086 2694 --
1103 2669 1142 2706 er·
1178 2653 1210 2706 62
1229 2649 1512 2716 -congregabuntur
1535 2649 1569 2702 ad
1593 2645 1713 2704 Verbum
1737 2649 1818 2700 incar·
1853 2651 1887 2704 76
1906 2651 1941 2704 26
1954 2651 2053 2702 -Pro
2070 2651 2236 2714 eleemosyna
2250 2651 2367 2704 dandum
2381 2657 2422 2704 est
2434 2665 2493 2718 pro·

503 2759 591 2798 rorem
609 2747 702 2798 rolens
718 2745 861 2812 reprobare
881 2743 955 2812 prins
971 2745 1041 2798 illum
1064 2743 1142 2808 erpli-
1178 2747 1266 2794 natum
1285 2737 1562 2804 perardentissimum
1574 2739 1750 2804 desiderium,
1762 2735 1818 2790 lim·
1853 2741 1953 2806 prium,
1973 2753 2025 2792 non
2048 2739 2160 2792 alienum
2187 2741 2219 2790 83
2240 2753 2265 2792 v.
2286 2741 2297 2792 1
2319 2769 2356 2780 -
2374 2741 2493 2792 iacienda

504 2837 558 2900 661,
579 2835 750 2898 postmodum
769 2835 880 2888 destruit
896 2831 959 2886 ibid.
1178 2829 1344 2898 pidissimnm
1364 2829 1521 2892 contuitum,
1545 2827 1743 2894 sapidissimum
1771 2841 1818 2894 gu·
1853 2835 1892 2882 est
1910 2827 2073 2892 6661161116,
2092 2841 2160 2896 quae
2180 2827 2248 2880 iusto
2266 2829 2339 2882 titulo
2360 2829 2493 2894 possiden·

557 2951 592 2960 -
609 2921 636 2974 16
656 2923 708 2974 666
733 2923 792 2976 libri
820 2923 863 2976 dat
890 2921 1043 2976 sententiam
1073 2921 1140 2972 Vis
1177 2927 1248 2974 stum
1260 2923 1284 2972 et
1297 2933 1345 2984 per
1355 2923 1456 2972 motum
1469 2917 1743 2972 amorisexcessivum
1754 2915 1816 2970 1016.
1853 2923 1895 2974 tnr
1914 2917 1957 2972 vlt
1978 2917 2026 2970 608
2051 2915 2081 2970 16
2101 2945 2136 2956 -
2154 2915 2287 2984 Aequisita
2313 2915 2493 2972 distribuenda

504 3025 529 3080 q.
555 3013 624 3062 3·—
645 3011 753 3064 damnat
779 3025 872 3066 omnes
895 3011 1035 3064 sententias
1061 3003 1143 3062 66166·
1230 3035 1266 3048 -·
1283 3011 1343 3074 post
1361 3009 1579 3062 resurrectionem
1599 3015 1677 3060 66161
1698 3005 1817 3060 renovati
1853 3015 1914 3062 sunt
1933 3023 1980 3074 per
1999 3007 2192 3074 eleemosynam
2210 3007 2245 3060 Vl
2263 3009 2298 3060 32
2316 3023 2341 3060 v.
2360 3009 2493 3062 3-666

504 3113 579 3164 rum,
596 3099 741 3154 carnalium
762 3107 786 3152 et
806 3101 1001 3154 arundanorunr
1026 3097 1089 3152 thid.
1108 3127 1143 3136 ·-
1178 3099 1212 3152 ad
1229 3097 1339 3152 modum
1354 3099 1458 3164 aquilae
1470 3097 1515 3152 Vll
1533 3097 1584 3152 668
1604 3099 1638 3150 62
1651 3127 1689 3136 -
1700 3095 1818 3152 Christus
1853 3103 1892 3152 est
1910 3097 2028 3152 sarienda
2043 3099 2076 3152 de
2096 3109 2127 3150 66
2144 3095 2218 3164 qnod
2232 3097 2292 3164 quis
2309 3111 2355 3164 per
2369 3097 2493 3162 rapinam

505 3185 583 3240 Liber
600 3189 835 3242 Ecclesiastaenon
851 3179 1143 3254 potestsciri‚nisiau·
1178 3187 1314 3242 resuscitat
1337 3189 1434 3242 electos
1451 3187 1485 3240 66
1510 3193 1632 3240 aeternae
1648 3185 1818 3240 beatitudiuis
1854 3193 1880 3242 et
1896 3187 2060 3254 iniquitatem
2087 3185 2230 3254 acquisivit
2247 3192 2271 3241 61
2297 3187 2390 3242 iniusto
2420 3187 2493 3240 titulo

505 3275 672 3328 diaturtotus
686 3275 747 3330 ibid.
767 3305 801 3318 ·—
821 3275 897 3330 Liber
912 3277 1081 3330 Ecclesiastae
1099 3277 1143 3328 Sa·
1178 3275 1404 3342 participationem
1424 3277 1522 3330 11328
1543 3275 1577 3326 61
1589 3275 1686 3328 -soli
1703 3289 1717 3328 a
1736 3281 1818 3328 morte
1853 3277 1970 3344 possidet
1991 3277 2031 3330 vn
2054 3277 2103 3328 618
2124 3275 2156 3328 tt

405 3377 410 3388 ⁹
472 3401 473 3404 ,
505 3365 616 3418 lomonis
636 3365 682 3417 1611
701 3365 888 3428 poenitentiam
905 3365 1008 3428 agentis
1025 3361 1060 3418 66.
1079 3365 1140 3430 666
1180 3365 1299 3416 miseriae
1323 3365 1509 3418 resuscitantur
1527 3365 1575 3416 661
1598 3381 1626 3416 v.
1644 3365 1674 3416 26
1699 3393 1733 3404 -
1752 3367 1818 3416 luter
1906 3395 1942 3404 --
1959 3365 2130 3418 abundanter
2154 3365 2200 3418 dat
2228 3365 2421 3432 eleemosynam
2447 3365 2493 3432 qui

506 3479 539 3490 -
551 3455 581 3504 ln
593 3451 745 3506 Ecclesiaste
758 3455 882 3506 Salomon
894 3453 968 3518 quasi
982 3457 1143 3504 narratsuas
1179 3453 1274 3504 electos
1292 3457 1320 3504 et
1336 3451 1464 3518 reprobos
1482 3455 1521 3504 est
1535 3467 1663 3518 tnagnum
1683 3455 1762 3504 chaos
1775 3451 1818 3504 1111
1854 3455 1898 3508 661
1917 3467 2014 3520 magno
2033 3455 2236 3508 666661161621
2261 3455 2277 3506 6
2297 3483 2331 3494 -
2350 3455 2436 3506 danda
2454 3459 2495 3506 est

505 3539 660 3592 tentationes
680 3539 713 3592 63
731 3555 760 3606 q.
778 3543 792 3594 2
815 3569 848 3578 -
866 3545 905 3592 est
916 3539 992 3606 quasi
1012 3539 1142 3606 quaedam
1181 3539 1230 3592 623
1252 3539 1283 3590 66
1855 3557 1885 3596 er
1904 3541 2049 3596 abundanti
2061 3541 2095 3596 lh.
2114 3543 2177 3596 5-
2189 3541 2275 3594 danda
2290 3547 2328 3596 est
2346 3541 2493 3596 secundum

506 3627 640 3680 meditatio
658 3629 805 3680 Salomonis
824 3627 885 3680 61116.
1233 3629 1338 3680 Faecrro
1350 3657 1387 3670 -
1400 3629 1502 3694 Eligere
1513 3635 1553 3682 est
1565 3629 1706 3692 sapientiae
1718 3629 1753 3680 Vl
1766 3629 1818 3682 172
1856 3629 2052 3696 possibilitatem
2066 3631 2162 3682 viriam
2183 3631 2214 3682 116
2235 3633 2267 3682 88
2288 3647 2314 3684 v.
2333 3633 2397 3682 2-
2416 3629 2495 3684 liben-

557 3715 1144 3784 -Τ616311616611666661661666166616666
1181 3731 1206 3770 v.
1226 3717 1243 3770 5
1262 3745 1296 3758 ·—
1316 3721 1341 3770 ln
1362 3719 1487 3770 electione
1512 3719 1629 3770 consistit
1644 3717 1767 3770 meritum
1793 3719 1820 3770 li·
1857 3726 1893 3773 ter
1920 3719 2036 3772 iacienda
2056 3725 2093 3772 ast
2107 3717 2139 3772 10.
2158 3733 2185 3770 v.
2204 3719 2214 3770 l
2235 3721 2367 3772 -Homo
2379 3735 2432 3772 666
2449 3719 2494 3772 66-

506 3819 564 3858 csse
583 3805 722 3858 vanitatem
744 3805 909 3860 113768
935 3835 968 3842 -
993 3807 1062 3860 Finis
1085 3805 1143 3860 libri
1181 3803 1821 3872 6611666116166330-666611166666611-
1856 3809 1899 3860 bel
1919 3809 2021 3860 tardare
2035 3809 2061 3862 16
2075 3809 2192 3860 iacienda
2207 3809 2374 3874 eleemosyna
2387 3809 2421 3860 89
2435 3809 2494 3862 ni

506 3893 675 3946 Ecclesiastae
692 3899 729 3946 est
743 3895 835 3948 mandi
847 3900 1014 3960 contemptus
1026 3901 1053 3948 et
1065 3895 1144 3950 solius
1182 3895 1269 3962 gimus
1287 3895 1443 3960 Dominum,
1460 3897 1509 3950 sed
1526 3897 1663 3962 supposita
1680 3895 1821 3962 praedesti·
1859 3923 1892 3936 —-
1910 3897 1998 3950 danda
2016 3903 2067 3962 est,
2086 3899 2151 3950 dum
2173 3903 2276 3962 tempus
2296 3903 2333 3950 est
2353 3897 2416 3952 1116.

408 3993 409 3996 ’
508 3981 1146 4052 6161666611066,62-616166166136-
1181 3983 1284 4038 natione
1302 3985 1434 4038 vocationi
1448 3985 1633 4038 consentiendo
1651 3983 1712 4040 lala.
1911 4015 1944 4024 —
1964 3985 2114 4040 marrisestat
2130 3985 2235 4052 pietatis
2252 3989 2373 4040 allectum
2386 3985 2494 4040 1161608

479 4097 481 4100 ·
508 4072 1144 4138 61666616666166616661666666666666
1235 4103 1269 4112 -
1288 4073 1359 4126 Deus
1378 4073 1450 4138 eligit
1466 4073 1502 4126 ad
1518 4073 1758 4126 remunerationem
1777 4085 1820 4126 ae*
1859 4073 1890 4130 16
1911 4075 1999 4128 —ab
2022 4075 2145 4130 omnibus
2166 4077 2221 4128 lieri
2241 4081 2326 4142 potest
2345 4077 2390 4128 621
2419 4077 2433 4130 6
2458 4103 2493 4114 *-

560 4159 677 4212 -Libri
692 4161 860 4214 Ecclesiastae
873 4167 964 4214 auctor
976 4175 1040 4226 prae
1053 4161 1146 4214 ceteris
1183 4169 1283 4214 ternam
1302 4163 1335 4216 Vl
1357 4163 1402 4216 661
1428 4163 1459 4214 23
1477 4191 1515 4202 -
1533 4163 1578 4214 Est
1589 4163 1680 4216 electio
1699 4163 1731 4214 ad
1747 4175 1821 4228 prae·
1859 4167 1904 4216 Per
1925 4165 2119 4232 eleemosynam
2136 4169 2223 4230 potest
2241 4165 2348 4232 intelligi
2361 4163 2496 4232 quodlibet

507 4247 704 4302 convenientior
721 4251 770 4304 luit
787 4251 909 4302 Salomon
930 4251 945 4302 6
964 4263 979 4302 6
1183 4257 1281 4304 sentem
1295 4253 1449 4316 dignitatem
1461 4259 1489 4304 et
1506 4251 1539 4304 ad
1554 4257 1688 4304 aeternam
1701 4253 1820 4304 solemni·
1858 4267 1927 4318 opus
1945 4253 2138 4306 misericordiae
2158 4253 2293 4306 ordinatae
2311 4255 2362 4306 303
2381 4253 2416 4306 82

559 4365 594 4376 -·
612 4341 705 4388 tractat
716 4337 750 4388 de
764 4337 948 4404 praesentibus
958 4353 1013 4390 666
1024 4337 1076 4390 sub
1088 4351 1146 4404 spc-
1184 4339 1331 4392 1611616623
1352 4337 1547 4392 26-6166166
1566 4341 1821 4392 omneselectisunt
1910 4373 1945 4380 -—
1964 4343 2106 4406 spiritualis
2133 4343 2250 4394 consistit
2276 4343 2303 4394 16
2327 4341 2497 4394 instructione

507 4427 545 4478 cie
566 4425 642 4490 boni,
665 4439 717 4492 qna
744 4429 889 4490 attrahunt,
911 4427 959 4480 sed
983 4427 1032 4486 sub
1058 4427 1145 4492 specie
1183 4427 1216 4480 ad
1235 4427 1346 4494 gratiam
1362 4427 1412 4478 616
1427 4443 1453 4482 v.
1472 4427 1555 4480 tc-
1568 4427 1636 4480 Deus
1653 4427 1733 4492 elegit
1746 4441 1821 4494 prae·
1859 4429 1970 4496 proximi
1991 4431 2021 4482 116
2042 4433 2074 4482 31
2095 4445 2121 4482 v.
2138 4429 2204 4480 7-
2225 4435 2310 4496 potest
2329 4431 2379 4484 dici
2392 4435 2496 4484 scutum

505 4515 579 4580 vani,
602 4527 655 4582 qua
679 4519 883 4568 contemnuntur
906 4517 941 4568 Vl
964 4517 978 4568 6
1003 4531 1074 4568 6-
1090 4517 1145 4582 agit
1182 4517 1335 4570 destinando
1362 4523 1387 4568 61
1415 4517 1584 4582 postmodnm
1613 4515 1684 4580 eligit
1710 4529 1741 4570 ex
1764 4517 1821 4568 aliis
1858 4517 1992 4584 spirituale
2009 4519 2061 4570 226
2081 4521 2110 4570 21
2139 4545 2176 4558 —-
2199 4517 2406 4584 significatoria
2426 4529 2496 4570 acce·

506 4605 538 4658 de
556 4619 646 4658 rerum
664 4605 842 4668 praesentium
859 4603 1019 4658 vanitatibus
1036 4603 1144 4658 thta.-·
1182 4607 1304 4660 vocando
1325 4605 1430 4658 66330
1449 4607 1573 4658 -0666
1599 4607 1637 4658 sic
1660 4605 1734 4670 eligit
1757 4619 1820 4670 nos,
1858 4607 1946 4672 pliona
1963 4621 2100 4660 ramorum
2119 4607 2171 4660 636
2195 4621 2223 4660 v.
2244 4609 2275 4660 13
2297 4637 2330 4646 -
2349 4615 2386 4662 est
2406 4621 2496 4662 ramus

506 4697 531 4748 ln
543 4693 698 4748 Ecclesiaste
715 4693 825 4748 docetur
837 4695 983 4760 praesentia
998 4701 1144 4748 contemne·
1182 4701 1209 4748 nt
1227 4709 1275 4760 per
1288 4697 1381 4748 merita
1399 4695 1460 4748 iidei
1473 4693 1661 4756 beatitudinem
1679 4709 1820 4760 consequa·
1858 4695 2496 4762 6661666616666666666666616666611611616111.

506 4795 534 4834 re
554 4783 571 4836 6
591 4781 623 4832 13
644 4783 721 4860 —ln
741 4781 810 4836 libro
828 4783 997 4838 Ecclesiastae
1018 4781 1144 4836 docentur
1182 4799 1243 4836 mur
1261 4787 1314 4838 328
1332 4787 1367 4836 60
1910 4783 2013 4852 -Qui
2033 4785 2181 4838 totumdat
2207 4789 2235 4838 61
2255 4787 2318 4838 nihil
2347 4785 2395 4838 sibi
2416 4799 2496 4838 reser·

506 4871 639 4924 contemni
663 4871 827 4940 voluptates,
844 4871 962 4936 divitiae,
982 4875 1094 4924 honores
1120 4877 1144 4924 et
1235 4903 1269 4912 —-
1288 4875 1398 4942 Quando
1418 4875 1488 4928 salus
1505 4871 1596 4940 populi
1613 4875 1710 4940 pendet
1728 4889 1760 4926 ex
1778 4873 1821 4926 all·
1859 4879 1902 4928 vat
1922 4875 2010 4940 implet
2029 4875 2167 4926 consillum
2186 4871 2281 4928 Christi
2300 4875 2342 4928 1116
2363 4875 2448 4926 6216

506 4961 667 5016 curiositates
687 4961 860 5014 utvanitates
881 4961 1144 5014 661-16666166
1182 4977 1236 5030 qno
1255 4965 1350 5026 electo,
1382 4963 1437 5018 talis
1463 4977 1516 5016 666
1540 4961 1620 5016 debet
1636 4977 1665 5016 se
1684 4961 1821 5016 absentare
1912 4993 1944 5002 ψ
1964 4963 2089 5030 Exemplo
2118 4961 2209 5016 Christi
2231 4963 2412 5028 eleemosynae
2429 4961 2497 5016 licite

506 5057 686 5116 contemplum
705 5053 883 5114 praesentium
902 5051 936 5104 lo
952 5065 978 5118 q.
999 5051 1068 5102 l-
1085 5063 1144 5116 pro·
1183 5053 1215 5104 11
1235 5051 1286 5106 321
1305 5051 1340 5106 36
1361 5065 1417 5116 arg.
1438 5055 1459 5104 2
1859 5053 1943 5118 accipi
1971 5057 2079 5118 possunt
2104 5057 2157 5104 tam
2176 5063 2190 5102 a
2209 5049 2286 5104 bonis
2309 5065 2387 5118 qtram
2408 5067 2422 5104 a
2441 5065 2497 5104 ma·

506 5139 551 5192 bat
569 5141 594 5192 in
613 5137 696 5192 rebus
712 5141 859 5212 1661161661
875 5145 997 5204 naturae,
1014 5141 1107 5206 culpae
1120 5145 1145 5192 et
1235 5141 1399 5194 Earsnosrna
1418 5147 1512 5194 -est
1535 5139 1605 5194 utilis
1630 5141 1662 5192 116
1684 5141 1715 5192 68
1741 5155 1767 5194 v.
1788 5141 1820 5192 13
1859 5141 1950 5196 616-1111
1971 5141 2021 5192 312
2042 5139 2076 5192 78
2096 5169 2131 5176 —-
2149 5139 2233 5204 accipi
2260 5147 2346 5204 potest
2373 5153 2387 5192 a
2408 5141 2497 5204 malis,

507 5229 628 5282 miseriae
647 5229 661 5278 6
683 5243 698 5282 6
714 5255 752 5268 ··-
769 5231 846 5284 ducet
864 5231 993 5284 vanitates
1010 5243 1099 5282 rernm
1118 5235 1145 5282 ut
1181 5259 1216 5272 —
1235 5237 1274 5284 est
1292 5231 1440 5284 remedium
1465 5229 1595 5300 optimum
1621 5243 1673 5284 non
1692 5229 1821 5282 incidendi
1841 5217 1842 5220 ’
1860 5235 1888 5284 61
1905 5231 1968 5282 6661
1988 5229 2064 5296 honi,
2081 5227 2230 5282 dummodo
2248 5243 2301 5282 non
2319 5229 2381 5282 dent
2393 5229 2427 5282 de
2439 5229 2498 5280 alic·
2546 5247 2547 5250 ¹

506 5321 630 5382 expertus
641 5315 703 5372 laid.
718 5345 755 5360 -
766 5321 793 5372 in
806 5319 930 5372 omnibus
943 5317 1051 5372 intendit
1064 5323 1145 5372 osten·
1182 5321 1207 5372 in
1226 5319 1374 5386 periculum
1388 5321 1422 5370 88
1435 5335 1460 5372 v.
1481 5321 1497 5372 2
1509 5319 1549 5360 -’
1559 5319 1681 5372 conducit
1692 5319 1727 5372 ad
1741 5319 1823 5372 tructi-
1860 5319 1899 5372 nis
1918 5319 1959 5372 vel
1980 5319 2048 5372 male
2066 5315 2208 5384 acquisitis
2218 5315 2281 5370 6116.

506 5405 570 5458 dere
587 5405 728 5458 vanitatem
751 5407 782 5460 10
802 5423 828 5462 r.
848 5411 864 5462 2
883 5407 1079 5474 -praecipue
1100 5407 1144 5460 66
1184 5407 1708 5474 66666166616161166166661666666
1739 5415 1823 5462 terrae
1912 5407 2251 5462 cinnamon—Elementa
2262 5410 2396 5460 transeunt
2408 5405 2498 5474 quoad

506 5497 546 5546 cet
564 5495 636 5546 viam
653 5495 681 5547 in
700 5493 888 5552 beatitudinem
905 5497 921 5548 6
943 5499 975 5550 13
1184 5495 1215 5552 ab,
1227 5499 1243 5550 3
1254 5499 1486 5564 —Eleemosynae
1499 5497 1684 5564 multiplicatae
1694 5495 1824 5550 inebriant
1860 5497 2055 5564 corruptionem
2072 5497 2115 5550 sui
2131 5495 2278 5548 secundum
2297 5501 2397 5564 partem
2419 5495 2496 5550 11623

560 5585 666 5636 Eutresis
684 5609 718 5632 —
741 5599 793 5638 non
817 5591 900 5640 aulert
923 5587 1031 5638 omnino
1058 5589 1145 5638 lumen
1183 5585 1298 5638 animam
1319 5585 1400 5650 gratia
1420 5585 1534 5640 thia-
1552 5589 1635 5640 Honro
1653 5587 1824 5640 6661616666-
1861 5601 1886 5654 q.
1906 5589 1922 5640 2
1940 5613 1976 5626 -·
1995 5585 2124 5638 Elementa
2143 5591 2301 5648 generantur
2327 5591 2354 5638 et
2379 5597 2499 5638 corrum-

506 5669 630 5726 omnibus
655 5669 775 5736 partibus
803 5675 1146 5728 16666111168166-
1184 5675 1272 5726 citium
1301 5675 1473 5738 poenitentiae
1497 5677 1545 5726 vel
1571 5675 1725 5740 patientiae,
1744 5675 1824 5728 untri-
1861 5681 1956 5740 puntur
1976 5675 2002 5726 16
2020 5675 2074 5726 suis
2093 5673 2226 5740 terminis,
2243 5673 2268 5726 16
2288 5673 2385 5740 quibus
2404 5679 2499 5728 setan-

506 5775 559 5814 non
577 5765 662 5826 potest
681 5773 727 5824 per
747 5769 798 5814 tres
818 5765 895 5816 horas
914 5763 1011 5816 durare
1028 5761 1091 5816 thia.
1111 5791 1146 5804 ·-
1184 5769 1302 5814 mentum
1321 5763 1455 5816 doctrinae
1483 5763 1524 5816 vel
1553 5763 1629 5816 eliam
1658 5763 1758 5828 gratiae
1775 5777 1824 5828 per
1862 5769 1928 5828 gunt
1943 5761 2007 5816 thid.
2409 5753 2411 5756 ’

506 5863 559 5904 666
577 5849 618 5916 61,
637 5849 744 5916 qnando
762 5851 823 5902 luna
836 5855 875 5904 est
888 5849 912 5902 in
926 5853 1039 5916 perlecta
1052 5851 1147 5904 distan-
1184 5849 1349 5916 largitionem
1379 5851 1560 5914 eleemosynae
1587 5849 1640 5904 666
1667 5851 1738 5902 7-
1756 5853 1824 5906 valet
1914 5851 2083 5902 —Virtutes
2103 5853 2292 5904 elementorum
2312 5851 2497 5918 snntqnalita·

508 5939 574 5994 tiaa
593 5939 649 5992 sole
667 5935 730 5990 1016.
1185 5939 1218 5990 66
1238 5937 1446 6002 redemptionem
1472 5939 1567 6002 cnlpae
1585 5937 1621 5990 67
1637 5953 1665 6004 q.
1684 5965 1719 5978 ·-
1738 5939 1824 6002 dispo·
1844 6007 1845 6010 Ἴ
1863 5945 1899 5990 tes
1920 5943 1949 5990 et*
1961 5937 2102 5990 seminales
2119 5939 2233 5990 rationes
2254 5945 2280 5992 ct
2302 5939 2499 5994 commixtiones

561 6029 700 6080 36666-
717 6027 782 6092 Eget
794 6027 841 6094 qni
854 6025 993 6092 dereliquit
1011 6029 1147 6080 thesauros
1185 6027 1221 6078 nit
1241 6025 1272 6078 ad
1293 6027 1406 6092 gratiam
1426 6025 1466 6100 116
1488 6023 1539 6078 316
1559 6027 1591 6076 82
1607 6053 1638 6062 -
1652 6025 1775 6092 impetrat
1788 6027 1824 6078 vi·
1862 6027 1903 6076 vel
1917 6023 2089 6078 connexiones
2103 6027 2500 6092 etcontemperantiaeelemen·

508 6111 650 6182 sapientiae
668 6115 875 6182 divitiarumque
893 6113 1043 6166 caelestium
1064 6113 1147 6166 altitu·
1186 6127 1275 6178 gorem
1297 6113 1395 6178 6161166
1412 6113 1461 6164 161
1483 6113 1697 6176 23--6661166
1715 6113 1824 6176 elargita
1862 6117 1948 6164 torum
1968 6113 2070 6184 116166
2088 6125 2115 6164 v.
2136 6113 2170 6164 17
2188 6139 2223 6152 -
2243 6115 2373 6166 Elementa
2384 6119 2499 6180 quatuor

508 6203 595 6256 dinem
615 6205 657 6256 Vll
679 6205 724 6256 331
751 6205 783 6258 26
803 6233 837 6242 -
856 6205 883 6254 ln
896 6207 1012 6266 egestate
1031 6203 1147 6266 intelligi·
1185 6215 1290 6268 semper
1310 6207 1347 6254 est
1361 6215 1422 6254 cum
1436 6201 1542 6254 homine
1557 6201 1607 6254 663
1624 6201 1656 6252 83
1671 6229 1704 6242 -
1718 6203 1824 6254 allectus
1862 6205 1923 6252 sunt
1947 6213 2070 6252 mensura
2096 6199 2214 6252 omnium
2230 6209 2231 6212 ’
2246 6203 2422 6266 corporalium
2447 6203 2498 6252 182

507 6297 549 6344 166
569 6293 699 6344 induratio
711 6293 805 6346 mentis
827 6291 926 6358 16663
940 6305 965 6342 v.
983 6291 1065 6344 63-
1082 6293 1148 6356 Ege·
1186 6287 1825 6356 666166616630683-61116661666666661
1863 6287 2265 6350 621-3166616616616616
2293 6293 2317 6340 et
2345 6291 2499 6342 elementata

508 6383 560 6430 stas
578 6379 707 6444 significat
724 6367 1002 6434 irraevortonemsth'a.
1187 6385 1320 6444 aseptem
1334 6377 1530 6432 conditionibus
1546 6377 1608 6432 iota.
1626 6405 1661 6418 ·-
1680 6377 1824 6430 lletributio
1863 6377 2026 6428 harmoniam
2055 6389 2130 6428 suam
2159 6379 2303 6428 naturalem
2330 6383 2358 6430 et
2379 6377 2499 6428 ordinem

560 6467 656 6520 Eanum
680 6495 715 6506 -·
743 6473 781 6522 cst
811 6483 857 6534 per
882 6469 1024 6530 actionem,
1053 6469 1095 6520 vel
1121 6467 1148 6518 in
1187 6467 1383 6532 opulentissima
1407 6467 1569 6532 promittitur
1592 6479 1643 6530 pro
1660 6467 1824 6532 eleemosyna
1863 6469 1924 6518 actu
1940 6465 2091 6518 custodiunt
2111 6467 2161 6520 232
2174 6479 2199 6518 r.
2217 6465 2247 6518 17
2260 6481 2390 6520 -66661
2404 6467 2499 6518 invim

507 6557 613 6618 aspectu
634 6557 803 6608 humanitatis
822 6557 915 6610 Christi
936 6559 967 6610 111
989 6555 1040 6608 386
1063 6557 1088 6608 ll
1187 6557 1238 6608 323
1259 6555 1291 6608 66
1328 6571 1329 6574 ’
1863 6561 1887 6608 61
1906 6559 2060 6620 potestatem
2079 6569 2127 6608 seu
2145 6555 2260 6608 olilcium
2291 6561 2315 6608 at
2334 6555 2442 6608 modum
2468 6557 2500 6608 al·

496 6645 497 6650 ’
562 6643 651 6696 Eenvto
668 6673 704 6682 -—-
722 6653 762 6698 est
779 6645 917 6700 infirmitas
946 6647 978 6698 vl
1008 6647 1060 6698 686
1079 6645 1093 6698 6
1114 6671 1148 6686 -·
1217 6647 1349 6700 ·-6166
1369 6647 1488 6700 dandum
1506 6645 1638 6714 66661166
1655 6645 1825 6698 ralionevitii
1863 6645 1943 6698 terius
1961 6647 2150 6698 miraculosae
2171 6643 2224 6698 Deo
2243 6647 2402 6700 convertitur
2421 6641 2484 6700 thia.

507 6731 807 6788 incentivnm'elationis
825 6741 864 6788 est
882 6735 1056 6788 consideratio
1077 6735 1148 6788 dete·
1187 6735 1230 6788 vlt
1253 6737 1304 6788 166
1321 6735 1357 6788 73
1376 6763 1411 6776 -
1430 6733 1548 6788 16616666
1561 6741 1605 6788 est
1622 6733 1746 6790 omnibus
1763 6749 1827 6800 pau·
1911 6763 1951 6776 .,„
1970 6749 2108 6800 compassa
2126 6741 2187 6788 sunt
2214 6735 2348 6792 Conditori
2374 6749 2423 6790 suo
2447 6751 2500 6792 mo-

507 6819 583 6872 rioris
601 6821 645 6874 1116
664 6821 715 6876 666
737 6823 768 6876 18
783 6853 818 6862 -·
834 6825 921 6878 Elatus
940 6823 1083 6878 honoribus
1095 6839 1147 6878 non
1186 6823 1295 6890 peribus
1309 6825 1360 6878 368
1381 6825 1413 6878 30
1427 6823 1590 6890 *iacienda
1609 6829 1647 6878 est
1665 6823 1827 6890 pauperibus
1847 6825 1937 6878 ¹rienti
1958 6827 1999 6878 Vll
2018 6825 2065 6878 681
2091 6825 2125 6880 66
2226 6845 2228 6848 ·

614 6929 897 6986 scanno-rom.
911 6931 963 6984 Vll.
1701 6963 1704 6968 -
2361 6935 2393 6988 36
