5900 8266
584 693 649 758 220

581 865 725 934 volebant
749 865 921 934 doctrinam
947 865 1074 946 audire;
1098 865 1183 932 unde
1208 867 1338 934 Actuum
1362 871 1470 934 ottavo
1495 865 1540 932 di-

581 969 682 1038 citur:
712 971 946 1038 «Intendehant
968 971 1081 1038 turbae
1104 971 1154 1038 his
1178 987 1301 1056 quasa
1323 969 1464 1056 Philippo
1493 970 1538 1037 di-

581 1075 749 1156 cebantur‚
778 1075 969 1142 unanimiter
1003 1075 1164 1142 audientes
1196 1081 1227 1142 et
1261 1075 1401 1156 videntes
1433 1075 1537 1162 signa,

580 1195 660 1264 quae
692 1179 823 1246 faciebat
844 1205 876 1244 a.
909 1179 946 1244 nt
976 1177 1046 1246 ideo
1076 1179 1126 1246 isti
1159 1197 1221 1246 non
1254 1181 1355 1246 solum
1380 1179 1538 1264 praedica-

579 1283 672 1366 bant,
696 1285 750 1352 sed
779 1285 875 1352 otiam
896 1285 1016 1368 ubique
1045 1285 1215 1362 curabant,
1246 1291 1280 1352 ut
1303 1303 1411 1352 omnes
1435 1285 1538 1354 studio

578 1407 690 1456 eornm
712 1397 745 1456 et
760 1391 857 1458 verbo
873 1395 903 1456 et
927 1389 1015 1474 signo
1034 1389 1253 1456 excitarentur
1267 1391 1307 1458 ad
1328 1391 1536 1472 audiendum:

578 1495 611 1560 in
644 1513 708 1582 quo
743 1513 804 1562 non
836 1495 937 1562 solum
973 1495 1152 1582 explicatur
1183 1495 1365 1564 auditorum
1398 1495 1537 1576 utilitas

578 1603 633 1668 sed
659 1603 754 1668 etiam
776 1601 1029 1686 praedicatorum
1054 1601 1195 1668 fidelitas.
1220 1601 1300 1686 Quia
1321 1603 1404 1668 enlm
1429 1603 1539 1668 eircu-

578 1705 689 1786 r'bout,
720 1705 876 1774 immunes
898 1711 990 1774 erant
1011 1705 1053 1774 ab
1079 1705 1252 1786 otiositate:
1288 1707 1363 1792 quia
1388 1727 1450 1792 per
1482 1725 1537 1774 co-

577 1813 689 1892 stallo,
721 1813 878 1878 immunes
905 1813 1119 1890 abataticum
1148 1811 1223 1896 quia
1251 1813 1536 1900 cocnpelizctttes,

577 1917 778 1984 immunesa
813 1917 1007 2002 nugacitate3
1045 1917 1120 2002 quia
1153 1925 1310 1984 correctos
1344 1915 1483 2006 ubique,
1517 1917 1547 1984 a‘

577 2041 785 2110 personarum
808 2023 996 2108 acceptione.
1032 2023 1066 2089 Et
1091 2023 1160 2088 ideo
1190 2023 1285 2088 linem
1315 2021 1474 2090 habebant
1502 2023 1536 2090 in

577 2149 627 2212 se,
652 2131 705 2216 qui
735 2136 783 2197 est
812 2127 1005 2196 sufficienter
1037 2129 1141 2196 dicere
1172 2125 1211 2194 ad
1239 2129 1473 2212 persuasionem
1504 2135 1537 2194 et

575 2237 735 2304 auditores
761 2233 902 2302 excitare
920 2237 939 2300 1.
967 2233 1002 2301 ltt
1025 2235 1076 2302 hic
1108 2241 1156 2302 est
1178 2235 1301 2318 primus
1324 2233 1396 2302 linis
1422 2240 1453 2302 et
1483 2253 1536 2320 ge·

575 2341 699 2410 neralis.
1257 2423 1262 2428 ⁵

668 2449 718 2512 ll.
742 2449 844 2526 (Vers
868 2449 923 2524 7.).
948 2447 1111 2514 Secundus
1142 2445 1214 2514 linis
1235 2447 1300 2514 sive
1323 2449 1442 2514 utilitas
1466 2467 1535 2534 spe·

576 2555 663 2620 cialis
696 2559 743 2620 est
773 2553 926 2618 eocttotto
959 2553 1168 2620 audientium
1199 2555 1244 2620 ulti
1276 2553 1511 2640 conferentium
1523 2579 1535 2632 ;

576 2663 729 2746 qrrantum
758 2659 796 2724 ad
828 2677 922 2744 quant
947 2657 1077 2726 dicitur:
1103 2659 1240 2726 Assiluit
1256 2669 1365 2728 cutem
1391 2661 1535 2728 Herodes

577 2763 746 2832 tetrarcha
779 2765 909 2844 omnic,
945 2785 1030 2854 pune
1058 2767 1179 2850 (t'eburtt
1211 2767 1251 2834 ab
1286 2787 1341 2846 eo,
1373 2769 1416 2834 ita
1450 2767 1534 2852 quod

575 2871 657 2938 fama
678 2871 813 2938 nominis
837 2871 952 2938 Christi
975 2891 1038 2938 non
1061 2875 1164 2940 solum
1187 2891 1243 2958 per
1268 2875 1426 2956 Apostolos
1451 2873 1533 2938 del·

576 2965 706 3046 rebatur
728 2978 767 3045 ad
800 2977 921 3062 plebes,
955 2979 1006 3046 sed
1042 2979 1136 3046 etiam
1166 2981 1206 3044 ad
1241 2995 1347 3064 rages,
1384 2979 1465 3044 sicut
1494 2978 1533 3044 de

575 3084 669 3150 Paulo
692 3085 807 3152 dicitur
840 3085 972 3150 Actuum
1004 3103 1086 3148 nono
1102 3085 1136 3148 2:
1166 3109 1182 3142 «
1207 3085 1266 3148 llas
1295 3083 1456 3150 electionis
1485 3087 1533 3148 est

575 3189 669 3268 mihi,
695 3195 730 3256 ut
746 3195 849 3274 portet
873 3205 984 3256 nomen
1008 3205 1113 3254 meum
1138 3205 1241 3254 coram
1267 3187 1411 3272 gentihus
1436 3193 1466 3252 et
1481 3205 1532 3252 re-

575 3295 665 3382 gibus
689 3302 719 3361 et
743 3293 816 3358 illlis
839 3293 932 3360 lsrael
954 3321 981 3358 ».
1008 3293 1093 3360 Unde
1116 3295 1176 3358 iam
1206 3299 1349 3378 poterant
1373 3291 1532 3360 auditores

575 3401 677 3468 dicere
705 3399 780 3466 illud
813 3399 897 3484 qnod
928 3397 1080 3466 dixerunt
1109 3397 1296 3466 Gabaonitae
1323 3399 1408 3464 losue
1432 3415 1530 3464 nono:

580 3533 594 3564 «
611 3505 795 3574 Audivimus
809 3505 926 3572 lamam*
940 3505 1094 3590 potentiae
1119 3505 1170 3572 Dei
1190 3503 1301 3582 vestri,
1322 3511 1435 3570 cuncta
1451 3521 1531 3588 quae

575 3613 646 3678 lecit
670 3639 699 3676 a.
725 3613 761 3676 Et
782 3631 825 3678 ex
848 3613 907 3678 hoc
932 3613 1041 3678 auditu
1065 3613 1221 3678 excitatus
1245 3619 1291 3676 est
1316 3611 1353 3676 ad
1370 3611 1530 3696 inquiren-

574 3717 648 3784 dum
674 3723 705 3784 et
727 3717 935 3784 dubitandum
960 3723 1088 3802 propter
1121 3719 1302 3784 varietatem
1325 3717 1529 3802 opinantium.

665 3827 714 3888 lb.
730 3823 831 3906 vilers.
845 3827 876 3888 7.
890 3823 945 3904 S).
958 3823 1044 3890 Unde
1058 3823 1220 3890 subditur:
1236 3823 1275 3888 ut
1287 3821 1482 3900 haesitabat,
1497 3841 1530 3886 eo

437 3943 554 4042 nffgrsgpiaitsto
574 3931 660 4018 qrrod
676 3929 840 3994 diceretur
857 3949 880 3994 ο
895 3927 1112 4016 potiturum,
1130 3931 1210 4018 quio
1228 3931 1368 3994 Ioannes
1382 3927 1532 3994 srtrreoct't

539 4027 543 4040 '
573 4035 762 4102 amortuis.
782 4035 817 4100 Et
830 4035 903 4100 huic
916 4035 1054 4120 opinioni
1068 4035 1166 4120 magis
1178 4033 1367 4100 adhaerebat
1379 4033 1529 4112 Herodes3

573 4141 656 4208 unde
681 4141 824 4206 llaithaei
840 4141 960 4206 decimo
977 4149 1090 4226 quarto
1104 4141 1131 4206 ³:
1154 4165 1170 4200 «
1187 4139 1310 4206 Audivit
1332 4139 1467 4206 Herodes
1487 4139 1502 4204 l
1516 4177 1530 4186 -

520 4267 521 4270 ¹
573 4265 655 4312 mam
686 4249 753 4312 lesu
783 4255 816 4312 et
840 4249 883 4312 ait
915 4245 1021 4330 pneris
1054 4247 1136 4314 suis:
1162 4247 1215 4312 llic
1246 4253 1292 4312 est
1317 4247 1443 4312 loannes
1476 4247 1530 4312 Ba-

574 4353 685 4438 ptista;
707 4353 774 4438 ipse
798 4351 974 4420 surrexita
996 4355 1144 4432 mortuis,
1170 4363 1200 4420 et
1216 4353 1285 4420 ideo
1308 4353 1441 4420 virtutes
1457 4373 1531 4438 ope-

574 4467 688 4526 rantur
709 4459 741 4524 in
764 4459 860 4526 illo».
884 4459 946 4524 lloc
969 4465 1074 4526 autem
1100 4459 1287 4546 opinabatur
1304 4467 1433 4544 propter
1455 4459 1532 4526 cmi·

573 4567 720 4632 nentium
742 4567 931 4634 sanctitutis
952 4567 1056 4646 ottae,
1079 4567 1169 4652 quia,
1193 4567 1274 4634 sicut
1297 4567 1413 4634 dicitur
1436 4567 1530 4634 llarci

499 4711 502 4714 -
572 4673 699 4750 sexto4,
721 4673 887 4740 «Herodes
905 4675 1063 4740 metuebat
1079 4675 1242 4754 loannem,
1266 4671 1368 4740 sciens
1390 4691 1463 4740 eum
1489 4675 1532 4742 vi·

572 4795 644 4846 rum
671 4777 787 4846 iustum
812 4785 842 4844 et
865 4785 1006 4846 sanctum
1025 4807 1055 4846 b.
1079 4779 1157 4848 Huic
1179 4785 1282 4846 tamen
1306 4777 1441 4864 opinioni
1469 4797 1530 4846 non

572 4885 704 4950 firmiter
733 4885 938 4964 adhaerebat;
971 4885 1039 4954 ideo
1061 4885 1191 4966 dicitur,
1217 4885 1299 4972 quod
1323 4883 1529 4964 boasitohct,

571 4991 603 5056 id
636 4997 700 5070 est,
738 4991 918 5068 vacillabat,
953 4991 1125 5058 secundum
1162 4991 1239 5056 illud
1271 4989 1368 5056 lacobi
1407 4989 1529 5074 primo:

576 5097 668 5182 «Qui
692 5095 824 5164 haesitat
848 5095 956 5164 similis
980 5105 1026 5164 est
1050 5095 1161 5162 lluctui
1186 5095 1299 5172 maris,
1324 5095 1377 5178 qui
1403 5101 1530 5162 evenio

570 5209 717 5270 movetur
740 5209 771 5268 at
795 5201 1018 5268 circumfertur
1043 5229 1072 5266 ».
1098 5239 1142 5250 -
1167 5201 1201 5268 tr
1226 5203 1375 5266 hocerat
1400 5207 1530 5286 propter

569 5311 647 5374 alias
669 5307 848 5392 opiniones;
879 5307 964 5374 unde
987 5305 1110 5374 subdit:
1142 5311 1165 5372 A
1202 5305 1401 5394 quibusdum
1431 5327 1529 5386 nero,

570 5415 653 5502 puio
687 5413 780 5480 Elius
813 5413 991 5498 cppcrot't,
1025 5413 1143 5480 scilicet
1175 5413 1349 5478 dicebatur.
1383 5413 1417 5478 tt
1453 5415 1530 5482 haec

569 5521 675 5606 opinio
698 5519 862 5586 videbatur
887 5519 1056 5604 probabilis
1080 5527 1209 5606 propter
1232 5519 1442 5586 eminentium
1470 5539 1529 5606 po-

570 5625 703 5692 testatis.
737 5625 825 5692 Unde
855 5625 1058 5692 Ecclesiastici
1095 5625 1335 5710 quadragesimo
1367 5633 1476 5692 octavo
1492 5627 1527 5692 ⁵:

575 5757 591 5790 a
611 5731 823 5816 Amplisrcatus
853 5737 900 5796 ast
932 5731 1012 5798 Elias
1045 5731 1076 5794 in
1113 5731 1308 5798 mirabilibus
1340 5731 1406 5798 suis
1428 5757 1461 5798 a.
1491 5733 1528 5800 tlt
1558 5815 1559 5818 Ἴ

634 6115 650 6154 =¹
670 6119 727 6172 Val.
748 6115 795 6186 qui
818 6121 856 6172 est
873 6115 1007 6188 sufficietis
1031 6117 1069 6172 od
1088 6117 1294 6186 persuasionem
1319 6121 1344 6172 el
1367 6117 1526 6174 creditorum

568 6205 763 6262 arottottouom.
782 6205 832 6258 Pro
856 6205 1019 6274 sufficienler
1037 6205 1125 6260 dicore
1142 6207 1163 6258 H
1190 6205 1347 6276 sufficiemur
1367 6207 1523 6276 disponere,

569 6295 614 6362 qni
634 6295 711 6348 etiam
723 6293 803 6358 paulo
823 6295 945 6358 superius
958 6295 1032 6360 legit:
1051 6293 1113 6362 prtia
1135 6299 1269 6360 curantes,
1289 6293 1422 6348 immunes
1442 6291 1474 6346 ab
1487 6291 1524 6344 iu·

569 6381 655 6448 sidio,
675 6381 738 6454 quin
760 6381 873 6450 ubique,
892 6381 1025 6436 immersos
1043 6397 1062 6436 o
1076 6395 1263 6452 personarum
1280 6381 1439 6452 acceptioue.

638 6469 745 6526 'Vers
766 6471 810 6538 li,
836 6471 878 6524 cui
898 6471 1068 6538 subiungitur
1091 6473 1165 6526 losue
1192 6473 1221 6536 9,
1247 6473 1271 6524 9.
1292 6471 1362 6540 (Vat.
1387 6473 1480 6538 allegat
1499 6485 1524 6522 v.

569 6561 642 6614 o-tr.
659 6589 696 6602 ·-
713 6561 840 6626 Superius
859 6567 919 6624 post
938 6559 1076 6614 tetrarcha
1093 6559 1208 6614 CDGll
1226 6559 1348 6614 omittunt
1368 6559 1467 6616 omnio.

593 6699 597 6712 ,
638 6645 742 6702 ⁸Vers.
764 6648 786 6700 l.
806 6655 831 6700 et
856 6649 882 6698 2.
899 6645 950 6700 Gir.
969 6649 1094 6712 August,
1119 6649 1146 6700 ll.
1164 6649 1199 6700 de
1216 6645 1348 6700 Consensu
1370 6645 1525 6712 Evangelist.

568 6751 591 6790 ο.
611 6739 651 6792 ii.
671 6753 698 6792 n.
716 6737 760 6806 93,
778 6743 804 6790 et
822 6735 907 6800 Beda,
926 6739 964 6790 tlt.
985 6735 1010 6788 in
1029 6737 1092 6790 Luc.
1115 6739 1145 6802 9,
1163 6737 1190 6790 7.
1211 6751 1266 6804 seq.

637 6825 648 6856 ⁴
667 6829 745 6880 Vers.
762 6827 806 6880 20.
826 6853 862 6864 -
884 6823 1002 6878 Subinde
1020 6823 1146 6892 allegatur
1165 6827 1212 6878 lac.
1235 6827 1259 6888 l,
1277 6827 1302 6878 6.

637 6913 744 6970 *vers
768 6915 796 6980 l,
821 6915 864 6968 cui
889 6915 948 6968 Vat.
977 6915 1118 6978 praemittit
1145 6931 1172 6966 v.
1198 6915 1221 6966 l.
1245 6943 1281 6954 -
1306 6913 1429 6980 Sequitur
1455 6913 1524 6964 loan.

569 7003 617 7068 te,
636 7005 679 7056 lt.

1185 685 1378 756 COMMENT.
1403 689 1442 756 IN
1463 687 1702 758 EVANGELIUM
1725 689 1842 756 tuest
1868 687 1898 754 C.
1926 685 1971 752 tlt.

1604 867 1682 934 haec
1703 865 1809 952 opinio
1832 859 2019 932 credibilior·
2035 859 2208 940 videbatur,
2228 859 2317 946 quia,
2341 861 2424 928 sicut
2444 859 2561 928 dicitur

1603 969 1725 1038 loannis
1749 971 1885 1048 decimo,
1916 967 2076 1034 «loannes
2099 967 2227 1052 quidem
2252 967 2376 1054 signum
2399 963 2474 1034 fecit
2491 967 2560 1032 nul·

1603 1079 1715 1142 lum».
1741 1075 1826 1142 Unde
1850 1073 1995 1140 Christus
2016 1071 2133 1138 faciens
2165 1071 2317 1138 miracula
2346 1071 2443 1158 magis
2477 1071 2559 1138 vide-

1601 1183 1696 1270 batur
1718 1181 1810 1246 Elias,
1838 1177 1963 1246 -Sed
1989 1183 2092 1244 buten
2116 1177 2190 1244 huic
2221 1195 2284 1244 non
2313 1195 2424 1246 omnes
2453 1195 2559 1244 assen-

1602 1285 1738 1366 tiebanl;
1760 1291 1890 1370 propter
1914 1283 1998 1370 quod
2020 1281 2123 1348 addit:
2148 1279 2197 1348 Ab
2224 1281 2301 1350 aliis
2323 1291 2453 1360 cutem,
2479 1283 2559 1372 quic

1601 1387 1769 1474 Propheta
1793 1381 1887 1456 uuus
1904 1389 1943 1456 do
1962 1387 2113 1478 antiquis
2132 1387 2292 1454 surressit.
2316 1389 2353 1456 Et
2369 1389 2427 1458 boc
2450 1387 2558 1474 opina·

1601 1497 1716 1564 bantur
1741 1503 1870 1582 propter
1901 1495 2055 1562 notitiam
2078 1493 2245 1572 oaro'totb‚·
2268 1495 2360 1580 qula,
2384 1495 2557 1562 secundum

1601 1601 1678 1668 illud
1707 1603 1801 1666 Amos
1823 1601 1917 1666 tertio
1931 1601 1955 1678 ⁶,
1986 1627 2000 1658 «
2024 1619 2088 1666 non
2117 1599 2208 1666 saciet
2231 1597 2381 1666 Dominus
2405 1599 2556 1678 verbum,

1600 1705 1659 1772 nisi
1689 1705 1876 1772 revelaverit
1899 1711 2055 1772 secretum
2082 1723 2175 1772 suum
2201 1705 2240 1772 ad
2263 1695 2371 1774 servos
2387 1721 2463 1772 suos
2484 1704 2557 1769 Pro-

1601 1811 1711 1896 phetas
1734 1837 1764 1876 ».
1799 1813 1833 1878 tt
1868 1809 1914 1876 sic
1942 1817 2049 1894 patet,
2084 1813 2169 1896 quod
2202 1813 2319 1896 triplex
2352 1819 2420 1880 erat
2453 1811 2557 1898 opinio

1600 1923 1731 2002 propter
1751 1917 1908 2002 triplicem
1939 1915 2175 1996 excellentiam,
2201 1933 2295 2002 quam
2318 1919 2488 1986 audiebant
2519 1917 2556 1984 de

1600 2023 1740 2102 Christo,
1764 2023 1880 2090 scilieet
1904 2023 2094 2102 sanctitatis,
2114 2023 2277 2105 potestatis
2298 2029 2331 2090 ei
2353 2023 2480 2090 notitiae
2504 2039 2556 2090 ve·

1600 2129 1710 2196 sitatis.
1735 2131 1771 2196 Et
1793 2131 1862 2196 ideo
1886 2129 2018 2196 invicem
2042 2127 2259 2208 conserebant,
2283 2135 2313 2196 et
2337 2131 2465 2216 quidam
2481 2131 2554 2212 hoc,

1600 2241 1629 2302 et
1653 2235 1779 2322 quidam
1802 2233 1888 2302 aliud
1907 2233 2076 2302 credebant
2090 2233 2110 2302 ⁷.

1690 2341 1739 2410 l3.
1766 2341 1866 2428 (Vers.
1893 2343 1947 2416 9.).
1972 2341 2097 2410 Tertius
2119 2347 2225 2408 antem
2249 2341 2322 2410 imis
2349 2341 2410 2410 fnit
2432 2341 2555 2408 ercitu—
2570 2359 2713 2424 rosaem-

1599 2449 1644 2514 tt'o
1676 2447 1917 2534 conferentium
1952 2449 1998 2516 od
2032 2449 2295 2546 admirandum:
2332 2455 2485 2536 qrtantum
2517 2449 2555 2518 ad
2604 2415 2665 2460 tam

1598 2575 1692 2640 quam
1717 2557 1879 2624 subditur:
1907 2559 1946 2622 ttt
1967 2557 2018 2624 cit
2048 2557 2210 2622 Herodes:
2233 2557 2393 2622 loortocru
2420 2575 2478 2644 epo
2502 2557 2555 2622 rie·-

1598 2665 1732 2742 coliuni,
1758 2671 1906 2748 tanquam
1934 2665 2090 2730 homiuem
2117 2663 2279 2728 mortalem
2312 2670 2342 2730 et
2365 2665 2553 2750 passibilem.

1597 2771 1684 2836 Hunc
1708 2767 1914 2836 decollaverat
1937 2769 2073 2836 Herodes
2093 2773 2222 2852 propior
2248 2767 2368 2834 loannis
2391 2769 2553 2836 veritatem

1596 2879 1628 2940 et
1662 2873 1789 2938 Herodis
1826 2875 2071 2956 malignitatem,
2106 2869 2279 2938 secundum
2316 2873 2398 2956 quod
2439 2871 2556 2938 dicitur

1596 2977 1739 3045 Matthaei
1765 2977 1885 3044 decimo
1907 2977 2064 3064 quartoss:
2094 3003 2110 3036 «
2129 2977 2255 3044 Dicebat
2271 2977 2397 3046 loannes
2422 2977 2552 3046 Herodi:

1595 3085 1660 3148 Non
1685 3083 1757 3150 licet
1780 3083 1834 3148 tihi
1859 3085 1975 3150 habere
1991 3101 2127 3152 uxorem
2150 3083 2258 3150 l'ratris
2280 3085 2326 3150 tui
2342 3111 2358 3144 a
2372 3109 2379 3166 ;
2395 3093 2427 3152 et
2450 3085 2555 3170 seqni-

1595 3195 1650 3254 tur
1673 3195 1761 3272 post,
1784 3189 1869 3272 qrrod
1892 3207 1935 3256 ex
1958 3191 2016 3256 hac
2039 3207 2230 3256 causacum
2254 3189 2427 3258 decollavit.
2453 3191 2488 3256 Et
2511 3191 2554 3258 ita

1595 3313 1638 3360 ex
1661 3295 1727 3380 ipsa
1760 3301 1860 3362 morte
1892 3295 2009 3362 iudicat
2037 3295 2071 3360 in
2098 3295 2227 3372 loanne,
2259 3301 2554 3380 quantumcumque

1595 3417 1727 3486 magnus
1752 3401 2001 3484 praedicaretur,
2025 3401 2249 3466 infirmitatem.
2266 3437 2309 3448 -
2327 3403 2361 3466 tt
2385 3407 2553 3486 propterea

1594 3523 1636 3572 ex
1659 3505 1719 3570 hac
1744 3505 1975 3590 comparatione
1999 3505 2212 3572 admirabatur
2245 3505 2358 3574 Christi
2383 3505 2551 3586 virtutem;

1594 3613 1680 3680 unde
1703 3611 1824 3678 suhdit:
1863 3613 1945 3694 Quis
1976 3619 2021 3676 est
2054 3619 2163 3678 catam
2187 3609 2259 3690 hic,
2283 3613 2322 3678 dc
2353 3631 2417 3700 quo
2447 3613 2552 3678 tarr-dio

1595 3719 1729 3786 ratior?
1754 3717 1783 3784 td
1808 3725 1854 3784 est
1884 3727 1945 3784 lam
1976 3737 2086 3804 magna
2116 3717 2286 3798 tuirabilia3
2313 3721 2394 3786 unde
2431 3726 2553 3804 poterat

1593 3827 1713 3892 dicere:
1746 3851 1760 3882 (ι
1776 3825 1852 3908 Quis
1877 3825 1959 3892 lleus
1985 3843 2115 3910 magnus
2137 3825 2219 3892 sicut
2243 3825 2325 3892 lleus
2351 3831 2481 3892 noster?
2503 3827 2551 3890 Tu

1594 3949 1629 3998 es
1646 3931 1737 4008 Deus,
1753 3931 1807 4014 qui
1823 3929 1898 3994 faris
1917 3927 2114 4008 mirabilia»,
2129 3929 2235 4012 qualia
2250 3929 2368 3996 scillcet
2382 3949 2442 3996 non
2461 3937 2551 3996 erant

1594 4045 1668 4102 ante
1690 4035 1813 4114 audita,
1838 4033 2009 4102 secundum
2036 4035 2112 4100 illud
2135 4035 2257 4102 loannis
2282 4055 2379 4102 trono:
2411 4037 2460 4100 «A
2484 4053 2550 4102 sae-

1596 4141 1668 4210 culo
1691 4159 1752 4206 οοο
1776 4147 1824 4208 est
1839 4141 2000 4220 auditum,
2017 4141 2102 4224 qrrod
2117 4141 2188 4224 quis
2204 4141 2328 4226 aperuit
2344 4143 2450 4208 oculos
2467 4141 2549 4208 caeci

1595 4247 1687 4314 nati»
1715 4255 1773 4312 etc.

1688 4351 1737 4418 llr.
1761 4351 1901 4436 Quartus
1924 4351 1995 4418 imis
2026 4351 2085 4418 fuit
2119 4351 2273 4420 oscitatio
2303 4351 2550 4418 admirantium
2564 4373 2646 4436 cuasa
2660 4375 2715 4416 aaa

1595 4461 1639 4526 od
1664 4459 1950 4546 conspiciendum;
1968 4457 2195 4542 propterquod
2213 4459 2375 4526 subditur:
2396 4459 2435 4524 tt
2450 4477 2550 4546 qrrcc-
2609 4429 2667 4470 ‘⁸¹⁰'

1594 4567 1686 4632 rebat
1708 4565 1818 4630 uidere
1841 4585 1925 4630 eunt.
1948 4565 2094 4632 Libenter
2116 4567 2199 4632 enim
2226 4565 2367 4632 videmus
2390 4565 2475 4650 qrrod
2495 4567 2549 4632 ad·

1593 4673 1757 4738 miramur.
1782 4671 1844 4738 lloc
1867 4675 1971 4738 tamen
1995 4689 2055 4738 non
2073 4679 2119 4738 est
2143 4679 2218 4738 tunc
2234 4677 2413 4750 assecutus
2437 4671 2567 4738 secun?

1594 4779 1669 4846 dum
1691 4777 1778 4862 quod
1799 4777 1923 4844 dieitur
1938 4777 2040 4844 Lucae
2062 4777 2183 4844 decimo
2198 4779 2240 4842 1⁰:
2272 4805 2287 4836 r
2299 4779 2393 4844 Amen
2411 4777 2479 4846 dico
2494 4797 2549 4844 vo-

1594 4885 1652 4964 bis,
1669 4885 1750 4968 ouod
1768 4883 1858 4950 multi
1883 4901 1972 4968 reges
1994 4893 2027 4950 et
2049 4885 2222 4968 Prophetae
2249 4885 2418 4952 voluerunt
2442 4883 2547 4952 videre

1594 5007 1674 5074 quae
1698 5009 1752 5056 vos
1777 4987 1887 5056 videtis
1910 4995 1941 5056 et
1964 5007 2027 5056 non
2049 4989 2242 5056 viderunt».
2269 4993 2331 5058 lloc
2356 4997 2463 5058 autent
2486 5009 2547 5056 non

1593 5097 1651 5164 fult
1682 5103 1859 5174 assecutus,
1896 5095 1971 5180 quia
2004 5113 2064 5160 non
2100 5095 2236 5164 studiose
2261 5095 2435 5182 quaesivit3
2465 5095 2547 5162 unde

1594 5203 1835 5268 proverbiorum
1859 5199 1979 5266 decimo
2011 5208 2142 5286 quarto:
2171 5203 2333 5286 «Quaerit
2354 5201 2475 5268 derisor
2500 5221 2547 5268 sa·

1593 5305 1739 5392 pientiam
1764 5315 1794 5374 et
1819 5325 1880 5372 non
1904 5305 2067 5374 invenit».
2092 5307 2177 5374 Unde
2212 5307 2297 5374 valde
2321 5307 2451 5374 sollicite
2474 5327 2547 5374 con-

1593 5413 1807 5494 siderandum,
1834 5413 1968 5498 qualiter
1990 5413 2082 5480 debet
2104 5413 2189 5482 Deus
2213 5415 2340 5500 quaeri,
2357 5419 2394 5482 ut
2416 5415 2547 5500 possita

1592 5519 1818 5606 quaerentibus
1841 5519 1938 5586 videri
1963 5527 1993 5586 et
2017 5507 2159 5586 inveniri.
2564 5539 2668 5600 saeuam,
2685 5539 2711 5582 u

1684 5629 1732 5692 td.
1754 5627 1791 5692 lit
1808 5625 1933 5704 reversi
1946 5625 2092 5710 Apostoli
2105 5627 2345 5692 trunticoertrrtt
2361 5629 2394 5692 1¹.
2413 5627 2484 5692 Post
2500 5625 2546 5692 in·
2562 5591 2709 5740 ιὲῗῖῗῖῗὲἶθ

1591 5731 1808 5798 formationem
1833 5731 2048 5816 Apostolorum
2085 5731 2198 5798 laetam
2232 5749 2288 5814 per
2324 5731 2456 5798 verbnm
2480 5707 2619 5796 suelli
2632 5709 2711 5796 iiii&

1659 6115 1671 6148 ⁰
1691 6121 1766 6172 Vers.
1782 6117 1809 6172 7.
1827 6119 1877 6172 Pro
1894 6115 1974 6188 saciet
1997 6117 2108 6182 Vulgata
2135 6115 2201 6184 fucit
2218 6115 2275 6184 (etr.
2295 6131 2375 6182 supra
2394 6131 2456 6182 pag.
2479 6115 2545 6180 l78‚

1589 6215 1649 6262 nota
1667 6207 1719 6276 7.),
1740 6207 1821 6260 CDG
1838 6205 1931 6276 scobi.

1659 6291 1669 6322 ⁷
1690 6293 1753 6348 Cod.
1772 6295 1793 6346 B
1812 6289 1983 6364 consueberat
1999 6295 2023 6346 st
2042 6289 2217 6346 diversimode
2236 6289 2385 6346 credebaut.

1659 6379 1764 6437 ⁸llers.
1793 6383 1821 6450 45
1845 6385 1890 6436 ch.
1919 6397 1946 6434 v.
1964 6383 1997 6444 33
2024 6381 2136 6434 subinde
2162 6381 2288 6446 allegatur
2310 6395 2335 6430 v.
2362 6381 2409 6432 lll:
2429 6379 2544 6432 Decolla-

1588 6471 1628 6526 vit
1644 6473 1765 6526 loannem
1784 6473 1812 6524 in
1829 6485 1943 6526 carcere.
1961 6499 1998 6510 --
2015 6469 2124 6524 lnlerius
2144 6475 2203 6534 post
2221 6465 2405 6538 iufitvut'irriertt
2426 6469 2483 6520 Vnt.
2501 6471 2545 6522 ed·

1590 6559 1629 6612 dil
1645 6571 1709 6612 esso.

1660 6643 1672 6674 ⁹
1693 6645 1817 6712 irrigata,
1834 6643 1994 6716 quamVat.
2020 6649 2047 6698 et
2065 6645 2087 6698 H
2111 6641 2266 6706 sequuntur,
2297 6641 2364 6706 (lctis
2390 6647 2430 6698 cst
2450 6647 2544 6698 orclem

1589 6733 1651 6802 isle,
1671 6733 1702 6788 dc
1722 6731 1773 6802 quo
1790 6739 1841 6804 'epo
1861 6731 1928 6790 lolio
1944 6729 2047 6786 audio?
2064 6759 2100 6772 -
2119 6729 2176 6782 Duo
2194 6743 2267 6796 seqq.
2288 6729 2335 6782 loci
2356 6739 2417 6784 sunt
2435 6733 2476 6784 Ρε.
2493 6731 2543 6798 76,

1590 6823 1633 6878 tt.
1654 6837 1710 6890 seq.
1730 6831 1754 6876 et
1772 6825 1840 6876 loan.
1861 6825 1890 6888 a,
1912 6823 1953 6874 32.
1973 6833 2028 6884 seq.

1659 6907 1683 6940 ¹⁰
1701 6911 1774 6964 Vers.
1796 6911 1838 6964 il.
1851 6937 1885 6952 -
1899 6907 2015 6960 Subinde
2035 6909 2162 6970 allegatur
2174 6907 2250 6958 Pror.
2270 6907 2317 6972 ll,
2336 6911 2362 6964 6.

1659 6997 1681 7028 ¹¹
1702 6997 1768 7052 Vide
1788 7013 1866 7064 snpra
1885 7009 1947 7060 pag.
1967 6993 2034 7056 216,
2051 6997 2139 7048 nolam
2161 6997 2202 7048 ll.
