5908 8266
810 599 867 654 llll}
1182 515 1220 582 IN
1243 509 1536 580 conlhuhllnlos
1552 511 1587 578 S.
1612 509 1836 580 SCRIPTURAE
2164 605 2218 658 tub
2442 511 2506 578 773

515 689 648 742 63334443
669 689 873 754 temporalium,
890 695 999 756 propter
1022 691 1157 746 fastidium
1193 689 1260 744 nitati
1282 689 1332 744 377
1358 689 1390 744 34
1413 685 1444 728 ὲ
1463 687 1581 744 solebant
1605 687 1707 740 mentiri
1728 687 1830 740 36463
1868 695 2054 756 stamparum
2079 693 2213 746 huminem
2232 707 2290 748 esse
2313 689 2457 746 credebant
2480 695 2506 744 34

515 777 692 846 spiritualium
710 777 857 848 bonorum,
875 785 986 846 propter
998 779 1158 846 desperatio·
1192 785 1367 836 -ronlutati
1384 789 1415 836 ut
1434 783 1576 836 mendaces
1599 787 1623 836 ot
1640 781 1793 848 ignorantes
1804 779 1831 832 in
1868 777 2046 832 testimonium
2064 779 2187 832 eiusnon
2207 783 2337 846 recipiunt
2354 781 2406 834 368
2424 781 2454 830 34
2472 803 2508 818 -·
2558 801 2560 806 ·

516 883 577 922 3334
597 875 762 924 aeternorum
783 871 816 924 Vl
836 869 887 924 666
908 871 924 920 3
1063 853 1065 856 ’
1193 871 1263 922 43443
1283 871 1429 924 3346434344
1446 875 1506 924 3434
1528 869 1577 924 347
1599 871 1626 924 44
1650 899 1685 912 -
1703 869 1831 922 433444443-
1868 867 2022 920 nesciebant
2039 865 2171 922 Christum
2195 869 2286 922 notitia
2309 869 2507 936 approbationis

570 987 606 998 -
624 959 749 1014 dicuntur
765 973 824 1014 esse
842 955 993 1010 3446436343
1007 971 1057 1022 334
1074 957 1158 1010 imita·
1193 965 1249 1024 tur,
1268 959 1330 1026 quia
1356 959 1407 1024 ipsi
1430 959 1529 1012 habent
1552 959 1723 1014 daemonium
1743 965 1770 1012 34
1788 959 1831 1012 44444
1868 961 1993 1024 tanquam
2019 953 2229 1022 approbatuma
2256 959 2309 1010 633
2340 957 2390 1010 348
2419 957 2452 1010 44
2473 985 2507 996 --

515 1049 615 1102 tionem
641 1047 755 1114 exempli
784 1049 817 1102 64
846 1047 897 1100 366
924 1045 951 1098 ot
976 1075 1011 1084 --
1029 1047 1056 1100 in
1073 1061 1157 1112 opere
1192 1052 1252 1100 sunt
1270 1043 1369 1100 diaboli
1387 1047 1440 1098 346
1460 1049 1493 1100 38
1867 1043 2061 1112 cognoscebant
2085 1043 2216 1098 Christum
2240 1057 2289 1110 per
2311 1061 2418 1100 sensum
2436 1055 2507 1100 exte·

515 1139 659 1206 iniquitatis
677 1137 812 1190 imitantur
828 1141 931 1202 patrem
950 1133 1085 1188 diabolum
1104 1135 1155 1188 366
1245 1163 1283 1174 -
1308 1133 1384 1188 Plebs
1412 1135 1495 1186 noluit
1522 1137 1629 1190 credere
1656 1137 1742 1190 loanni
1770 1151 1831 1204 pro·
1865 1135 1979 1200 riorem,
1996 1133 2044 1186 sed
2062 1145 2112 1186 non
2133 1147 2180 1198 per
2199 1133 2386 1186 revelationem
2405 1133 2506 1188 interio-

515 1227 564 1290 64,
583 1225 627 1278 66.
645 1225 696 1278 366
717 1225 766 1288 68,
787 1225 815 1278 64
833 1223 1088 1290 -praetendebant
1100 1211 1156 1292 pie·
1191 1229 1250 1290 pter
1270 1223 1365 1276 mentis
1382 1223 1535 1276 caecitatem
1553 1225 1599 1278 Vll
1614 1227 1665 1278 486
1678 1225 1713 1278 67
1731 1253 1767 1292 q·-
1786 1229 1832 1280 mi·
1865 1239 1923 1280 rem
1940 1229 2068 1292 quantum
2089 1223 2121 1274 od
2141 1221 2305 1276 Divinitatem
2325 1221 2387 1276 4646.

515 1319 595 1368 434343
609 1313 634 1367 43
647 1317 731 1378 43343,
749 1313 796 1366 336
809 1311 936 1378 gerebant
953 1313 1116 1380 impietatem
1129 1313 1155 1366 in
1190 1317 1283 1366 serunt
1300 1311 1334 1364 46
1352 1313 1474 1364 43333343
1495 1313 1662 1368 honorabiles
1678 1317 1830 1370 auctoritate
1919 1339 1957 1354 ·-·
1974 1311 2091 1366 sciebant
2102 1309 2197 1364 Christi
2211 1309 2353 1376 originem,
2370 1311 2418 1364 sed
2430 1309 2506 1366 dubi·

515 1403 605 1456 anima
623 1403 670 1454 Vll
694 1403 748 1454 367
773 1403 807 1454 33
826 1429 864 1442 -
880 1403 986 1456 444344444
1011 1403 1156 1456 imitatores
1190 1403 1227 1456 Vl
1244 1401 1296 1454 366
1310 1399 1345 1452 46
1362 1427 1399 1440 ι-
1418 1409 1604 1454 recusaverunt
1621 1403 1830 1458 credereloanni
1866 1401 1958 1456 tabant
1975 1403 2007 1454 de
2027 1401 2154 1466 dignitate
2166 1399 2199 1452 Vl
2213 1397 2265 1452 367
2284 1401 2317 1452 66
2332 1427 2364 1440 -
2378 1399 2504 1464 sciebant,

513 1491 648 1558 nequitiae
668 1495 771 1556 patrum
792 1505 901 1544 34434434
921 1487 955 1544 46.
974 1489 1007 1544 34
1027 1519 1062 1532 -
1084 1493 1156 1544 mali·
1191 1493 1242 1544 338
1269 1489 1311 1542 63.
1339 1489 1388 1542 333
1416 1489 1448 1540 63
1475 1517 1508 1526 -
1533 1503 1586 1542 333
1610 1499 1770 1556 3333334434
1794 1499 1830 1546 te·
1865 1491 1997 1544 Christum
2027 1505 2085 1544 csse
2102 1489 2136 1544 de
2163 1487 2255 1554 643443,
2279 1489 2328 1542 336
2352 1489 2504 1554 ignorantes

500 1583 591 1656 tiam,
605 1593 685 1646 quam
698 1579 826 1644 gerebant
840 1581 968 1644 4333463,
980 1581 1156 1648 propalabant
1189 1579 1344 1632 stimonium
1362 1577 1466 1630 loannis
1482 1583 1607 1644 tanquam
1629 1577 1758 1630 incertum
1778 1581 1828 1634 344
1865 1581 1977 1634 3436343
2000 1579 2157 1644 credebant,
2174 1577 2247 1646 quod
2269 1593 2315 1646 per
2341 1579 2430 1646 loseph
2453 1577 2504 1632 347

513 1669 641 1732 inopere
661 1665 694 1722 ib.
717 1667 751 1720 36
1190 1665 1239 1732 63,
1259 1669 1293 1718 63
1866 1669 1900 1720 43
1922 1697 1958 1706 -
1977 1669 2139 1722 433344443444
2164 1667 2295 1736 dicentes,
2325 1683 2352 1722 se
2381 1669 2503 1732 ignorare

569 1783 604 1792 -
623 1757 779 1810 ludaeorum
799 1759 946 1826 malignitas
972 1757 1154 1826 inscriptura
1244 1753 1371 1824 -aliqui
1384 1757 1472 1820 magis
1484 1755 1619 1808 illuminati
1632 1759 1827 1820 cognoverunt,
1864 1755 1961 1810 Christi
1977 1757 2141 1814 nativitatem
2159 1759 2332 1824 temporalem
2349 1755 2382 1812 46.
2408 1757 2442 1808 46
2468 1785 2504 1796 -

436 1917 438 1920 Ι
512 1859 635 1910 34343333
656 1851 694 1900 334
714 1849 746 1902 Vl
766 1847 817 1902 464
839 1849 871 1902 37
883 1847 974 1902 -Ob
991 1861 1084 1902 eorum
1098 1863 1155 1914 per·
1190 1843 1322 1898 Christum
1343 1859 1401 1898 esse
1424 1847 1527 1912 3633,
1550 1843 1829 1912 quibuscontradice-
1863 1848 1983 1910 ternpore
2007 1847 2117 1902 6343643
2141 1845 2273 1900 Christum
2295 1853 2389 1902 uatum
2407 1859 2502 1912 cognu-

512 1937 604 1988 ildiam
617 1939 702 1988 velata
713 1941 816 1992 luerunt
828 1939 867 1992 343
878 1937 1002 2006 mysteria
1016 1937 1060 1988 Vll
1074 1937 1154 1988 3347
1190 1933 1253 1988 baut
1278 1935 1408 1988 excaecati
1428 1935 1464 1988 Vl
1482 1935 1535 1988 377
1553 1937 1588 1988 33
1606 1963 1642 1972 --
1660 1937 1768 2000 propter
1785 1947 1828 1984 au·
1863 1941 1960 1988 verunt
1981 1941 2008 1988 34
2027 1937 2216 2004 despexerunt,
2240 1937 2324 1992 immo
2346 1937 2372 1990 in
2392 1943 2503 1990 mortem

512 2053 549 2066 -··
560 2025 779 2090 eorumpertldia
798 2027 988 2080 condemnatur
1006 2011 1101 2078 48834
1117 2053 1155 2062 --
1190 2023 1276 2076 6444443
1294 2023 1428 2078 633444333
1446 2023 1539 2078 Christi
1564 2021 1672 2090 quidam
1691 2021 1829 2074 illuminati
1863 2027 2052 2076 consenserunt
2071 2023 2121 2076 363
2143 2023 2175 2076 76
2189 2053 2223 2064 -
2235 2039 2289 2080 non
2308 2027 2458 2080 3434464444
2468 2023 2503 2078 36

512 2111 618 2166 4463434
630 2113 741 2178 3346644
754 2111 1154 2168 333444343446444434343743
1189 2117 1382 2176 cognoverunt,
1396 2125 1529 2166 34343333
1544 2111 1702 2176 Prophetarn
1722 2111 1774 2162 366
1792 2109 1827 2162 68
1863 2111 1903 2164 343
1925 2111 2128 2180 qualiscumque
2153 2113 2238 2166 notitia
2267 2117 2298 2170 de
2324 2113 2435 2180 Christo,
2456 2113 2504 2168 sed

511 2201 654 2252 -Plebis
672 2203 831 2264 perversitas
850 2201 994 2256 ostenditur
1019 2201 1044 2252 43
1067 2201 1155 2254 444643
1188 2201 1352 2266 -Quidam
1376 2201 1534 2254 ludaeorum
1556 2201 1717 2264 incipiebant
1737 2199 1830 2252 illumi·
1862 2199 1956 2252 notitia
1973 2207 2043 2252 certa
2063 2201 2105 2252 Vll
2123 2201 2174 2252 506
2196 2203 2227 2254 43
2246 2229 2283 2244 ·-
2299 2219 2354 2258 nou
2374 2217 2504 2268 cognore-

514 2289 564 2340 433
586 2289 618 2340 48
1188 2289 1246 2342 nari
1266 2289 1316 2342 388
1344 2291 1375 2342 36
1395 2289 1536 2354 -Aliqui
1558 2291 1716 2342 ludaeorum
1739 2287 1828 2340 erede·
1862 2291 1925 2340 runt
1943 2285 2075 2342 Christum
2101 2293 2132 2340 ut
2155 2289 2274 2342 llesstam
2300 2297 2370 2344 certa
2396 2289 2503 2342 scientia

566 2405 603 2414 —
620 2377 680 2430 6434
697 2375 725 2428 43
749 2377 906 2432 3434344643
928 2389 990 2430 34434
1008 2375 1153 2444 pertinacia
1189 2375 1252 2430 bant
1271 2375 1371 2432 Christo
1397 2377 1447 2430 378
1469 2377 1482 2430 4
1501 2405 1538 2416 -
1562 2377 1637 2430 multi
1661 2375 1829 2432 erediderunt
1862 2375 1925 2432 ibid.
1945 2403 1980 2416 -
2004 2381 2187 2442 cognoverunt
2213 2375 2345 2432 Christum
2374 2391 2426 2432 non
2455 2393 2503 2444 per

512 2465 557 2518 Vll
582 2465 632 2516 663
661 2465 690 2516 43
710 2495 745 2504 -
762 2467 862 2532 viperis
890 2471 1076 2532 333433433444
1095 2481 1154 2534 pro·
1188 2465 1217 2518 in
1233 2465 1365 2520 Christum
1394 2473 1501 2534 propter
1529 2467 1658 2520 sermonis
1683 2465 1827 2520 elllcaciam
1863 2465 1960 2532 tidem,
1977 2466 2025 2520 sed
2042 2467 2190 2534 peraliqua
2209 2465 2502 2534 signamanuducentia

512 2561 571 2620 pter
590 2555 719 2620 triplicem
743 2557 930 2622 proprietatem
954 2555 989 2610 73
1010 2557 1043 2610 46
1060 2585 1098 2594 -
1114 2555 1154 2610 lu·
1189 2557 1239 2610 363
1261 2557 1293 2610 46
1312 2585 1349 2594 -—
1367 2555 1405 2608 63
1423 2555 1499 2608 turba
1520 2555 1595 2608 multi
1610 2555 1780 2608 erediderunt
1800 2555 1828 2608 in
1863 2557 1899 2612 36
1916 2555 1997 2608 66334
2016 2553 2079 2608 ibid.

512 2645 641 2698 63334434
661 2645 756 2700 6444443
772 2647 963 2700 condemnatur
980 2645 1153 2712 comparatio·
1188 2645 1336 2710 Christum,
1347 2661 1401 2700 nou
1418 2645 1454 2698 63
1466 2645 1631 2712 principibus
1644 2651 1668 2698 et
1680 2645 1827 2700 maioribus
1915 2671 1954 2684 -
1979 2643 2136 2698 dubitabant
2155 2645 2190 2698 de
2208 2645 2310 2702 Christo
2329 2647 2445 2714 dicente,
2470 2661 2500 2702 se

513 2749 546 2786 ne
564 2735 789 2790 Samaritanorum
806 2737 843 2790 Vl
860 2737 912 2790 333
930 2737 966 2790 63
983 2765 1020 2776 -
1038 2751 1152 2804 arguun·
1188 2735 1240 2790 347
1260 2735 1302 2790 43.
1322 2737 1368 2790 364
1394 2735 1426 2788 66
1863 2747 1920 2788 3333
1952 2735 2108 2786 moriturum
2138 2735 2170 2789 vt
2200 2735 2250 2788 436
2279 2735 2369 2788 48-
2395 2735 2502 2790 ludaeo-

512 2831 555 2878 tur
584 2831 691 2890 propter
720 2825 839 2892 ipsorum
866 2827 1095 2894 impoenitentiam
1124 2827 1152 2880 in
1241 2855 1276 2864 -
1294 2825 1410 2894 Populus
1421 2825 1537 2880 irruebat
1548 2825 1583 2880 ad
1596 2825 1727 2880 Christum
1739 2825 1775 2878 ad
1787 2837 1828 2878 ac·
1862 2837 1923 2878 rum
1949 2823 2076 2878 dubitatio
2101 2823 2136 2876 de
2159 2829 2244 2878 morte
2267 2825 2359 2878 Christi
2382 2839 2434 2878 333
2457 2839 2501 2878 43-

512 2915 711 2980 3343344344333
724 2915 898 2970 Ninivitarum
917 2917 960 2972 Vll
978 2917 1031 2970 333
1049 2919 1098 2980 68,
1115 2919 1151 2970 63
1188 2915 1341 2982 3434336443
1361 2915 1522 2984 doctrinam,
1539 2915 1691 2980 sanitatem,
1711 2919 1828 2980 3333443-
1863 2915 1901 2968 nit
1921 2913 1956 2966 63
1970 2915 2038 2966 malo
2061 2913 2204 2980 intehectu‚
2221 2915 2268 2968 sed
2290 2915 2325 2968 de
2342 2913 2445 2966 delectu
2463 2915 2502 2966 in·

512 3029 548 3042 ·-
566 3005 671 3056 luerunt
697 3005 832 3068 tripliciter
859 3005 1045 3070 vituperabiles
1063 3001 1151 3062 4666
1188 3017 1248 3056 44443
1262 3005 1366 3056 4334434
1379 3005 1482 3056 644443
1497 3005 1689 3068 3-6334443
1702 3001 1829 3070 diligebat
1862 3005 2019 3068 telligentiae
2035 3003 2071 3058 46.
2090 3003 2124 3056 43
2143 3033 2178 3042 -
2198 3017 2250 3056 non
2276 3009 2395 3070 poterant
2418 3017 2501 3056 3343

511 3119 547 3128 -
558 3107 611 3144 333
624 3099 782 3156 receperunt
793 3095 912 3158 pluriam
923 3095 1032 3160 gratiae,
1043 3097 1152 3162 quando
1188 3093 1320 3146 Christum
1340 3093 1407 3146 sicut
1430 3093 1587 3158 magistrum
1611 3093 1716 3146 fidelem
1738 3097 1766 3146 et
1782 3089 1828 3144 bo·¹
1863 3093 2025 3150 dubitatione
2042 3093 2148 3146 liberari
2165 3093 2217 3146 nisi
2234 3095 2386 3148 accedendo
2403 3095 2439 3146 ad
2451 3093 2500 3146 63-

452 3213 453 3216 ,
513 3179 641 3232 Dominus
668 3179 832 3242 praedicavit
858 3181 910 3234 463
933 3175 1152 3238 66-33333-
1188 3195 1252 3232 3443
1281 3181 1333 3232 666
1357 3181 1394 3234 76
1412 3181 1581 3246 -Populus
1603 3195 1748 3248 suspensus
1772 3187 1828 3234 erat
1863 3183 2031 3248 nriuumper
2049 3183 2131 3236 tidem
2150 3183 2196 3234 434
2219 3183 2501 3250 66-3433443434-

512 3272 664 3332 gnoverunt
681 3271 787 3332 tempus
805 3269 935 3322 adventus
949 3269 1068 3332 Domini,
1088 3271 1152 3324 dum
1189 3269 1299 3322 audieus
1318 3269 1450 3322 Christum
1469 3269 1654 3334 admiratione,
1672 3269 1826 3338 devotione,
1862 3273 1954 3338 plicari
1979 3275 2007 3324 34
2023 3271 2049 3322 43
2069 3269 2121 3324 663
2140 3269 2241 3332 633344,
2261 3273 2323 3340 quia
2349 3271 2500 3336 audierant,

421 3357 425 3368 '
487 3383 488 3386 ¹
512 3359 633 3422 poterant
652 3355 680 3406 74
707 3357 777 3408 5-
794 3357 930 3410 veritatem
951 3357 1153 3412 contemnebant
1188 3355 1313 3408 aviditate
1333 3359 1357 3406 et
1376 3355 1508 3408 desiderio
1526 3353 1588 3408 4646.
1606 3383 1643 3394 --
1657 3357 1750 3420 Populi
1769 3369 1827 3408 con·
1862 3375 1914 3414 non
1934 3359 2070 3412 credentes
2086 3359 2114 3410 ln
2133 3359 2264 3412 Christum
2282 3373 2339 3414 esse
2358 3359 2501 3412 moriturus

513 3451 621 3510 propter
641 3443 761 3498 velamen
781 3451 804 3498 et
824 3443 948 3498 umbram
967 3443 1019 3500 634
1038 3445 1066 3496 44
1189 3443 1331 3496 3444436434
1347 3443 1382 3494 ad
1395 3441 1525 3496 Christum
1538 3443 1605 3494 sicut
1617 3443 1652 3496 ad
1669 3443 1826 3508 magistrum
1862 3449 1909 3500 364
1934 3449 1968 3500 36

564 3563 602 3572 -
614 3547 668 3588 333
680 3539 754 3586 34334
773 3535 856 3600 344344
868 3535 987 3600 43343343
1005 3533 1152 3600 Christum,
1189 3537 1215 3584 et
1231 3531 1365 3584 medicum
1385 3545 1400 3584 a
1418 3531 1480 3584 locis
1501 3531 1657 3598 propinquis
1674 3539 1702 3584 et
1718 3529 1827 3584 43433443
1915 3565 1952 3574 .„
1968 3547 2022 3586 non
2047 3539 2169 3598 poterant
2193 3535 2334 3602 intelligere
2358 3551 2500 3602 personam

512 3623 561 3676 nisi
582 3623 884 3690 praemunirentuth
913 3625 965 3678 473
992 3625 1023 3678 64
1044 3651 1083 3666 ·-
1099 3639 1153 3678 uon
1190 3621 1239 3674 446
1262 3623 1308 3684 43,
1330 3619 1361 3674 44
1382 3615 1417 3658 -έ
1434 3623 1550 3686 Populus
1570 3635 1599 3674 34
1618 3621 1669 3674 663
1698 3627 1722 3674 34
1748 3623 1827 3674 devo·
1862 3625 1947 3678 Patris
1964 3629 1989 3674 et
2008 3623 2203 3690 generationem
2216 3621 2310 3678 Christi
2329 3625 2362 3678 Vl
2382 3623 2428 3678 364
2452 3625 2500 3690 36,

512 3719 670 3778 receperunt
686 3711 819 3768 Christum
839 3713 978 3780 33466343
998 3715 1032 3768 Vt
1052 3713 1104 3768 346
1118 3715 1152 3766 66
1187 3711 1259 3764 44333
1277 3707 1419 3776 quaerebat
1438 3709 1570 3764 Christum
1588 3715 1697 3774 tangere
1715 3707 1752 3764 46.
1770 3709 1803 3762 43
1863 3713 1897 3768 37
1915 3703 2145 3778 -cognuverunt
2162 3713 2248 3764 Deum
2261 3717 2361 3768 Patrem
2381 3713 2501 3766 essentia·

512 3831 547 3842 -
559 3801 993 3858 adChristumriolueruntvenire
1007 3815 1035 3854 34
1049 3803 1152 3856 6343343
1241 3827 1277 3840 -
1294 3799 1393 3852 infirmi
1409 3803 1484 3852 erant
1499 3799 1526 3852 43
1543 3799 1596 3854 663
1615 3799 1648 3854 Vl
1667 3797 1719 3852 377
1739 3799 1773 3852 37
1790 3827 1827 3840 -·
1862 3803 1928 3870 liter,
1946 3815 1999 3854 non
2016 3801 2188 3866 personaliter
2205 3799 2253 3854 374
2275 3803 2365 3856 86-
2383 3803 2501 3856 33334334

512 3893 623 3956 amoris,
644 3891 690 3944 sed
710 3891 828 3946 odientes
846 3893 969 3958 ingerunt
986 3891 1038 3944 347
1056 3889 1101 3958 73,
1115 3889 1152 3944 74
1188 3889 1260 3944 hlulti
1281 3889 1369 3942 ludaei
1394 3887 1480 3942 adhuc
1505 3887 1599 3942 intirmi
1620 3889 1736 3942 3443443
1760 3887 1826 3952 lide,
1863 3893 1947 3944 Deum
1965 3893 2069 3944 Patrem
2087 3889 2196 3944 34733.
2214 3889 2266 3944 363
2285 3893 2328 3946 36.
2347 3893 2397 3944 376
2417 3893 2451 3946 73
2464 3920 2501 3932 -

419 3977 420 3980 ’
512 4009 547 4030 .-
566 3995 617 4034 334
631 3986 786 4046 43333344434
797 3979 929 4034 Christum
944 3983 1086 4048 humilem,
1103 3981 1152 4034 sed
1188 3979 1250 4046 quia
1270 3993 1360 4032 eorum
1382 3979 1449 4032 oculi
1466 3993 1519 4032 333
1536 3983 1638 4032 4334443
1661 3977 1827 4032 delectabau·
1862 3995 1916 4034 non
1937 3981 2047 4034 credunt
2068 3981 2215 4034 testimonio
2241 3983 2323 4036 Patris
2340 3979 2392 4034 376
2411 3983 2445 4034 78
2464 4009 2501 4022 -·
2551 4049 2552 4052 Ἴ

511 4071 639 4136 433434334
650 4071 829 4124 antichristum
848 4069 992 4136 superbum
1011 4069 1044 4124 46.
1063 4069 1097 4124 76
1117 4099 1152 4108 -
1190 4073 1230 4120 444
1250 4069 1275 4120 444
1288 4073 1397 4134 3333344
1408 4067 1536 4134 34343443,
1554 4069 1600 4122 336
1620 4067 1699 4120 344343
1714 4081 1826 4132 operum
1863 4073 2019 4124 confitentur
2036 4069 2064 4122 in
2085 4067 2189 4124 Christo
2206 4073 2308 4136 regiam
2331 4071 2500 4136 dignitatem,

512 4157 667 4212 ludaeorum
680 4161 762 4230 pauci
773 4157 904 4214 Christum
913 4165 1088 4224 susceperunt
1099 4161 1151 4212 333
1190 4157 1240 4210 443
1262 4155 1293 4208 44
1307 4187 1341 4194 -
1354 4157 1425 4210 644444
1445 4155 1652 4222 exprincipibus
1670 4157 1826 4210 1364334443
1862 4175 1916 4214 nen
1936 4157 1968 4212 ab
1993 4157 2112 4222 homine,
2132 4157 2179 4212 sed
2203 4171 2216 4208 a
2237 4159 2290 4212 633
2318 4173 2376 4212 3333
2395 4157 2446 4212 444
2465 4159 2499 4210 48

512 4247 546 4300 ab
566 4277 601 4288 -
626 4253 785 4312 exceperunt
808 4247 941 4302 Christum
965 4247 1078 4302 exterius
1094 4261 1152 4300 cor·
1189 4247 1326 4300 credentes
1341 4247 1369 4298 in
1382 4245 1514 4300 Christum
1528 4259 1582 4298 non
1594 4249 1668 4298 erant
1682 4245 1786 4310 perlecti
1799 4245 1827 4298 in
1862 4277 1897 4290 ..-
1915 4253 2013 4314 negant
2021 4247 2153 4300 Christum
2165 4259 2271 4312 regem,
2290 4263 2324 4302 ne
2338 4247 2501 4314 vituperium

411 4357 412 4362 ¹
512 4337 649 4400 penaliter,
667 4335 788 4390 sednon
806 4335 915 4390 434344443
933 4351 981 4402 334
1000 4337 1151 4388 66334363
1189 4335 1241 4388 lide
1262 4333 1311 4386 433
1332 4335 1359 4386 ot
1383 4361 1417 4374 --
1436 4333 1651 4400 lllultiprineipes
1669 4333 1826 4388 ludaeorum
1863 4339 1890 4392 43
1906 4353 1953 4392 333
1970 4337 2100 4392 redundet
2115 4337 2165 4388 433
2184 4337 2214 4388 46

514 4423 547 4478 64
569 4423 624 4492 (83)
643 4421 670 4478 3*
1008 4481 1009 4484 ,
1189 4425 1214 4476 43
1227 4421 1359 4478 Christum
1374 4423 1512 4476 credentes
1528 4421 1656 4476 timebant
1671 4421 1825 4476 eiectionem
1915 4455 1952 4466 --
1968 4439 2022 4478 333
2040 4423 2274 4490 capiuntverbum
2288 4425 2382 4480 Christi
2399 4427 2434 4480 Vl
2448 4425 2501 4478 366

512 4563 513 4566 ,
566 4541 599 4552 -
617 4527 669 4566 334
689 4519 749 4568 3434
768 4515 831 4568 43344
843 4515 877 4568 36
890 4515 1071 4568 exsultandum
1088 4507 1162 4580 343-’
1190 4527 1218 4568 34
1237 4525 1374 4578 synagoga
1401 4517 1527 4580 tanquam
1550 4511 1696 4576 imperiecti
1718 4511 1746 4564 in
1771 4511 1825 4564 663
1863 4517 1896 4572 64
1914 4543 1950 4556 -
1966 4527 2021 4568 nun
2043 4515 2220 4568 intellexerunt
2248 4517 2358 4570 salutem
2384 4515 2430 4568 Vll
2448 4511 2500 4568 476

512 4607 570 4670 3434
593 4603 737 4656 3643444443
764 4603 870 4668 Christi,
890 4603 937 4658 sed
961 4601 1098 4668 depravati
1116 4601 1149 4656 ad
1189 4601 1251 4658 4646.
1271 4601 1408 4668 -parati
1427 4601 1533 4656 credere
1553 4615 1604 4656 non
1633 4599 1765 4656 audebant
1781 4615 1826 4666 pa·
1864 4607 1896 4658 46
1914 4635 1950 4646 -
1967 4605 2093 4670 Arguitur
2117 4619 2207 4658 eorum
2221 4605 2364 4672 generatio,
2381 4605 2500 4670 quiete·

511 4691 750 4758 blasphemandum
778 4693 822 4746 Vll
853 4693 900 4744 484
932 4693 966 4744 66
994 4721 1029 4730 -
1057 4705 1150 4744 eorum
1187 4697 1239 4746 4434
1259 4691 1330 4758 loqui
1347 4691 1383 4742 de
1400 4689 1503 4742 Christo
1522 4691 1574 4758 348
1592 4689 1628 4742 47
1832 4681 1834 4684 ’
1863 4695 1926 4760 3463
1944 4693 1978 4746 36
1997 4693 2152 4748 discendum
2179 4693 2229 4746 338
2250 4693 2281 4746 66
2303 4691 2500 4760 -reiecerunt

512 4779 673 4846 blasphemia
698 4787 860 4846 aggravatur
884 4795 912 4834 34
930 4787 996 4846 Ι4343
1015 4781 1150 4846 praedica·
1240 4795 1310 4832 -a
1332 4781 1421 4844 house
1440 4783 1464 4832 et
1483 4791 1499 4830 a
1517 4777 1621 4832 Christo
1634 4781 1748 4832 accusati
1765 4783 1826 4832 sunt
1854 4763 2008 4838 ¹doctrinam
2027 4781 2124 4838 Christi
2138 4779 2172 4834 Vl
2191 4781 2243 4834 336
2261 4783 2276 4834 8
2291 4811 2325 4822 -
2336 4797 2388 4836 non
2407 4795 2500 4850 appre-

512 4871 582 4922 tione
603 4869 787 4934 Apostolorum
812 4869 846 4924 46.
872 4871 900 4922 64
923 4897 961 4910 -
976 4883 1030 4922 333
1055 4867 1150 4922 habue·
1189 4871 1306 4924 63433443
1325 4866 1434 4922 663436
1452 4867 1678 4934 credendumipsi
1697 4869 1825 4934 hloysiVl
1863 4873 2010 4926 henderunt
2033 4871 2166 4926 Christum
2189 4871 2339 4940 veritatem,-
2364 4871 2499 4928 sedmen·
2608 4861 2610 4864 ’

511 4967 573 5012 runt
590 4959 755 5012 sedulitatem
770 4961 803 5012 ad
820 4959 912 5012 Christi
926 4959 1037 5024 gratiam
1055 4973 1150 5024 cogno·
1189 4959 1239 5012 347
1259 4959 1293 5012 77
1312 4985 1346 5000 -
1364 4963 1472 5024 peccato
1492 4957 1648 5012 infidelitatis
1667 4957 1826 5012 addiderunt
1863 4963 1967 5016 dacium
1997 4961 2049 5014 347
2076 4961 2106 5012 44
2133 4989 2170 5000 -
2191 4973 2244 5012 non
2269 4961 2412 5016 audiebant
2431 4961 2501 5014 Chri·

510 5047 636 5102 scendum
650 5045 701 5098 477
715 5049 747 5100 46
761 5075 795 5088 -
810 5049 878 5102 43343
895 5047 993 5100 44464343
1007 5047 1052 5100 634
1067 5047 1148 5114 gratia
1187 5053 1326 5114 peccatum
1344 5047 1371 5100 43
1390 5047 1516 5114 Spiritum
1541 5051 1659 5102 sanctum
1685 5045 1735 5100 466
1754 5045 1824 5114 7,-
1864 5055 1947 5114 34434,
1972 5049 2034 5116 quia
2060 5053 2133 5102 erant
2159 5063 2190 5102 ex
2217 5049 2322 5102 diabolo
2341 5045 2392 5102 367
2412 5049 2446 5102 64
2465 5079 2500 5088 ——

511 5135 629 5188 veritatis
655 5135 694 5188 343
721 5135 919 5206 proponebatur
938 5149 991 5188 non
1015 5135 1149 5202 explicite,
1187 5139 1288 5204 Moyses
1308 5143 1346 5190 est
1365 5141 1502 5192 accusator
1523 5137 1683 5192 4463334434
1700 5149 1755 5188 333
1772 5147 1825 5188 ore·
1863 5137 1981 5192 Christus
1999 5137 2100 5192 ludaeis
2126 5137 2198 5190 malis
2223 5139 2313 5202 gravis
2335 5139 2382 5192 4444
2405 5139 2439 5192 36
2456 5153 2501 5192 au·

511 5225 569 5298 sed
587 5223 711 5278 obvoluta
740 5225 868 5286 4644.-
892 5239 945 5278 333
970 5225 1149 5290 intelligebant
1187 5227 1305 5282 dentium
1316 5225 1478 5280 6344343347
1495 5225 1537 5278 77.
1550 5225 1639 5286 34884
1658 5239 1758 5278 ——non
1772 5237 1825 5276 cre·
1855 5227 1991 5300 64336444
2009 5231 2034 5280 34
2053 5225 2085 5280 36
2099 5225 2282 5280 sustinendum
2302 5225 2354 5280 677
2372 5241 2397 5278 v.
2420 5225 2500 5278 43·-

511 5309 650 5378 344463433
668 5313 703 5364 Vl
721 5313 774 5366 384
792 5315 810 5366 7
828 5343 864 5354 -
882 5315 958 5366 stulte
970 5313 1149 5380 intelligebant
1187 5315 1284 5368 debant
1303 5315 1376 5382 quod
1394 5313 1512 5368 Christus
1535 5313 1640 5368 dicebat
1658 5313 1697 5366 eis
1714 5313 1743 5366 in
1760 5313 1824 5366 veri·
1863 5315 1949 5372 446334
1968 5315 2101 5370 Christum
2120 5315 2211 5370 446343
2224 5331 2274 5370 333
2289 5321 2409 5384 poterant
2422 5329 2451 5370 344
2464 5315 2501 5368 in·

511 5399 594 5452 verba
607 5399 701 5454 Christi
720 5403 772 5456 333
791 5405 834 5456 83.
854 5403 904 5456 366
926 5405 958 5456 33
977 5401 1149 5456 -Christus
1187 5409 1245 5460 tate
1257 5403 1301 5456 Vll
1322 5405 1372 5456 463
1391 5403 1425 5454 63
1753 5441 1754 5444 ,
1864 5405 1935 5460 44643
1953 5406 2004 5458 433
2029 5421 2058 5458 4.
2076 5407 2111 5458 46
2131 5433 2168 5444 -
2180 5407 2296 5458 carnales
2315 5399 2500 5460 vocemintel·

512 5489 612 5540 ludaeis
632 5489 717 5552 ipsum
736 5505 788 5544 non
808 5489 1009 5556 intelligentibus
1022 5493 1093 5558 loqui
1109 5491 1149 5544 vi-
1242 5521 1274 5532 -
1292 5493 1382 5560 aliquo
1400 5491 1482 5546 modo
1501 5493 1620 5546 sciebant
1636 5489 1733 5546 Christi
1751 5505 1826 5558 gene·
1863 5495 1989 5560 ligibilem
2013 5495 2061 5546 Dei
2078 5495 2181 5548 Christo
2208 5495 2386 5548 testimonium
2412 5495 2499 5560 perhi-

510 5577 625 5630 debatur
646 5581 771 5642 tanquam
790 5581 872 5632 homo
890 5579 1016 5630 alienatus
1033 5579 1085 5630 363
1103 5579 1139 5630 73
1187 5581 1314 5634 rationem
1335 5583 1521 5646 temporalem,
1547 5581 1634 5650 aliquo
1655 5579 1737 5636 34363
1755 5581 1826 5646 igno·
1865 5585 1949 5638 bentis
1967 5583 2060 5638 audire
2076 5597 2129 5636 non
2152 5589 2272 5648 poterant
2295 5597 2343 5636 nec
2361 5585 2448 5648 ipsum
2467 5585 2500 5638 lo·

459 5695 460 5698 =
547 5693 598 5714 ,-
617 5669 691 5718 344444
708 5663 815 5732 litigiosi
836 5669 928 5730 aperte
947 5667 1149 5720 contradicendo
1187 5669 1279 5722 rabant
1307 5671 1339 5722 Vl
1370 5669 1419 5722 348
1449 5669 1492 5738 43,
1520 5669 1554 5722 46
1577 5669 1826 5734 -cognoscebant
1864 5677 1988 5738 quantem
2006 5673 2099 5726 videre
2117 5671 2169 5724 346
2187 5671 2231 5724 66.
2250 5675 2301 5726 346
2320 5671 2355 5726 76

509 5753 612 5808 Christo
640 5753 674 5804 Vl
703 5753 754 5804 333
782 5753 826 5804 83.
854 5751 906 5804 334
935 5753 967 5802 83
987 5779 1021 5790 -
1040 5751 1149 5804 libenter
1188 5753 1280 5808 Christi
1310 5759 1482 5822 temporalem
1509 5759 1718 5822 generationem,
1749 5771 1826 5822 nega·
1916 5785 1951 5798 -
1970 5759 2042 5812 viam
2061 5759 2149 5812 salutis
2174 5759 2296 5814 34446343
2317 5759 2440 5812 volebant
2465 5761 2500 5814 Vl

509 5845 745 5896 murmuraverunt
765 5843 808 5894 Vll
828 5839 880 5892 446
899 5839 933 5890 46
949 5867 987 5878 -
1005 5853 1150 5892 murmura·
1190 5843 1253 5894 bant
1270 5849 1403 5896 aeternam
1431 5843 1481 5896 333
1502 5843 1544 5896 66.
1570 5843 1621 5896 347
1640 5843 1684 5896 43.
1708 5843 1759 5896 343
1780 5843 1825 5906 43,
1865 5847 1917 5900 tlt
1937 5847 1969 5898 46
1990 5875 2022 5884 -
2042 5837 2115 5900 34334
2131 5849 2247 5900 64636
2266 5849 2429 5902 credendum
2447 5849 2499 5902 344

510 5931 627 5988 633463
645 5927 748 5984 Christo
761 5930 861 5982 occulta
881 5927 1040 5980 detractione
1060 5941 1150 5980 secun·
1190 5929 1231 5982 46.
1256 5927 1308 5982 343
1336 5929 1366 5980 64
1389 5957 1426 5970 -·
1443 5931 1506 5996 quia
1524 5929 1651 5982 videbant
1676 5933 1702 5982 in
1725 5929 1825 5984 Christo
1864 5935 1911 5996 73,
1930 5933 1974 5986 76.
1999 5933 2104 5986 37734
2123 5963 2158 5974 -
2177 5949 2254 5988 33333
2282 5939 2389 5990 3436343
2414 5939 2500 5990 auitae·

511 6021 576 6076 dum
595 6035 698 6074 morem
716 6027 822 6084 potrum
840 6019 876 6072 Vl
894 6019 946 6070 333
964 6019 1000 6072 66
1189 6017 1307 6070 64443434
1321 6017 1444 6070 virtutem
1463 6017 1611 6084 43363443,
1629 6017 1739 6070 credere
1750 6017 1827 6068 debe
1864 6027 1938 6084 runt,
1955 6021 2018 6088 quia
2042 6021 2173 6074 Christum
2194 6007 2318 6078 laudabat
2342 6025 2391 6078 377
2414 6025 2445 6078 34
2456 6051 2500 6092 ,-

469 6129 470 6132 ¹
544 6095 600 6150 ¹-
620 6111 677 6164 633
696 6115 735 6162 334
759 6109 874 6164 emollita
891 6121 984 6162 eorum
1004 6107 1098 6162 duritia
1118 6107 1151 6160 ad
1190 6105 1326 6160 63343433
1355 6095 1519 6158 Divin'itatem
1550 6105 1583 6160 46.
1610 6107 1641 6158 63
1662 6133 1695 6142 -
1714 6105 1826 6170 3334443·
1864 6123 1917 6160 uon
1935 6107 2076 6162 credebant
2096 6109 2122 6160 43
2134 6107 2264 6164 Christum
2285 6119 2391 6176 propter
2409 6113 2500 6164 odium

492 6257 494 6262 .
512 6199 672 6264 plorandum.
682 6213 729 6262 per
742 6199 962 6264 praedicationem
976 6199 1090 6264 loannis,
1103 6197 1150 6252 sed
1189 6197 1253 6252 bant
1269 6203 1371 6250 certum
1389 6195 1425 6248 de
1449 6209 1563 6262 persona
1580 6193 1677 6250 Christi
1699 6193 1824 6248 indicium
1865 6203 1889 6250 et
1907 6197 2034 6248 invidiam
2054 6197 2106 6248 366
2125 6195 2159 6248 66
2178 6225 2213 6264 ff-
2231 6211 2286 6250 aon
2304 6199 2415 6254 3436334
2431 6199 2501 6252 Chri·

510 6293 587 6338 aucta
608 6287 705 6340 malitia
724 6289 759 6340 36
771 6287 963 6342 detrahendum
983 6288 1026 6340 Vll
1048 6287 1093 6340 484
1117 6285 1148 6338 63
1189 6289 1241 6342 336
1260 6287 1294 6340 35
1313 6287 1509 6340 -nescierunt
1519 6285 1650 6340 Christum
1672 6283 1722 6338 368
1739 6283 1773 6336 66
1792 6313 1826 6322 -
1865 6293 1904 6338 343
1927 6289 2036 6350 3433434
2062 6285 2154 6338 364443
2183 6285 2300 6338 veritatis
2327 6287 2378 6338 367
2398 6287 2445 6352 63,
2464 6275 2499 6338 63

511 6403 546 6412 -
575 6389 654 6440 opera
674 6377 816 6440 virtutum,
833 6389 902 6442 quae
930 6383 992 6430 sunt
1015 6389 1029 6428 3
1053 6377 1150 6442 Spiritu
1189 6377 1383 6446 cognoscebant
1399 6375 1533 6434 Christum
1547 6375 1690 6430 secundum
1709 6373 1827 6428 hnmani·
1864 6405 1897 6414 -
1928 6387 1982 6428 non
2011 6373 2122 6428 credunt
2152 6373 2253 6428 veritati
2287 6379 2394 6440 propter
2425 6389 2500 6428 suam

511 6469 617 6526 sancto,
634 6463 685 6526 ipsi
702 6477 734 6516 en
747 6465 861 6532 nequitia
875 6467 961 6518 cordis
974 6463 1151 6518 attribuebant
1189 6473 1266 6522 tatem
1287 6473 1387 6520 tantum
1408 6467 1458 6520 366
1480 6467 1511 6520 38
1531 6469 1704 6532 -poteraut
1729 6479 1826 6530 coguo—
1863 6463 1988 6518 malitiam
2011 6461 2074 6518 4646.
2102 6475 2134 6502 ’-
2162 6461 2300 6518 noluerunt
2322 6461 2431 6518 credere
2454 6479 2500 6516 ve·

509 6551 651 6604 daemonio
671 6551 732 6604 46434.
750 6551 786 6592 -’-
805 6569 852 6620 334
871 6555 1058 6608 detractionem
1076 6553 1104 6608 in
1118 6557 1150 6608 lo·
1189 6569 1261 6610 scere
1280 6557 1412 6610 Christum
1428 6557 1470 6608 Vll
1484 6555 1517 6608 78
1539 6557 1571 6610 36
1589 6585 1624 6594 -
1643 6557 1824 6620 cognoverunt
1862 6553 2058 6620 ritatipropter
2075 6553 2220 6618 appetitum
2239 6553 2346 6606 44333443
2363 6553 2424 6606 rani
2447 6551 2500 6606 347

489 6635 490 6638 ’
511 6631 617 6694 3444333
635 6637 735 6694 bonum
754 6649 857 6708 ponant
874 6645 899 6696 in
920 6645 1018 6698 malum
1037 6641 1100 6698 4646.
1188 6645 1320 6704 Christum
1339 6659 1371 6698 ex
1388 6647 1478 6700 multis
1496 6645 1577 6710 signis
1598 6641 1647 6698 347
1670 6643 1701 6696 43
1862 6643 1910 6710 76,
1928 6641 1962 6706 76

566 6759 600 6788 ,-
619 6727 759 6786 mendaces
770 6731 883 6786 oderunt
895 6733 1030 6794 4344434334
1052 6733 1085 6786 Vl
1099 6731 1149 6786 367
1241 6761 1276 6776 -
1299 6735 1447 6788 3333434434
1475 6735 1568 6788 Christi
1596 6731 1763 6786 Divinitatem
1792 6731 1824 6784 Vl
1916 6761 1951 6770 —
1970 6731 2033 6800 quia
2051 6743 2082 6782 ex
2101 6731 2196 6782 malitia
2212 6729 2312 6784 Christo
2332 6731 2438 6782 credere
2458 6743 2503 6784 no·

511 6819 556 6886 64,
575 6821 609 6874 63
627 6847 662 6860 -
680 6833 785 6886 semper
803 6821 929 6878 rebellare
948 6821 1096 6880 nitebantur
1109 6835 1150 6876 ve·
1190 6823 1240 6876 358
1260 6825 1305 6876 36.
1322 6825 1374 6878 366
1387 6825 1431 6892 38.
1445 6823 1493 6878 364
1510 6825 1554 6878 37.
1574 6821 1626 6874 434
1644 6821 1680 6872 34
1694 6847 1734 6884 ,-
1751 6819 1825 6874 Chri·
1863 6823 1981 6898 luerunt,
1997 6823 2058 6872 sunt
2075 6817 2262 6872 inexcusabiles
2282 6819 2314 6872 Vl
2335 6819 2451 6884 46436,
2466 6819 2503 6872 37

1115 6955 1120 7034 4
