5908 8266
425 597 488 662 660
1295 579 1409 648 INDEX
1434 579 1562 650 RERUM

491 699 493 704 a
715 671 777 730 ACG
1136 717 1137 720 ¹
2060 669 2127 724 tou

424 773 458 824 te
476 795 513 806 -
530 763 572 816 Ad
590 763 672 816 Deum
692 767 826 818 acceditur
839 765 980 818 intentione
993 779 1067 818 rnen·
1157 763 1236 818 6666
1257 791 1290 800 -
1308 763 1337 814 16
1352 761 1615 826 agendisiulormant
1634 773 1661 812 66
1676 771 1746 828 quae
1781 757 1896 824 piatione
1907 761 2010 812 ratione
2021 761 2159 828 temporis,
2174 773 2226 814 oon
2240 761 2374 828 dignitatis
2386 763 2420 816 71

422 861 469 922 tis,
493 869 546 908 uon
575 853 698 920 passibus
724 853 1061 920 corporalitatum
1103 851 1221 908 Christus
1241 851 1323 916 gessit
1340 849 1477 902 716786.
1501 849 1546 902 691
1571 847 1645 900 1.16
1664 875 1698 886 -
1717 847 1746 902 16
1782 845 1834 900 166
1852 863 1881 900 v.
1905 849 1939 900 16
1957 875 1994 888 -
2011 851 2138 914 Egressus
2161 863 2178 902 6
2201 849 2421 916 contemplatione

422 941 801 998 -AccedendumadDeum
821 941 855 994 ad
873 943 1067 996 consulendum
1103 941 1209 1008 agendo
1221 937 1340 1004 dirigunt
1358 937 1498 1004 prudentia
1525 943 1551 990 et
1571 935 1665 990 iustitia
1694 935 1745 992 162
1781 935 1817 988 66
1845 935 1974 996 actionem
1999 917 2051 990 uon
2075 941 2116 990 est
2138 937 2346 1002 retrocessiouis,
2373 937 2420 992 sed

424 1039 451 1088 et
468 1033 503 1086 66
521 1019 683 1084 atterendum
704 1031 756 1082 623
775 1031 791 1082 6
1102 1045 1131 1082 1.
1150 1031 1166 1082 7
1187 1057 1221 1070 -
1241 1025 1385 1081 Strenuitas
1401 1025 1428 1078 in
1448 1023 1624 1092 agendouide
1641 1039 1664 1080 u.
1682 1025 1746 1094 Ope·
1781 1025 1969 1080 exercitationis
1984 1025 2034 1078 386
2057 1025 2088 1076 16
2101 1025 2209 1078 —Post
2221 1025 2421 1090 contemplatio-

476 1121 600 1172 Ascraeas
619 1147 655 1160 -·
673 1119 711 1172 66
728 1119 1004 1184 6166116616661661611
1027 1133 1068 1174 ac·
1102 1117 1236 1174 16116.-
1255 1119 1281 1170 ln
1302 1115 1538 1168 ’661166666661666
1563 1113 1745 1182 teueridebet,
1780 1127 1842 1166 nem
1861 1115 2026 1168 redeundum
2040 1113 2076 1166 ad
2086 1113 2239 1166 exercitium
2252 1113 2362 1170 actionis
2375 1115 2419 1168 Vll

424 1207 544 1274 cepimus
557 1207 717 1274 doctrinam,
731 1207 855 1272 gratiam,
869 1209 1067 1274 virtutempro-
1103 1207 1260 1262 declinando
1283 1197 1494 1270 superlluum'et
1520 1203 1682 1256 diminutum
1700 1203 1745 1258 Vll
1781 1203 1816 1256 63
1830 1201 1858 1256 61
1877 1231 1910 1246 -
1925 1203 2056 1256 interdum
2069 1203 2283 1256 descendendum
2298 1203 2419 1256 adactio-

424 1293 543 1350 lectionis
554 1301 580 1348 et
592 1281 739 1360 praemium
749 1295 930 1350 retributionis
940 1297 972 1350 71
986 1297 1066 1350 6396
1104 1295 1209 1352 63623
1235 1297 1351 1346 -6661
1380 1293 1564 1348 rectillcandae
1589 1293 1626 1346 72
1646 1295 1674 1346 66
1708 1321 1745 1334 -
1779 1307 1827 1346 666
1841 1291 2091 1346 36672-161116
2105 1291 2193 1346 reddit
2208 1291 2344 1346 bominem
2365 1295 2419 1346 666

425 1383 684 1448 -6661661166166
697 1381 1068 1452 66616116661616611666666-
1098 1385 1248 1440 Ι611161616
1267 1379 1745 1448 661616666661616111661666666616
1780 1381 1965 1448 acceptabilem
1982 1379 2014 1436 67
2034 1381 2069 1434 66
2080 1407 2118 1422 ·-
2130 1393 2221 1434 omnes
2236 1381 2367 1436 Ecclesiae
2378 1383 2421 1436 dc·

424 1477 475 1534 tes,
495 1469 659 1536 obedientes,
679 1479 829 1538 pugnantes
847 1481 873 1526 et
891 1473 1065 1540 eontemplau-
1102 1477 1188 1528 Deum
1207 1469 1308 1526 27671
1331 1499 1368 1510 -
1388 1471 1557 1526 7116666661
1580 1477 1689 1526 actuum
1706 1473 1745 1526 di·
1781 1471 1899 1526 serviunt
1919 1469 1969 1524 666
1991 1469 2024 1522 69

423 1565 476 1624 166,
494 1573 546 1612 666
566 1573 630 1614 1666
644 1559 738 1626 ignoti,
758 1563 855 1628 ignari,
875 1561 976 1628 indigni
989 1569 1016 1616 et
1028 1565 1065 1616 iu·
1101 1563 1170 1616 visio
1190 1559 1254 1616 tutu.
1832 1587 1869 1600 --
1886 1559 1977 1612 661116
1991 1565 2028 1614 est
2040 1559 2195 1614 necessitate
2206 1559 2360 1622 sustinenda
2372 1559 2417 1614 Vll

424 1647 1066 1722 6661116.8.6609-11611666666116611661
1154 1679 1193 1692 -
1210 1651 1296 1716 Opera
1310 1651 1441 1718 quaedam
1456 1665 1516 1706 mox
1529 1653 1665 1706 nominata
1686 1663 1745 1704 cou-
1779 1649 1830 1700 276
1850 1649 2035 1702 711-6161116
2056 1655 2159 1702 666661
2178 1649 2420 1718 despicienda,scd

423 1739 459 1792 ad
477 1739 621 1802 gratiarum
646 1739 789 1802 actionem,
809 1739 843 1792 ad
862 1739 957 1794 mentis
981 1739 1066 1792 humi·
1102 1739 1745 1808 16661666616616616666666666666666666
1779 1739 1814 1790 66
1832 1743 1940 1802 tempus
1949 1739 2136 1804 praeeligenda
2149 1739 2201 1792 276
2219 1737 2255 1790 76
2273 1769 2310 1778 -
2326 1739 2420 1794 delira

424 1825 570 1890 bulionem,
589 1825 623 1880 ad
641 1827 744 1880 uirtutis
764 1829 910 1892 proiectum
929 1835 956 1882 et
972 1829 1008 1880 ad
1025 1841 1066 1882 ac·
1102 1831 1173 1898 deri3
1194 1829 1744 1898 666666666666661666666661666-
1778 1827 1965 1892 praeeligenda
1984 1831 2022 1880 est
2042 1827 2098 1880 1166
2118 1829 2283 1894 imperfecto,
2302 1829 2344 1880 161
2358 1843 2419 1882 crim

423 1919 561 1980 ceptorum
580 1913 791 1968 distributionem
812 1915 863 1968 639
882 1913 898 1966 7
953 1957 956 1964 .
1102 1923 1162 1972 6661
1181 1919 1251 1970 bene
1268 1917 1338 1982 fieri,
1358 1931 1419 1970 cum
1439 1917 1512 1972 adest
1528 1917 1598 1970 bona
1619 1915 1743 1982 intentio;
1778 1915 1838 1984 quis
1857 1915 1989 1982 obligatur
2007 1929 2038 1968 ex
2051 1921 2192 1982 praecepto
2210 1917 2266 1970 6116
2282 1931 2313 1970 ex
2331 1917 2418 1970 olllcio

476 2031 514 2044 -
530 2003 655 2068 deceptio
674 2017 849 2068 personarum
866 2003 972 2058 vitanda
993 2019 1075 2072 praef
1102 2008 1234 2076 66666666
1259 2021 1313 2060 666
1338 2007 1404 2060 liunt
1423 2005 1493 2060 bona
1510 2007 1564 2060 sola
1585 2005 1743 2070 intentione,
1778 2003 1840 2060 16111.
1860 2033 1895 2044 -
1913 2005 2013 2060 661116
2030 2005 2174 2072 aliquando
2196 2005 2384 2070 praeeligenda
2403 2021 2419 2058 6

425 2089 482 2144 16116
502 2091 543 2144 711
566 2091 617 2144 636
637 2093 669 2144 23
1102 2099 1152 2150 6161
1171 2095 1240 2150 adsit
1258 2111 1336 2150 causa
1355 2103 1382 2150 et
1398 2097 1464 2150 ordo
1484 2097 1517 2150 71
1538 2095 1588 2150 167
1608 2099 1672 2148 9-
1691 2109 1744 2148 rua·
1778 2093 1842 2148 viris
1863 2093 2043 2162 spiritualibus
2055 2093 2118 2148 ibid.
2135 2121 2172 2132 -
2189 2091 2419 2160 Reprelreusibiles

477 2179 1066 2248 Accusatus-Adaceusaudumproximum
1101 2187 1246 2242 iuratione
1271 2183 1334 2240 boui
1352 2183 1476 2240 substrati
1505 2190 1576 2238 esta
1602 2185 1670 2252 Deo,
1690 2197 1744 2236 666
1778 2183 2419 2252 6661661,66661616616666666661666616116·

424 2267 523 2336 obligat
540 2275 711 2336 praeceptum
723 2271 844 2326 divinum
857 2273 900 2324 vel
919 2275 1065 2326 humanum
1101 2279 1201 2332 ratione
1219 2275 1392 2330 deformitatis
1410 2275 1461 2330 269
1484 2273 1515 2328 16
1778 2273 1819 2328 616
1836 2273 1992 2342 ascendere,
2009 2275 2102 2328 volunt
2123 2273 2259 2342 quiescere
2283 2273 2361 2326 6166
2381 2273 2419 2324 la·

424 2357 1065 2424 71866-6666116616616666666611616161
1154 2393 1191 2406 -
1209 2365 1306 2432 Omne,
1325 2365 1398 2432 quod
1411 2363 1473 2418 dicit
1493 2377 1586 2430 puram
1599 2353 1743 2430 actionem,
1779 2363 1872 2418 boram
1889 2363 1999 2418 actionis
2010 2369 2132 2418 recusant
2143 2363 2304 2418 descendere
2317 2363 2369 2416 236
2383 2363 2418 2416 62
2520 2357 2523 2366 ‘

424 2447 531 2502 utilitate
556 2463 609 2502 uon
634 2449 693 2504 licet
714 2447 750 2504 16.
774 2449 804 2504 2*
823 2479 857 2490 -
876 2453 1000 2504 76666166
1023 2465 1066 2504 ex·
1100 2461 1141 2512 est
1169 2467 1311 2508 commune
1335 2453 1421 2522 tribus
1448 2453 1568 2518 personis
1592 2451 1690 2506 diuinis
1708 2451 1742 2504 Vl
1779 2483 1812 2492 -
1826 2453 1893 2506 male
1906 2455 2071 2520 praeponunt
2084 2465 2163 2506 suum
2177 2453 2420 2508 officiumcontem·

424 2537 548 2592 16166616
567 2539 671 2592 mortali
690 2545 714 2592 et
732 2541 850 2594 notorius
870 2543 894 2594 in
913 2543 1008 2594 eodem
1022 2555 1065 2606 ge·
1101 2545 1152 2596 3lll
1174 2543 1206 2596 66
1779 2543 1885 2606 plalioui
1906 2541 1957 2594 273
1978 2541 2011 2594 79

424 2639 487 2680 uere
505 2627 603 2692 peccati
624 2629 772 2682 accusando
785 2631 896 2698 alterum
914 2633 1007 2696 666661
1018 2631 1065 2684 clu·
1154 2633 1377 2684 66611-6661
1398 2627 1482 2690 servi,
1502 2629 1621 2696 661666
1643 2629 1743 2694 impert·
1830 2631 1975 2682 -Virtus
1992 2629 2138 2682 activorum
2157 2629 2272 2684 relicitur
2291 2645 2339 2696 per
2358 2645 2418 2696 gra-

424 2717 483 2782 61161
503 2721 610 2782 6666616
630 2717 745 2770 scandali
764 2723 789 2772 ct
809 2723 987 2784 contemplus3
1006 2731 1065 2782 pec·
1101 2721 1169 2774 6661
1187 2717 1344 2784 obsequium
1364 2715 1523 2768 6611661671
1544 2717 1594 2768 676
1616 2717 1641 2768 6.
1660 2717 1741 2768 6283
1779 2717 1842 2770 tiam
1862 2717 1893 2768 71
1914 2717 1966 2768 666
1986 2719 2000 2768 2
2019 2743 2056 2756 -·
2073 2717 2256 2782 impendentes
2271 2719 2325 2772 Deo
2345 2719 2419 2774 obse·

423 2811 496 2858 calor
509 2807 625 2860 occultus
637 2811 729 2874 peccat
742 2811 909 2870 contemptu,
923 2819 974 2858 non
989 2819 1066 2858 accn·
1102 2837 1137 2846 -
1154 2805 1308 2858 Activorum
1334 2809 1375 2856 est
1400 2803 1526 2854 instanter
1545 2803 1614 2854 bene
1637 2803 1743 2868 operari
1778 2805 1871 2872 quium
1890 2801 1978 2856 bonae
1996 2803 2157 2868 operationis
2168 2819 2217 2870 per
2236 2807 2285 2858 boc
2304 2819 2365 2860 eum
2378 2821 2420 2860 co·

424 2891 519 2958 sando,
533 2893 581 2948 sed
592 2893 792 2962 616-6661166666
807 2895 858 2948 366
871 2895 902 2946 16
912 2921 947 2932 -
957 2897 1065 2946 luiama·
1101 2895 1136 2946 75
1148 2909 1164 2946 a
1175 2919 1209 2932 -
1220 2891 1318 2944 debent
1328 2891 1445 2942 exerceri
1456 2891 1485 2942 iu
1503 2889 1629 2954 operibus
1638 2891 1743 2954 pietatis
1778 2891 1974 2954 guasconibus
1988 2893 2002 2942 3
2020 2917 2056 2930 -
2073 2897 2264 2956 promoventur
2284 2907 2299 2944 6
2316 2891 2418 2948 Christo

423 2989 493 3036 tores
506 2987 657 3034 accusantes
670 2981 837 3034 humiliantur
848 2981 1065 3044 5733-Culpa
1102 2981 1135 3032 32
1154 2993 1170 3032 6
1190 3007 1224 3018 —-
1243 2979 1353 3032 61166661
1377 2975 1479 3030 Christo
1498 2991 1586 3030 ramos
1611 2977 1742 3032 bonorum
1778 2979 1805 3032 in
1817 2979 1913 3032 iustitia
1930 2979 2103 3048 quantumad
2115 2979 2283 3050 intellectum,
2297 2983 2418 3036 affectum

425 3071 536 3136 proximi
556 3069 673 3122 accusari
692 3073 777 3134 potest
794 3073 820 3122 et
838 3067 918 3122 debet
935 3069 1065 3132 praelato,
1101 3079 1215 3134 operum
1235 3065 1285 3118 696
1311 3065 1470 3118 2-66116
1495 3071 1533 3118 est
1557 3065 1632 3134 quasi
1650 3067 1743 3120 hortus
1778 3067 2010 3122 6161166166676
2030 3069 2100 3122 5-
2119 3069 2217 3122 6611116
2237 3069 2419 3124 incedentibus

425 3159 504 3212 etiam
521 3159 591 3210 nulla
610 3155 784 3224 praecedente
805 3155 970 3220 correptione
984 3155 1065 3206 6289
1102 3155 1234 3210 bonorum
1247 3167 1359 3220 operum
1373 3155 1424 3206 619
1444 3153 1649 3208 l—Cluistum
1666 3155 1743 3208 bouis
1778 3173 1825 3224 per
1845 3159 1916 3212 uiam
1935 3155 2019 3210 bonae
2039 3157 2145 3212 actionis
2165 3159 2235 3212 Deus
2246 3159 2292 3212 661
2303 3161 2418 3214 testimo·

395 3269 397 3274 s
424 3275 457 3286 -
476 3245 613 3300 Accusatio
632 3245 752 3298 iacienda
769 3249 811 3298 est
831 3249 902 3296 extra
928 3243 1064 3306 iudicium,
1102 3243 1743 3312 66661666666616616671116767-666611-
1778 3245 1977 3300 6166666971.
2000 3247 2088 3298 28-
2113 3245 2294 3302 exaltabuntur
2315 3249 2418 3302 ratione

424 3335 618 3396 sisitocculta,
631 3337 655 3386 et
669 3333 695 3384 iu
708 3331 852 3398 iudicio‚si
866 3331 1065 3398 babeaturpro·
1101 3349 1163 3388 uam
1183 3333 1296 3400 pertinet
1324 3341 1416 3398 partus
1445 3333 1587 3398 spiritualis
1612 3347 1659 3398 per
1682 3347 1743 3398 ope·
1778 3335 1899 3404 obsequii
1925 3341 1952 3388 61
1971 3335 2060 3388 fideles
2087 3335 2229 3388 66611696
2256 3337 2327 3388 t-
2355 3337 2419 3392 boui

422 3423 494 3476 balio
512 3425 580 3476 certa
598 3419 661 3476 1616.
1101 3425 1231 3478 rationem
1246 3421 1297 3476 297
1314 3423 1347 3476 63
1361 3449 1398 3462 -
1409 3423 1500 3476 66616
1518 3423 1639 3486 consistit,
1657 3425 1682 3476 in
1700 3437 1743 3478 re-
1777 3427 1947 3480 assumuntur
1966 3425 1998 3478 ad
2018 3425 2128 3490 gloriam
2150 3425 2191 3478 Vll
2211 3425 2260 3476 616
2283 3427 2315 3480 39

476 3511 581 3564 -Lex
599 3525 651 3564 non
671 3509 814 3566 damnabat
837 3511 894 3564 siue
912 3515 1065 3566 accusatore
1103 3513 1202 3582 gimiue
1221 3513 1318 3566 domus
1335 3513 1460 3578 propriae
1480 3513 1511 3564 63
1532 3513 1566 3566 81
1830 3541 1868 3554 -
1883 3513 2062 3580 intelliguntur
2087 3527 2134 3580 per
2159 3515 2297 3578 Martinam,
2321 3515 2367 3568 lob
2392 3521 2418 3568 et

424 3603 457 3654 Vl
478 3599 528 3654 367
551 3601 582 3652 16
601 3627 637 3640 -
655 3599 763 3654 lictores
781 3599 879 3654 citandi
896 3605 957 3654 sunt
976 3601 1066 3654 adau-
1156 3631 1191 3640 -
1208 3601 1257 3656 Per
1274 3601 1404 3656 actionem
1424 3607 1462 3656 est
1477 3603 1567 3668 egredi
1586 3603 1620 3656 71
1636 3603 1689 3656 386
1708 3605 1737 3656 11
1778 3603 1903 3656 iacobum
1922 3603 1954 3656 71
1976 3603 2025 3656 692
2039 3617 2064 3654 1.
2078 3603 2106 3656 6.
2120 3605 2172 3656 623
2190 3605 2260 3656 2-
2280 3605 2370 3656 661116
2382 3605 2418 3656 si·

423 3689 720 3752 dicndamseuteutiam,
734 3703 785 3756 qua
798 3703 861 3744 reus
874 3689 951 3742 debet
963 3689 1065 3744 absolvi
1102 3717 1137 3732 -
1155 3695 1215 3744 sunt
1235 3689 1345 3744 mobiles
1367 3691 1455 3746 1671.
1475 3695 1508 3746 23
1526 3721 1560 3732 -·
1577 3693 1613 3746 66
1630 3691 1742 3746 modum
1779 3693 1917 3758 gnificatur
1934 3707 1983 3758 per
1997 3693 2122 3746 Martham
2143 3693 2193 3746 669
2215 3695 2256 3746 31.
2277 3695 2327 3746 616
2348 3695 2363 3746 2
2382 3721 2418 3734 --

422 3779 464 3832 161
490 3777 659 3832 condemnari
684 3777 729 3830 illl
748 3777 799 3832 669
819 3779 851 3832 67
872 3807 905 3818 -
926 3781 958 3832 Se
977 3781 1065 3846 ipsum
1102 3781 1188 3834 molae
1206 3779 1410 3834 circumeuntet
1427 3781 1569 3836 decurrunt
1586 3795 1635 3834 nec
1649 3781 1742 3834 inuno
1779 3781 2308 3848 6611166166111661666666616616628
2330 3785 2358 3836 61
2381 3809 2418 3822 -ι-

423 3881 547 3922 accusare
565 3865 720 3920 honorificat
738 3867 822 3920 Deum
841 3867 893 3920 636
914 3869 946 3922 29
965 3897 1002 3910 -·
1019 3869 1066 3922 Ac·
1103 3883 1184 3936 opere
1201 3871 1296 3924 sistunt
1313 3869 1358 3923 Vll
1383 3869 1435 3922 666
1454 3869 1489 3922 69
1506 3869 1652 3924 -161116
1678 3869 1743 3922 solli·
1778 3871 1959 3940 intelliguntur
1976 3883 2023 3936 666
2042 3869 2087 3924 lob
2103 3871 2147 3924 711
2167 3871 2218 3922 172
2237 3871 2282 3924 31.
2299 3873 2352 3924 236
2370 3871 2415 3926 36.

422 3957 522 4010 cusanti
540 3971 569 4010 se
587 3956 753 4022 6616666166
771 3957 909 4012 dimittitur
929 3959 962 4012 71
982 3957 1063 4010 6733
1103 3957 1742 4014 61166161666666161667161112-7116661116
1778 3959 1829 4012 368
1850 3957 1892 4010 66.
1913 3959 1962 4010 166
1983 3959 2015 4010 68
2036 3985 2069 4000 -·
2089 3959 2180 4012 161116
2199 3957 2352 4024 designatur
2369 3973 2418 4026 per

476 4045 657 4098 -Animam
683 4045 851 4110 spiritualiter
875 4047 1065 4100 adulterantem
1102 4047 1182 4102 babel
1192 4049 1401 4112 sollicitudiuem,
1415 4047 1590 4104 turbationem
1604 4055 1628 4102 el
1636 4049 1742 4102 divisio
1778 4049 1851 4100 Llam
1868 4047 1922 4100 276
1939 4047 1983 4100 76.
2009 4045 2060 4100 636
2087 4049 2118 4100 23
2138 4075 2173 4088 -
2196 4047 2367 4112 designantur
2393 4049 2418 4100 in

423 4139 528 4190 accusat
555 4133 725 4198 conscientia,
755 4137 838 4200 lama,
868 4137 906 4190 lex
926 4137 1015 4190 diuina
1040 4141 1065 4190 et
1100 4137 1472 4192 6666661666671127671
1754 4123 1869 4202 turba,
1888 4151 1958 4202 quae
1983 4141 2103 4190 versatur
2126 4135 2154 4190 in
2177 4135 2301 4190 lluctibus
2326 4139 2417 4190 usundi

425 4223 664 4280 6166616671673
685 4225 1065 4280 2-Ρ6666166166616666·
1155 4227 1231 4282 Circa
1250 4227 1364 4280 activum
1379 4233 1500 4280 versatur
1513 4229 1595 4280 bomo
1613 4231 1741 4292 quantum
1780 4225 1830 4278 172
1850 4225 1878 4276 31
1897 4225 2118 4278 -Activareete
2137 4223 2288 4290 intelligitur
2303 4239 2418 4292 permo-

425 4327 515 4366 cusare
543 4311 672 4380 reprobos
699 4319 729 4366 ut
755 4313 864 4368 materia
890 4313 1064 4370 accusationis
1100 4315 1294 4370 adiutoriorem
1307 4315 1415 4370 rationis
1427 4317 1573 4382 portionem
1588 4313 1692 4370 711666
1706 4315 1741 4368 69
1778 4313 1900 4368 1666166
1924 4313 2012 4368 69-
2036 4313 2206 4380 designantur
2233 4327 2281 4380 per
2307 4313 2417 4368 seminas

426 4401 1065 4472 1316-666616666616666666666666-
1155 4433 1190 4448 -
1208 4405 1308 4460 Α611116
1319 4407 1465 4482 6666666616
1478 4411 1516 4460 est
1530 4391 1671 4470 humilitas,
1682 4419 1743 4472 ope·
1781 4407 1908 4460 molentes
1934 4403 1997 4460 1616.
2014 4433 2050 4444 -
2072 4403 2133 4458 7116
2158 4403 2242 4458 661116
2266 4403 2418 4472 intelligitur

422 4491 1062 4548 1661661666631777.31881-616616166
1100 4509 1161 4550 rum
1181 4495 1333 4560 6116661166,
1354 4497 1500 4550 intentionis
1517 4493 1681 4562 simplicitas,
1700 4509 1741 4548 ca·
1778 4511 1824 4562 per
1853 4493 2004 4550 columbam
2024 4493 2056 4548 67
2075 4493 2117 4556 66,
2131 4493 2166 4546 67
2185 4523 2220 4532 --
2237 4493 2416 4560 intelliguntur

393 4643 396 4648 ¹
421 4583 513 4634 liberat
524 4583 639 4634 animam
657 4579 692 4634 ab
704 4583 871 4636 accusatione
886 4583 1063 4638 conscientiae
1100 4585 1177 4652 ritas,
1196 4585 1295 4652 eloquii
1313 4585 1442 4648 66611166,
1456 4583 1649 4638 munificentiae
1667 4583 1742 4648 largi·
1778 4595 1825 4650 per
1844 4597 1917 4638 mare
1934 4597 2054 4636 amarum
2074 4585 2108 4636 22
2128 4583 2169 4636 66.
2189 4581 2224 4634 67
2242 4583 2278 4638 66

420 4671 1063 4736 culpamdimittendc,abaccusati0uelamaehu·
1101 4680 1139 4729 tas
1159 4675 1193 4728 71
1213 4677 1247 4728 22
1265 4689 1282 4726 6
1301 4689 1340 4742 66.
1360 4703 1395 4712 -
1413 4673 1509 4728 6611116
1535 4673 1681 4726 6666666616
1702 4677 1741 4724 661
1831 4673 1962 4726 66166-
1975 4673 2001 4724 16
2015 4671 2121 4724 Actibus
2135 4673 2320 4736 Apostolorum
2336 4673 2417 4726 deter-

422 4759 546 4814 miliando
565 4757 747 4824 infamatores
765 4761 801 4814 ab
813 4763 979 4816 accusatione
997 4761 1063 4826 legis
1100 4763 1195 4816 veritas
1220 4763 1361 4816 11166697
1385 4765 1455 4814 2·-
1475 4763 1605 4816 maiorum
1632 4761 1740 4814 consilio
1778 4761 1891 4826 minatur
1918 4763 2052 4826 potissime
2081 4759 2205 4814 reductio
2228 4775 2277 4826 per
2302 4761 2415 4826 gratiam

356 4893 360 4898 .
421 4847 525 4902 divinae
545 4849 569 4900 in
589 4853 645 4902 loro
670 4843 873 4916 misericordiae,
897 4851 932 4904 ab
959 4863 1063 4904 accusa·
1101 4857 1231 4916 reguntur
1249 4853 1293 4904 Vll
1312 4853 1363 4904 666
1376 4853 1411 4904 69
1424 4879 1459 4892 -
1472 4853 1578 4904 61611166
1596 4851 1740 4904 necessaria
1778 4847 1870 4904 Christi
1891 4849 1926 4904 ad
1943 4853 2028 4904 Deum
2047 4851 2092 4902 Vll
2111 4849 2144 4900 10
2167 4847 2229 4902 Vide
2246 4863 2274 4904 6.
2292 4849 2388 4904 Lucus.

421 4937 491 4990 tione
508 4937 686 4992 diabolicum
705 4939 897 5004 prosternendo
923 4937 973 4992 673
992 4941 1008 4990 3
1028 4967 1063 4980 ··-
1101 4947 1140 4994 est
1159 4941 1282 5006 purgatio
1301 4955 1314 4994 a
1334 4941 1491 5006 negligentia
1509 4953 1557 5006 per
1582 4941 1696 5004 rigorem
1716 4943 1740 4992 et
1831 4937 1935 4990 666666
1955 4963 1989 4976 -
2008 4935 2130 4990 bonitatis
2159 4943 2183 4988 et
2201 4937 2345 5000 sapientiae
2368 4949 2416 5000 per

422 5025 546 5080 Diabolus
563 5035 670 5084 accusat
688 5041 719 5082 ex
739 5029 897 5096 malignitate
917 5029 1004 5082 6763
1100 5029 1219 5084 laborem
1238 5027 1272 5082 67
1295 5029 1327 5082 66
1347 5039 1380 5068 -·
1400 5029 1497 5080 Activis
1517 5027 1643 5094 competit
1661 5027 1740 5090 66661-
1777 5025 1881 5090 culpam
1901 5025 2046 5078 retunditur
2065 5031 2152 5090 etper
2170 5027 2358 5080 correctionem
2377 5039 2415 5078 re·

474 5117 578 5170 666666
596 5145 633 5158 -·
651 5117 800 5172 secundum
824 5117 927 5186 aliquos
950 5119 1063 5172 dabatur
1101 5125 1143 5172 tus
1163 5131 1211 5184 pro
1230 5117 1345 5182 peccatis
1363 5117 1477 5182 propriis
1494 5121 1521 5168 et
1539 5117 1627 5180 alienis
1646 5113 1679 5168 16.
1706 5115 1738 5166 67
1778 5113 1892 5166 stituitur
1911 5113 1944 5166 71
1965 5115 1996 5164 83
2018 5129 2043 5166 v.
2063 5115 2097 5164 lli

422 5205 563 5268 crucifixis,
582 5207 705 5258 61611166
725 5207 861 5260 interirent
878 5207 912 5258 71
931 5207 978 5258 691
1002 5207 1036 5258 68
1102 5233 1135 5244 -
1155 5203 1252 5258 666661
1277 5205 1344 5270 erigi
1367 5217 1416 5266 spe
1433 5203 1740 5266 aeternorumpraemio·
1829 5201 1905 5254 onu
1921 5229 1957 5240 —
1974 5201 2158 5264 iuterpretatur
2175 5203 2256 5254 bomo
2276 5203 2320 5256 Vll
2339 5205 2371 5256 88
2399 5205 2415 5258 b

475 5293 1063 5360 16666-616666666166166666111666-
1101 5307 1160 5346 rum
1180 5297 1205 5344 et
1224 5291 1338 5354 deprimi
1361 5297 1461 5342 terrore
1478 5291 1669 5354 suppliciorum
1687 5289 1738 5342 666
1777 5319 1812 5328 -
1830 5295 1868 5342 661
1886 5293 1962 5354 66166
1974 5291 2051 5342 161166
2063 5291 2167 5354 generis
2186 5291 2295 5344 humani
2315 5295 2347 5348 71
2365 5291 2411 5346 171

423 5385 480 5444 6166
498 5379 698 5450 obstinationem
713 5381 798 5434 delicti
811 5381 912 5446 proprii
925 5379 969 5432 Vll
983 5381 1015 5432 18
1029 5379 1062 5432 36
1102 5379 1134 5432 69
1148 5407 1182 5418 -·
1193 5381 1221 5430 lu
1241 5381 1344 5432 actione
1362 5377 1440 5430 debet
1454 5365 1511 5432 esse
1526 5379 1644 5432 custodia
1658 5393 1738 5444 6666-
1778 5393 1802 5428 1.
1826 5379 1835 5428 1
1858 5405 1896 5418 -
1914 5379 1996 5432 iactus
2015 5383 2053 5432 est
2072 5393 2088 5430 a
2106 5379 2160 5432 Deo
2179 5379 2331 5436 immediate
2351 5381 2414 5438 ibid.

476 5467 564 5522 Acron
578 5467 768 5534 -opponitur
789 5467 932 5522 tortitudini
956 5467 1062 5520 71296
1101 5473 1158 5522 turn
1175 5467 1210 5520 ad
1229 5471 1330 5530 actum,
1350 5469 1472 5520 allectum
1498 5473 1525 5520 ct
1548 5467 1662 5522 verbum
1687 5469 1738 5520 633
1776 5467 1925 5522 -dicitur
1949 5469 2076 5522 formatus
2099 5483 2131 5522 ex
2150 5475 2224 5534 perte
2247 5471 2366 5538 corporis
2393 5477 2417 5526 et

425 5555 457 5606 66
479 5585 510 5594 -
531 5561 570 5608 661
587 5555 725 5608 iufirmitas
737 5555 771 5610 Vl
791 5555 842 5608 687
863 5557 877 5608 6
893 5585 926 5594 -
938 5561 979 5616 661
991 5569 1062 5610 naurs
1102 5559 1133 5612 23
1154 5583 1188 5596 -
1208 5555 1324 5612 Cbristus
1338 5555 1412 5610 66611
1428 5557 1578 5622 exemplum
1594 5557 1626 5612 66
1646 5557 1739 5612 exerci·
1778 5563 1879 5612 creatus
1899 5571 1928 5612 ea
1954 5563 2028 5624 parte
2048 5557 2154 5612 animae
2170 5557 2232 5612 1611.
2252 5561 2416 5614 —eductus

422 5643 515 5708 661666
535 5645 585 5696 689
606 5645 670 5696 6-
682 5645 775 5696 1166116
794 5645 894 5696 acidiae
908 5645 1025 5696 consistit
1037 5645 1062 5694 in
1100 5645 1165 5698 tium
1184 5645 1294 5698 actionis
1311 5647 1443 5710 perlectae
1463 5645 1512 5696 639
1534 5647 1566 5700 69
1778 5645 1809 5700 66
1829 5647 1891 5700 limo
1918 5653 2042 5714 exparte
2069 5649 2187 5714 corporis
2212 5647 2262 5702 172
2289 5665 2318 5702 1.
2345 5651 2360 5702 2
2382 5679 2415 5688 --·

373 5799 375 5806 Ι
422 5729 1062 5800 61666666666666666666371.1-9666166
1154 5761 1187 5772 —-
1206 5735 1298 5788 661116
1310 5733 1466 5786 66661611116
1479 5735 1612 5798 operando
1632 5735 1739 5790 viriliter
1777 5735 1898 5790 conditus
1916 5741 2029 5790 estcnm
2042 5741 2115 5790 16616
2128 5735 2289 5792 innocentiae
2308 5739 2350 5792 Vll
2363 5739 2414 5792 396

422 5819 534 5874 acidiam
544 5825 623 5874 bomo
632 5821 752 5876 redditur
761 5823 895 5876 taediosus
904 5827 930 5876 et
941 5823 1018 5888 piger
1029 5823 1062 5876 ad
1100 5827 1125 5878 61
1136 5823 1164 5876 16
1177 5823 1353 5894 praesidendo
1365 5825 1475 5878 sollicite
1486 5825 1530 5878 711
1544 5825 1590 5878 631
1609 5823 1740 5880 18-Ἀ6
1778 5823 1810 5876 37
1831 5853 1864 5864 -
1883 5825 1975 5880 babuit
1992 5839 2090 5890 corpus
2108 5825 2221 5880 66166616
2246 5843 2308 5882 cum
2337 5827 2417 5894 possi·

422 5923 500 5964 omne
518 5909 618 5966 bonum
637 5917 664 5964 et
681 5925 730 5978 per
742 5915 793 5966 boc
804 5915 898 5966 stultus
911 5913 943 5966 38
956 5927 984 5966 1.
997 5913 1014 5966 6
1028 5942 1062 5952 -
1099 5913 1200 5966 activos
1219 5915 1349 5980 pertinent
1365 5915 1529 5978 poenitentes
1544 5921 1571 5968 et
1589 5913 1740 5970 obedientes
1778 5915 1875 5968 bilitate
1893 5915 2022 5968 moriendi
2040 5915 2093 5966 616
2111 5915 2146 5966 62
2168 5945 2205 5956 -
2229 5915 2265 5972 66
2282 5917 2356 5970 66166
2381 5919 2416 5970 la-

422 5999 528 6054 areiacit
550 6001 665 6054 animam
691 6001 733 6054 llll
761 6003 813 6056 169
834 6005 862 6056 21
890 6032 925 6042 —
944 6005 994 6056 Per
1012 6003 1062 6056 aci·
1100 6005 1132 6056 71
1153 6003 1199 6056 611
1225 6017 1251 6056 1.
1271 6005 1602 6058 23--666166166166166
1618 6017 1740 6070 666666-
1777 6009 1833 6060 tere
1849 6005 1959 6056 iormata
1976 6009 2017 6056 est
2033 6005 2101 6068 Eva,
2120 6009 2160 6058 est
2177 6005 2265 6070 figura
2287 6005 2415 6070 passionis

422 6091 492 6144 diam
513 6089 582 6144 bona
602 6091 703 6144 animae
722 6091 882 6158 dissipantur
902 6093 948 6146 391
974 6093 1007 6146 26
1026 6123 1062 6134 -
1099 6093 1246 6158 nitentium,
1271 6095 1313 6146 vel
1345 6093 1511 6158 proficientes
1541 6107 1590 6158 666
1606 6091 1740 6146 obedien·
1777 6093 1868 6146 Christi
1890 6091 1993 6144 69636

421 6181 536 6236 96161661
562 6185 668 6246 6661661
690 6193 798 6236 crucem
822 6197 883 6238 6616
912 6197 1061 6250 murmure,
1098 6183 1174 6246 tiam,
1193 6183 1236 6236 161
1259 6183 1428 6236 ascendeutes
1450 6197 1498 6248 per
1523 6183 1592 6236 vitae
1614 6183 1740 6236 excelleu-
1830 6211 1866 6222 -
1884 6187 1945 6236 unte
1963 6181 2065 6248 lapsum
2079 6179 2187 6234 videbat
2200 6183 2283 6234 Deum
2299 6197 2347 6248 per
2360 6197 2416 6248 spe·

421 6259 507 6338 poena
527 6275 552 6324 at
569 6269 690 6324 violentia
709 6271 760 6324 672
775 6273 807 6324 39
820 6271 948 6326 -Cibus
962 6271 1061 6326 acidiae
1099 6271 1162 6324 tiam
1181 6271 1233 6324 623
1256 6273 1273 6324 3
1290 6299 1325 6310 -
1344 6269 1459 6326 16116616
1476 6271 1628 6324 exercitium
1648 6283 1740 6324 couve-
1777 6273 1864 6326 culum
1884 6269 2001 6324 lucidum
2021 6275 2045 6322 et
2063 6269 2140 6322 oculo
2163 6269 2233 6322 claro
2255 6269 2286 6324 71
2312 6271 2362 6324 266
2384 6271 2415 6324 13

421 6361 482 6416 16611
505 6359 602 6414 morari
626 6359 661 6412 Vl
689 6357 771 6414 6671
797 6389 831 6400 -·
858 6361 1061 6416 666161661666
1098 6359 1321 6426 rdtpracdicatori
1342 6359 1385 6412 Vll
1406 6359 1491 6414 1167
1778 6389 1812 6402 ι-
1832 6359 1923 6414 666611
1937 6363 2091 6424 putestatcm
2104 6359 2216 6424 regendi
2226 6359 2316 6412 omnia
2334 6365 2359 6414 et
2372 6361 2416 6414 do·
2455 6405 2458 6412 .

421 6449 1008 6518 (666166616166166666661166166166266
1089 6515 1090 6518 ¹
1153 6451 1245 6502 -Per
1255 6449 1337 6502 vitam
1347 6451 1461 6502 activam
1469 6449 1574 6502 venitur
1584 6449 1616 6502 ad
1627 6457 1740 6504 contem·
1778 6447 1894 6502 minandi
1912 6445 2036 6500 omuibus
2063 6461 2110 6512 per
2133 6447 2261 6502 rationem
2280 6447 2332 6502 172
2354 6451 2415 6504 1.2

474 6565 509 6578 -
528 6539 680 6604 designatur
704 6537 732 6590 in
753 6539 819 6592 lecto
839 6539 882 6592 Vll
905 6539 954 6590 196
974 6539 1007 6590 23
1027 6565 1062 6578 -
1099 6539 1224 6604 platicam
1243 6525 1347 6592 71263
1366 6539 1382 6590 9
1403 6563 1437 6578 -—
1451 6539 1525 6592 Prius
1542 6543 1647 6604 6666161
1658 6543 1740 6590 trans·
1776 6565 1813 6578 -
1831 6535 2213 6602 866166116666166111166666
2231 6551 2247 6588 a
2267 6543 2376 6602 peccato
2391 6539 2416 6590 16

422 6633 461 6682 661
479 6629 561 6680 lutum
580 6639 663 6692 grave
680 6629 708 6678 et
722 6629 908 6690 ponderosum
925 6629 960 6680 71
979 6629 1026 6680 681
1045 6619 1074 6680 6Ν
1100 6627 1137 6680 166
1163 6641 1211 6692 666
1229 6627 1342 6680 activam
1360 6627 1469 6680 711636
1488 6627 1740 6680 23-161116661
1778 6625 1895 6680 terrestri
1911 6625 2034 6690 paradiso
2054 6623 2080 6676 in
2097 6629 2166 6678 statu
2184 6625 2348 6680 innocentiae
2366 6627 2411 6680 171

421 6745 456 6756 -
475 6695 634 6780 significator
653 6713 757 6778 pigritia
776 6713 875 6780 pedum
895 6715 939 6768 Vll
958 6713 1005 6766 361
1029 6715 1055 6768 11
1099 6715 1225 6782 anterior,
1238 6717 1371 6780 poenalior
1391 6717 1575 6780 eltecundior‚
1589 6715 1739 6768 valeteuim
1777 6711 2415 6768 1.1-116666166616616116666661161761.11

419 6831 456 6842 -
475 6801 635 6866 significatur
665 6813 712 6864 per
738 6803 880 6866 paralysim
912 6803 1017 6854 71687
1044 6803 1061 6854 7
1099 6801 1195 6854 616161
1220 6803 1278 6856 61116
1298 6805 1352 6858 276
1374 6805 1410 6858 76
1426 6833 1465 6846 -
1481 6803 1567 6856 Labor
1592 6803 1737 6856 activorum
1830 6829 1865 6842 -
1884 6807 1997 6854 tentatus
2015 6803 2063 6854 tuit
2087 6803 2235 6856 secundum
2259 6803 2350 6868 triplex
2371 6803 2417 6856 bo·

420 6921 457 6932 -
476 6889 589 6944 Acidiosi
608 6889 697 6942 colunt
716 6891 804 6942 lunam
827 6889 876 6942 193
897 6903 922 6942 1.
943 6893 960 6942 2
1099 6885 1189 6944 transit
1214 6887 1246 6944 16.
1266 6889 1446 6946 76.-16116
1470 6899 1510 6944 est
1532 6893 1604 6958 prior
1627 6897 1740 6944 contem·
1776 6907 1841 6946 uum
1863 6889 2052 6944 commutabile
2077 6893 2120 6944 711
2146 6893 2178 6942 96
2204 6893 2219 6942 8
2238 6919 2274 6932 -
2297 6891 2415 6944 Tantalio
