5900 8266
473 569 537 636 668
1340 571 1459 638 INDEX
1478 571 1605 638 ifEltUll

761 655 824 710 aro
2111 659 2174 712 aro

472 745 594 810 inscripta
606 749 667 798 sunt
676 745 853 798 fundamentis
861 745 1002 798 ierusalem
1013 747 1046 798 61
1058 745 1110 800 227
1201 745 1344 810 -primo
1365 747 1451 800 vocati
1476 747 1590 800 suntad
1613 745 1694 798 fidem
1718 745 1788 798 testi·
1826 751 1977 812 gealurper
1990 745 2091 798 donum
2102 745 2232 810 divinum,
2247 751 2274 800 66
2286 751 2375 800 666666
2394 747 2463 798 sufli-

472 847 498 886 v.
517 831 558 886 26.
577 833 619 886 611
641 831 691 886 662
712 833 744 886 36
1133 825 1237 910 monia
1256 835 1372 898 loannis,
1398 835 1514 888 secundo
1538 829 1787 904 666661666166666,
1826 835 1921 888 cientes
1933 835 1968 886 66
1976 831 2099 886 sublimia
2111 847 2195 900 opera
2206 833 2309 910 pietatis
2324 835 2373 886 629
2387 835 2416 886 63
2428 863 2463 874 -

524 951 558 960 -—
582 923 669 976 vocati
696 927 757 976 sunt
785 937 799 974 6
826 921 941 986 Christo,
970 927 1111 990 numquam
1148 929 1177 976 ut
1194 921 1284 976 omnia
1300 925 1479 990 relinquerent
1496 927 1524 976 et
1546 921 1677 976 Christum
1697 935 1788 988 seque·
1826 935 1917 976 eorum
1930 921 2011 976 corda
2029 905 2132 974 li'rmata
2144 927 2206 976 sunt
2218 937 2267 988 per
2278 935 2373 976 vocem
2393 923 2463 976 audi·

471 1013 580 1064 loannes
593 1011 738 1066 traderetur
749 1009 776 1064 in
790 1023 923 1066 carcerem
935 1011 974 1064 61·
989 1013 1041 1064 268
1059 1011 1110 1064 666
1148 1017 1239 1066 rentur
1257 1011 1362 1064 61268
1383 1011 1434 1062 666
1455 1009 1788 1076 21-1666661666666
1826 1015 1879 1064 tam
1893 1011 1925 1066 de
1938 1013 2010 1064 caelo
2029 1009 2081 1062 238
2094 1009 2175 1062 66-
2190 1011 2284 1064 firmati
2297 1015 2358 1064 sunt
2372 1011 2398 1064 in
2410 1011 2463 1064 lide

524 1106 638 1154 ——sunt
662 1097 747 1154 666666
770 1099 886 1154 veritatis
911 1099 945 1152 de
971 1099 1061 1152 auditu
1086 1103 1112 1152 et
1148 1101 1357 1164 erantperfeeti,
1369 1099 1417 1152 sed
1435 1103 1495 1164 post
1513 1099 1657 1152 adveutum
1675 1099 1788 1162 Spiritus
1825 1113 1872 1164 per
1891 1099 2094 1166 praedictionem
2106 1097 2236 1164 passionis
2257 1101 2286 1152 61
2307 1099 2358 1154 666
2379 1099 2411 1152 63
2428 1127 2463 1138 -

473 1187 532 1242 6166
551 1189 596 1240 611
613 1189 666 1240 662
679 1187 936 1241 66-66661666666
948 1187 1026 1242 nobis
1038 1187 1112 1254 quod
1148 1187 1230 1240 saneti
1253 1185 1430 1252 impleverunt
1454 1185 1641 1252 perfectionem
1664 1185 1716 1240 sibi
1738 1201 1788 1252 pro
1826 1189 1884 1240 viso
1902 1189 2227 1242 miraculoconlirmantur
2245 1189 2280 1240 ad
2298 1187 2463 1242 credendum

472 1275 505 1328 ab
526 1277 598 1332 initio
616 1275 668 1342 ipsi
686 1275 809 1330 viderunt
829 1275 857 1326 44
881 1277 946 1328 3-
959 1275 1022 1342 quia
1040 1273 1111 1328 vide
1148 1277 1190 1328 illo
1210 1281 1330 1342 tempore
1343 1279 1511 1342 praeceptam
1526 1273 1571 1326 686
1595 1273 1629 1326 26
1643 1305 1677 1314 -
1694 1275 1788 1330 Christi
1826 1277 2184 1330 intellectuetaceenduntur
2198 1277 2230 1330 ad
2243 1275 2401 1330 imitandum
2420 1279 2463 1330 Vll

472 1363 618 1428 runt,idea
632 1361 837 1416 testificabantur
850 1367 878 1416 ut
894 1363 1004 1416 ministri
1017 1361 1119 1430 Christi
1149 1363 1246 1416 debent
1275 1363 1371 1428 eligere
1400 1363 1569 1428 praecipuam
1600 1363 1787 1430 perfectionem
1827 1365 1878 1416 433
1898 1365 1929 1418 22
1943 1367 2179 1420 *confirmantur
2193 1379 2240 1432 per
2254 1363 2380 1418 miracula
2392 1363 2464 1418 Chri·

452 1453 453 1456 ’
473 1449 536 1506 itia.
553 1481 589 1492 --
606 1459 668 1504 sunt
684 1457 765 1504 testes
776 1465 867 1504 eorum
888 1465 958 1518 quae
976 1451 1065 1504 dicunt
1079 1451 1111 1502 61
1149 1453 1318 1506 consiliorum
1340 1453 1381 1504 611
1400 1451 1452 1504 523
1473 1453 1487 1502 8
1506 1483 1542 1492 —-
1559 1453 1588 1504 ln
1604 1453 1735 1518 apostolis
1746 1465 1789 1504 re·
1826 1453 1857 1504 sti
1877 1453 1904 1504 in
1921 1453 1974 1506 666
2001 1459 2027 1508 66
2053 1467 2145 1508 amore
2162 1455 2197 1508 61
2216 1451 2268 1506 276
2288 1451 2332 1506 66.
2348 1453 2401 1506 366
2419 1449 2465 1506 72.

474 1541 583 1594 52966.
602 1539 648 1594 266
667 1541 692 1594 s.
713 1541 755 1594 611
776 1541 807 1592 62
828 1539 1003 1604 3--8616166
1022 1543 1112 1594 sancto
1149 1539 1262 1608 quiritur
1285 1543 1401 1606 perlecta
1424 1543 1569 1606 1166611666,
1597 1545 1739 1608 paupertas
1765 1543 1788 1592 66
1827 1541 1878 1594 399
1892 1543 1934 1594 26.
1949 1543 1990 1594 611
2008 1543 2051 1595 621
2072 1545 2112 1598 33.
2130 1543 2178 1596 623
2195 1543 2465 1604 166-1666666666·

473 1627 768 1684 confirmati‘dederunt
785 1629 965 1682 testimonium
992 1629 1113 1682 innocen·
1151 1629 1243 1682 caritas
1264 1627 1309 1682 661
1336 1631 1368 1682 29
1826 1629 1920 1684 firmati
1931 1629 1957 1684 in
1966 1633 2103 1686 vocatione
2114 1645 2163 1696 per
2172 1633 2297 1686 miracula
2311 1633 2354 1686 611
2370 1631 2418 1684 669
2432 1631 2463 1684 26

473 1717 524 1770 6166
542 1717 635 1770 Christi
653 1717 751 1770 61656
772 1717 819 1780 39,
841 1715 1113 1770 66-6166666666-
1202 1717 1788 1790 -166616661666666666666666661666]
1879 1717 2221 1782 —hababantmodicum
2246 1719 2407 1776 1666666166
2433 1721 2464 1772 61

472 1819 533 1860 rum
560 1805 738 1860 testimonium
766 1807 800 1858 de
818 1803 920 1858 Christo
954 1807 1004 1858 366
1025 1805 1058 1858 69
1077 1835 1112 1844 -
1151 1807 1266 1860 611665
1290 1807 1569 1876 67-66116666666
1594 1809 1680 1862 omnia
1707 1807 1789 1862 secuti
1828 1809 1878 1862 662
1898 1809 1941 1862 29.
1955 1807 2005 1860 666
2021 1807 2052 1860 69
2066 1823 2122 1874 arg.
2143 1811 2280 1876 3-quia
2298 1811 2465 1864 rudeserant

473 1899 534 1948 suut
551 1897 630 1948 testes
653 1893 725 1948 omni
743 1893 897 1958 exceptione
914 1893 1029 1948 maiores
1054 1907 1113 1960 pro·
1151 1901 1212 1948 sunt
1229 1895 1371 1948 Dominum
1394 1897 1442 1948 618
1463 1897 1504 1948 22.
1526 1897 1629 1948 63669
1648 1925 1683 1936 -
1702 1897 1788 1950 omnia
1827 1903 1851 1950 et
1863 1897 2001 1960 animales,
2015 1909 2068 1950 non
2081 1897 2403 1962 intelligebantpraeterita
2415 1911 2465 1950 nee

473 1987 531 2050 pter
549 1995 624 2036 suam
637 1981 787 2036 virilitatem
801 1987 828 2034 et
841 1981 1003 2044 sanctitatem
1016 1987 1042 2036 et
1054 1997 1116 2048 pro·
1151 1983 1310 2054 reliquerant
1328 1985 1362 2038 61
1382 1985 1433 2038 319
1454 1987 1478 2038 8.
1497 1985 1607 2044 611666
1627 1987 1660 2040 67
1678 2017 1715 2024 --
1732 1999 1790 2038 exo·
1828 1989 1912 2042 futuro
1931 1987 1974 2042 611
2000 1985 2049 2038 262
2076 1983 2108 2038 86
2128 2015 2162 2024 -··
2181 1985 2359 2050 intelligebant
2384 1985 2465 2038 verba

473 2077 531 2138 pter
544 2071 712 2126 veracitatem
730 2077 756 2124 et
776 2069 939 2126 stabilitatem
959 2071 1002 2126 611
1016 2071 1119 2142 66266
1150 2075 1754 2128 661661666661666611666666161166668
1828 2077 1921 2132 Christi
1940 2077 2088 2140 carnaliter,
2106 2089 2159 2128 uon
2174 2073 2341 2140 spiritualiter
2360 2075 2394 2128 61
2412 2073 2465 2126 666

473 2191 509 2200 -·
527 2166 555 2214 ut
579 2161 635 2214 veri
661 2165 751 2224 testes,
777 2161 804 2214 id
830 2167 868 2214 est
893 2163 1018 2228 Martyres
1042 2161 1113 2226 passi
1204 2193 1239 2206 -
1257 2167 1407 2218 nuntiantes
1430 2165 1602 2232 Evangelium
1628 2165 1689 2218 nihil
1713 2163 1791 2220 debe·
1829 2167 1870 2218 63.
1891 2167 1939 2220 666
1961 2165 1992 2218 69
2015 2163 2112 2218 211611
2134 2165 2178 2218 266
2205 2167 2238 2218 82
2258 2193 2291 2204 -
2311 2163 2374 2232 quia
2395 2161 2465 2216 intel-

371 2303 372 2306 ,
474 2257 602 2316 suntpro
628 2251 738 2302 veritate
763 2251 902 2318 usquead
920 2249 1112 2306 mortemc'did.
1152 2253 1216 2308 bant
1233 2257 1311 2320 ferre,
1329 2243 1379 2308 sed
1398 2255 1488 2308 vivere
1514 2257 1547 2308 de
1571 2257 1714 2320 Evangelio
1737 2253 1789 2308 666
1829 2257 1923 2308 lectum
1953 2253 2085 2308 habebant
2101 2255 2253 2318 carnalem,
2271 2251 2466 2306 manuducendi

473 2345 593 2392 ——sunt
618 2343 696 2392 testes
720 2345 829 2406 propter
856 2341 974 2394 veritatis
996 2341 1115 2394 assertio·
1153 2341 1185 2396 47
1201 2357 1263 2396 -a
1282 2343 1791 2410 fidelibusdebebaatrecipere'stipen-
1829 2349 1901 2398 erant
1917 2345 1953 2398 ad
1970 2343 2133 2410 spiritualem
2151 2343 2194 2396 Vll
2214 2345 2262 2396 244
2285 2343 2320 2396 82

473 2443 535 2482 uem
553 2429 600 2482 296
623 2427 659 2482 66
1152 2431 1226 2486 dium
1235 2431 1427 2486 sustentationis
1440 2439 1467 2486 et
1475 2433 1623 2486 ministrare
1632 2431 1789 2486 beneficium
1880 2461 1914 2472 —
1934 2433 2094 2498 interrogant
2111 2431 2243 2488 Christum
2264 2431 2296 2486 de
2315 2429 2423 2486 occttltis
2442 2435 2466 2484 et

527 2549 562 2558 -
580 2519 789 2572 laetificaverunt
808 2517 956 2584 Christum,
977 2519 1041 2572 dum
1058 2521 1116 2572 eius
1153 2521 1295 2576 curationis
1313 2527 1340 2574 et
1361 2521 1518 2576 eruditionis
1538 2521 1591 2574 258
1615 2521 1649 2572 67
1667 2551 1704 2560 -—
1721 2521 1790 2584 Apo·
1829 2521 1998 2586 ruysticis,ut
2011 2521 2185 2586 dirigerentur
2198 2527 2222 2576 et
2240 2521 2411 2588 intelligerent
2423 2521 2467 2574 vti

475 2607 555 2660 rerba
575 2619 621 2672 per
641 2607 766 2660 iustitiam
786 2611 810 2660 et
830 2605 1006 2660 obedientiam
1027 2609 1116 2674 imple·
1153 2611 1226 2664 stolis
1238 2615 1366 2676 quantum
1386 2611 1419 2662 ad
1431 2615 1614 2676 paupertatem
1634 2611 1718 2662 victus
1732 2623 1790 2672 pro·
1830 2609 1880 2662 692
1901 2609 1933 2660 66
1952 2639 1986 2648 ω-
2006 2599 2124 2662 66661666
2137 2611 2297 2674 quaerebant
2311 2611 2349 2670 66
2369 2615 2467 2674 tempo·

475 2701 570 2748 verunt
590 2695 631 2746 Vll
654 2695 704 2746 482
730 2695 758 2746 66
781 2701 990 2760 —reputantur
1015 2695 1077 2746 iusti
1100 2707 1115 2746 a
1153 2697 1258 2750 hibetur
1277 2711 1340 2750 cura
1357 2697 1510 2760 temporalis
1527 2697 1721 2750 sustentationis
1738 2695 1790 2746 248
1828 2695 1902 2748 ribus
1925 2697 2019 2748 futuris
2043 2695 2070 2746 in
2093 2695 2210 2762 quadam
2233 2695 2402 2760 generalitate
2427 2711 2467 2750 co-

476 2783 727 2850 sapientiaquem
753 2783 896 2836 iustificant
917 2781 1116 2836 6616--6666
1154 2785 1225 2836 6-
1241 2785 1371 2850 Apostolis
1394 2783 1547 2848 prohibetur
1574 2783 1676 2836 curiose
1703 2781 1791 2836 solliei-
1829 2785 1986 2848 gnoseendis
2000 2781 2049 2834 526
2068 2783 2098 2834 62
2119 2809 2154 2822 ·-
2172 2783 2316 2836 excitantur
2333 2785 2366 2836 ad
2381 2783 2468 2836 intelli·

476 2871 570 2926 Christi
589 2869 675 2924 bonus
692 2871 760 2924 udor
784 2873 811 2924 66
840 2869 874 2922 77
893 2885 1041 2922 -eorum
1059 2883 1116 2922 san·
1154 2867 1791 2936 tudo,nonstudiosaprovtdenuaisid—Apo·
1830 2869 1946 2934 gendum
1966 2869 2017 2920 192
2036 2869 2069 2920 63
2087 2899 2124 2908 -
2142 2871 2336 2934 confortantur,
2354 2885 2389 2922 ne
2405 2871 2468 2924 deli·

476 2963 549 3016 ntitas
568 2965 594 3014 et
611 2961 696 3014 virtus
724 2965 749 3010 et
777 2959 882 3012 seientia
906 2959 1030 3022 llagistro
1047 2957 1116 3010 attri-
1152 2959 1226 3010 stolis
1242 2951 1388 3022 iniungitur
1405 2963 1546 3022 paupertas
1564 2959 1662 3020 victus,
1680 2957 1791 3010 tenuitas
1831 2959 1899 3010 ciant
1916 2957 1952 3010 ab
1969 2957 2129 3024 inquirendo
2149 2959 2294 3012 69365-
2308 2959 2467 3028 malequae-

476 3049 606 3104 buebatur
624 3047 728 3100 61396
746 3047 782 3098 57
800 3045 831 3098 2*
1153 3047 1263 3100 restitus
1278 3051 1303 3098 et
1316 3045 1449 3100 humilitas
1462 3043 1793 3110 6666166661616.-666·
1830 3045 1921 3100 rebant
1940 3047 1972 3100 61
1992 3045 2043 3100 372
2064 3049 2088 3100 2.
2107 3045 2159 3100 376
2180 3049 2213 3100 66

523 3131 1114 3202 -Qoispernftapostofosspernituhristum
1153 3133 1225 3186 stolis
1242 3133 1395 3186 conceditur
1411 3133 1483 3200 quod
1503 3133 1678 3188 necessarium
1705 3137 1743 3186 est
1767 3133 1792 3184 in
1883 3163 1918 3172 -
1935 3135 2011 3188 electi
2027 3137 2133 3188 fuerunt
2150 3149 2198 3200 per
2215 3135 2327 3200 gratiam
2345 3137 2381 3190 ad
2398 3137 2468 3190 intel·

476 3227 598 3280 etDeum
610 3221 719 3276 611266
733 3223 776 3274 26.
795 3221 842 3274 266
866 3219 1068 3274 asa-horsus
1082 3221 1116 3272 in·
1153 3221 1793 3288 66661666666,666616616666666666166616166-
1832 3223 1935 3288 ligenda
1956 3223 2079 3288 mysteria
2097 3223 2142 3276 Vll
2161 3223 2211 3276 693
2232 3223 2266 3278 66
2284 3253 2321 3262 -
2342 3225 2469 3278 intellexe-

476 3313 638 3368 excusabiles
651 3315 711 3364 sunt
722 3311 768 3376 qui
786 3323 840 3364 non
856 3309 967 3364 audiunt
977 3309 1116 3376 Apostolos
1154 3313 1249 3366 tatione
1269 3297 1293 3364 et
1311 3313 1479 3376 superfluitas
1497 3313 1524 3364 in
1538 3313 1707 3376 possessione
1722 3309 1758 3366 16.
1776 3309 1792 3364 7
1832 3317 1893 3366 runt
1904 3313 2026 3376 mysteria
2044 3313 2078 3364 69
2098 3313 2148 3364 669
2160 3313 2325 3366 -Christus
2336 3313 2468 3380 apostolis

478 3401 529 3454 626
548 3401 582 3454 59
1208 3429 1242 3442 -
1262 3415 1314 3454 non
1327 3399 1461 3454 habebant
1480 3409 1636 3468 argentum,
1652 3409 1794 3470 postquam
1832 3401 1969 3454 manifeste
1987 3401 2098 3466 explicat
2109 3401 2232 3466 mysteria
2247 3403 2323 3468 regni
2335 3403 2467 3456 caelorum

530 3517 565 3526 -
584 3501 688 3554 semper
705 3487 838 3542 Christum
860 3483 1055 3540 comitabantur
1073 3487 1116 3540 611
1155 3491 1189 3544 66
1209 3489 1416 3556 praedicandum
1436 3489 1601 3556 missisunt,
1621 3491 1794 3556 nisiprone·
1833 3491 1935 3544 61398
1957 3491 2468 3556 24-Christushpostolisnotafecit

479 3577 530 3632 666
548 3577 576 3628 66
601 3607 636 3614 -
656 3577 846 3630 comitabantur
864 3575 996 3630 Christum
1019 3575 1119 3628 ratione
1156 3579 1530 3652 66661666166616661661293
1550 3581 1795 3634 25-6116616666
1833 3581 1920 3634 omnia
1935 3587 1963 3634 ut
1980 3579 2073 3634 amicis
2091 3579 2138 3632 661
2156 3583 2199 3634 22.
2219 3579 2270 3634 652
2289 3583 2323 3632 29
2341 3611 2378 3618 --
2395 3577 2469 3634 Chri·

477 3665 593 3732 suscepti
619 3667 699 3718 oflicii
728 3665 779 3718 688
798 3667 822 3718 6.
849 3665 900 3718 689
926 3667 996 3718 2*
1016 3667 1119 3720 fueruat
1156 3669 1189 3724 ad
1209 3667 1416 3736 praedicandum
1442 3671 1498 3742 sine
1519 3685 1593 3736 pera,
1616 3669 1663 3726 sed
1682 3671 1794 3724 instante
1833 3675 1890 3724 stus
1905 3667 2036 3736 Apostolis
2051 3667 2198 3724 disserebat
2210 3669 2298 3722 omnia
2312 3671 2355 3724 Vll
2373 3671 2420 3724 662
2436 3671 2468 3722 63

477 3755 567 3808 666166
591 3753 624 3808 ad
647 3753 804 3808 consortium
828 3753 922 3808 Christi
942 3755 987 3806 226
1013 3755 1067 3820 66,
1081 3751 1118 3830 67
1156 3757 1347 3824 persecutionis
1373 3763 1492 3824 tempore
1508 3759 1626 3812 ferebant
1649 3759 1794 3812 necessaria
1832 3787 1866 3800 -
1880 3759 2010 3824 apostolis
2026 3757 2240 3824 Dominusplura
2259 3757 2404 3824 explicabat
2417 3757 2467 3810 278

477 3873 512 3882 -
526 3857 663 3910 nunquam
676 3841 834 3896 deserebant
847 3841 999 3908 Magistrum
1021 3843 1071 3894 699
1086 3843 1118 3896 85
1156 3847 1238 3900 616661
1257 3849 1537 3912 atemeruntgladios
1556 3847 1602 3900 686
1621 3847 1794 3902 23-61661-
1833 3849 1901 3900 5—-
1918 3847 2014 3902 melius
2031 3845 2209 3912 intelligebant
2229 3847 2314 3902 verba
2331 3847 2425 3900 Christi
2445 3851 2469 3898 et

476 3961 514 3970 -
532 3937 657 4000 tanquam
675 3931 732 3984 veri
750 3931 830 3984 aurici
848 3931 942 3986 Christi
966 3936 1119 3985 manserunt
1156 3937 1225 4002 pulis
1243 3949 1297 3988 nou
1323 3937 1794 4002 61666666161666166666666166
1832 3937 1907 4000 plura
1925 3919 2051 3988 miracula
2069 3935 2195 3988 sidebant
2212 3935 2247 3988 Vl
2267 3935 2319 3988 326
2336 3937 2371 3986 36

479 4021 636 4074 cumcuin
655 4019 935 4074 661661661661661666
955 4019 1001 4072 856
1025 4021 1059 4072 39
1155 4025 1257 4078 victum
1277 4039 1404 4090 quaerere
1421 4025 1469 4078 524
1494 4023 1527 4078 66
1545 4053 1582 4062 -
1600 4029 1719 4090 tempore
1738 4039 1795 4090 pas·
1886 4053 1920 4062 -
1938 4023 2078 4090 Discipulis
2094 4025 2211 4090 aperitur
2228 4023 2469 4090 ductriaaSeriptu·

532 4137 567 4150 —
587 4109 718 4164 Christum
737 4115 877 4164 vocantem
897 4111 1014 4162 celeriter
1038 4111 1119 4162 secuti
1156 4111 1236 4166 sionis
1255 4113 1367 4166 tulerunt
1385 4111 1625 4166 6666666116616661
1640 4111 1682 4164 Vll
1697 4111 1747 4164 566
1763 4111 1794 4162 68
1832 4125 1921 4166 rarum
1942 4117 1966 4166 66
1990 4111 2147 4178 proponitur
2170 4113 2208 4166 eis
2231 4111 2400 4178 intelligenda
2427 4113 2469 4166 611

479 4201 540 4252 6666
566 4201 600 4252 66
628 4199 674 4252 666
710 4197 737 4252 66
762 4227 796 4238 -
815 4199 973 4254 1666666666
999 4199 1119 4252 Messinm
1209 4231 1244 4240 --
1264 4203 1411 4268 frequenter
1430 4215 1491 4254 crim
1517 4201 1627 4254 Domino
1646 4201 1717 4266 passi
1735 4203 1795 4252 suut
1834 4201 1908 4254 6886
1925 4201 2037 4266 -lpsis
2051 4201 2111 4254 data
2126 4201 2470 4266 estintelligentiaScriptu-

479 4287 546 4340 slcut
573 4287 636 4340 boni
667 4291 827 4342 mercatores
851 4289 1031 4362 margaritam,
1053 4289 1120 4342 sicut
1157 4287 1794 4354 166666136966-666616666666666661661,
1832 4303 1879 4342 rae
1897 4291 2016 4344 familiari
2033 4291 2208 4356 praelectione
2227 4291 2277 4342 692
2299 4291 2331 4342 65
2348 4289 2470 4344 -Chri-

480 4375 1119 4432 6661666666666666166666666616666262
1156 4379 1204 4432 666
1231 4381 1301 4432 Deus
1328 4381 1397 4432 illam
1426 4381 1575 4446 supplevit,
1597 4381 1726 4446 quantum
1754 4393 1796 4432 ne·
1833 4385 1890 4434 stus
1899 4379 2031 4444 apostolis
2042 4383 2133 4446 aperte
2145 4381 2256 4446 explicat
2267 4377 2404 4444 parabolas
2420 4381 2469 4434 193

479 4465 513 4518 79
529 4493 562 4504 -
575 4467 670 4532 statim,
683 4471 825 4536 postquam
839 4469 960 4522 conversi
971 4473 1039 4534 sunt,
1056 4467 1120 4520 ulios
1157 4483 1229 4522 cesse
1247 4473 1302 4522 erat
1321 4469 1362 4522 Vll
1379 4467 1428 4522 656
1451 4467 1482 4522 67
1495 4497 1531 4508 -
1541 4471 1647 4522 fuerunt
1664 4481 1795 4534 pauperes
1836 4469 1867 4522 67
1886 4499 1920 4510 -
1933 4469 2056 4530 Christus
2069 4467 2223 4538 loquebatur
2243 4469 2375 4534 Apostolis
2386 4469 2412 4520 in
2428 4468 2470 4522 ob-

480 4561 576 4628 666666
594 4555 627 4610 id.
641 4555 674 4608 78
689 4557 820 4610 -secuti
839 4561 900 4610 sunt
916 4555 1048 4612 Christum
1068 4555 1121 4608 illu·
1157 4557 1261 4612 delectu
1274 4557 1490 4620 necessariorum,
1510 4557 1556 4610 sed
1571 4571 1622 4610 uon
1633 4557 1747 4610 destituti
1761 4555 1796 4608 iu·
1833 4559 1915 4612 scuris
1934 4557 2082 4624 sententiis,
2104 4565 2135 4612 ut
2156 4557 2362 4624 intelligentibus
2386 4557 2470 4624 magis

480 4645 770 4708 minatiinterius‚vcl
791 4645 1002 4700 atiamentarius
1022 4645 1126 4708 inducti
1156 4645 1244 4702 teriori
1264 4645 1415 4700 sufficientia
1434 4645 1497 4702 isid.
1587 4705 1588 4708 ¹
1833 4647 1951 4702 ductnna
1969 4649 2084 4714 placeret
2101 4649 2135 4700 Vl
2154 4647 2205 4700 688
2225 4645 2260 4700 69
2277 4675 2314 4686 -
2332 4645 2470 4712 Discipulis

482 4735 533 4786 268
553 4735 604 4786 662
1210 4765 1246 4774 -
1265 4735 1419 4790 confitentur
1437 4733 1512 4788 fldem
1529 4733 1623 4788 Christi
1645 4733 1796 4786 mediatoris
1833 4741 1957 4804 tanquam
1967 4735 2166 4802 perfectioribus
2177 4735 2326 4802 perfectiori
2337 4735 2418 4788 modo
2429 4735 2471 4788 de-

533 4821 870 4878 mseeutisuntChristum
884 4825 1122 4888 perexcellentium
1159 4825 1795 4880 61122633-61161666161166666616166666
1833 4823 1947 4878 buerunt
1964 4825 2087 4878 mandata
2111 4824 2262 4888 evangelica
2283 4823 2406 4888 explicari
2429 4823 2471 4876 611

397 4929 399 4934 ’
481 4909 616 4974 probitatis
629 4913 663 4964 61
675 4909 987 4966 esst—ambutabam
999 4925 1061 4966 cum
1074 4913 1122 4964 Do
1158 4913 1300 4966 credebant
1313 4919 1339 4966 66
1355 4913 1425 4966 Patri
1444 4915 1582 4978 aequalem
1599 4911 1750 4976 peremnia
1763 4911 1794 4962 61
1835 4913 1886 4966 452
1904 4915 1939 4966 62
1956 4939 1992 4952 ··-
2011 4915 2172 4966 instruuntur
2192 4913 2366 4964 communiter
2383 4911 2408 4962 iu
2429 4911 2472 4964 do-

481 4999 552 5052 mino
571 4999 599 5052 ia
622 4999 666 5052 via
690 4999 864 5066 perfectionis
883 4999 927 5052 611
947 4999 996 5052 269
1019 4999 1069 5052 663
1087 5029 1123 5038 -
1159 4999 1211 5052 638
1230 5001 1274 5054 63.
1292 4999 1344 5054 639
1363 5001 1476 5054 68668
1495 4999 1513 5052 7
1530 5029 1567 5038 -—
1586 4997 1755 5052 crediderunt
1771 5003 1796 5050 et
1833 5001 1914 5052 ctrina
1943 5013 2124 5066 eorumquae
2147 4999 2319 5066 requiruntur
2344 4999 2380 5052 ad
2403 4999 2472 5052 salu·

481 5095 626 5156 sequuntur
646 5089 778 5140 Christum
795 5101 845 5152 per
862 5089 963 5140 excelsa
983 5101 1123 5152 superero·
1158 5094 1341 5152 cognoverunt
1357 5089 1526 5142 Divinitatem
1545 5087 1574 5138 in
1592 5085 1694 5144 Christo
1713 5091 1739 5138 et
1751 5089 1796 5138 116-
1834 5091 1887 5140 tem
1904 5087 2023 5140 omnium
2050 5093 2140 5152 aperte
2166 5093 2193 5140 66
2219 5087 2352 5152 explicite,
2372 5091 2397 5140 et
2415 5101 2471 5154 spe·

483 5177 741 5242 66616666161683
764 5179 774 5228 6
1159 5175 1310 5230 manitatem
1336 5175 1386 5228 676
1407 5175 1440 5228 65
1463 5203 1497 5214 -
1523 5179 1705 5240 cognoverunt
1726 5173 1796 5226 Chri·
1834 5173 1932 5228 cialiter
1949 5177 1974 5228 ia
1994 5175 2110 5228 doctrina
2140 5177 2256 5240 mysterii
2277 5175 2472 5240 Scripturarum

536 5295 571 5302 -
590 5269 618 5318 ut
637 5265 750 5320 viatores
770 5265 927 5318 transierunt
945 5277 1007 5318 cum
1021 5263 1122 5318 Christo
1159 5269 1230 5316 stum
1248 5269 1376 5330 quantum
1397 5263 1430 5316 ad
1451 5263 1616 5316 Divinitatem
1631 5267 1795 5328 etquuntum
1833 5263 1859 5316 in
1879 5263 2011 5332 parabolis
2024 5263 2075 5318 166
2088 5263 2123 5318 26
2135 5293 2170 5302 -
2183 5269 2242 5330 6666
2254 5265 2471 5320 resurrectionem

482 5365 530 5416 per
547 5359 616 5416 sata,
630 5353 659 5404 id
670 5357 710 5404 est
721 5365 770 5418 per
788 5353 837 5404 ista
848 5353 997 5404 transitorie
1014 5353 1056 5406 611
1072 5351 1122 5404 636
1159 5337 1194 5404 ad
1203 5351 1392 5404 humanitatem
1405 5351 1457 5404 256
1469 5351 1504 5402 35
1514 5365 1548 5388 -·
1558 5351 1690 5404 Christum
1703 5363 1797 5416 cogno·
1834 5353 1918 5418 primo
1933 5353 2112 5406 intellexerunt
2126 5353 2284 5418 scripturam
2305 5355 2336 5406 61
2355 5353 2406 5408 276
2428 5353 2470 5408 26.

484 5441 498 5492 3
518 5469 553 5480 -·
572 5445 646 5494 erant
658 5439 835 5494 curn-Christo
848 5439 873 5490 in
887 5439 1004 5492 oratione
1018 5435 1125 5492 mentali
1159 5443 1255 5492 verunt
1274 5441 1387 5494 maxime
1404 5447 1465 5504 post
1475 5439 1626 5504 passionem
1646 5439 1692 5492 676
1717 5441 1749 5492 18
1763 5467 1797 5480 --
1835 5441 1886 5494 276
1904 5443 1949 5494 36.
1967 5441 2019 5494 616
2032 5443 2067 5494 22
2078 5473 2113 5480 -
2126 5443 2202 5508 plene
2213 5443 2392 5496 intellexerunt
2406 5443 2472 5496 Scri·

483 5531 585 5594 affectu,
597 5527 774 5594 approbantes
783 5541 831 5594 per
841 5541 932 5580 veram
943 5527 1023 5582 iidem
1031 5527 1123 5604 22536
1160 5521 1340 5594 cognoverunt
1356 5527 1488 5582 Christum
1508 5529 1533 5580 in
1552 5529 1666 5582 adventu
1686 5529 1797 5594 spiritns
1834 5537 1938 5598 ptores,
1955 5531 2061 5600 quando
2075 5533 2261 5598 perspiritum
2279 5537 2399 5586 sanctum
2412 5533 2472 5586 edo-

536 5647 571 5656 -
584 5613 690 5670 6666616
705 5617 1125 5684 discipulorumspectatadpro-
1159 5617 1241 5670 saneti
1271 5617 1323 5670 637
1347 5619 1362 5670 8
1382 5617 1523 5684 -aliquo
1550 5617 1632 5672 modo
1655 5631 1798 5686 cognosce·
1835 5621 1870 5674 cti
1889 5625 1950 5674 sunt
1965 5621 2103 5674 veritatem
2124 5623 2167 5674 611
2189 5619 2238 5674 679
2260 5623 2292 5674 69

485 5705 812 5770 16661666616666166666,
832 5703 866 5758 ad
878 5703 1064 5758 sublimitatem
1077 5719 1125 5770 po·
1159 5705 1223 5758 bant
1240 5705 1373 5760 Christum
1393 5711 1417 5758 et
1436 5709 1538 5758 Patrem
1558 5707 1607 5770 438
1634 5707 1673 5760 66.
1694 5707 1739 5760 671
1766 5707 1797 5758 68
1889 5737 1923 5748 -·-
1937 5709 2054 5764 Christus
2067 5711 2197 5776 apostolis
2205 5715 2267 5764 nota
2277 5695 2376 5764 lecerat
2384 5711 2472 5764 clunia

418 5835 420 5842 .
483 5793 593 5860 tentiae,
616 5793 652 5846 ad
670 5781 879 5846 immensitatem
904 5793 1056 5846 clementiae
1082 5793 1124 5846 Vll
1213 5825 1248 5834 --
1273 5809 1390 5860 congrue
1411 5801 1584 5862 susceperunt
1611 5803 1638 5848 et
1660 5795 1798 5862 diligenter
1836 5799 1982 5852 necessaria
1996 5799 2029 5852 ad
2042 5801 2162 5866 salutem,
2174 5805 2300 5866 quantum
2312 5811 2406 5864 capere
2420 5803 2474 5866 pot·

485 5885 536 5936 443
557 5885 567 5934 4
590 5911 627 5920 -
645 5881 731 5948 primo
749 5883 838 5936 vocati
857 5885 963 5938 luerunt
980 5881 1008 5934 in
1026 5881 1125 5950 simpli·
1160 5889 1333 5940 servaverunt
1350 5885 1497 5938 doctrinam
1510 5871 1608 5940 ¹Christi
1628 5887 1660 5940 61
1680 5887 1731 5938 676
1754 5887 1797 5954 63,
1836 5894 1908 5942 erant
1934 5887 1967 5940 61
1987 5887 2037 5942 662
2059 5889 2090 5940 29
2110 5889 2253 5956 -aliquo
2277 5887 2359 5942 modo
2386 5887 2473 5942 intelli-

485 5987 543 6026 cem
557 5971 693 6038 notitiam,
712 5973 829 6028 secundo
841 5973 866 6026 in
886 5973 1086 6028 familiaritatem
1098 5977 1125 6028 et
1161 5977 1195 6030 15
1213 6003 1249 6014 —·-
1268 5979 1424 6040 acceperunt
1442 5975 1525 6028 verba
1547 5975 1643 6030 Christi
1666 5977 1798 6030 credendo
1837 5977 1935 6044 gebant
1952 5977 2032 6030 verba
2052 5977 2160 6042 Christi,
2180 5977 2225 6030 sed
2254 5977 2323 6030 clare
2349 5977 2474 6030 viderunt

484 6063 560 6118 tertio
580 6061 605 6116 in
624 6063 809 6130 discipulatum
830 6063 880 6116 118
902 6063 933 6116 23
1160 6067 1212 6118 639
1232 6065 1248 6116 6
1267 6091 1302 6102 ——
1320 6069 1491 6120 servaverunt
1510 6079 1659 6140 sermonem
1678 6067 1720 6120 vel
1743 6079 1800 6118 ver·
1836 6073 1896 6130 post
1914 6067 2059 6118 adventum
2082 6065 2195 6132 Spiritus
2211 6065 2295 6118 sancti
2321 6065 2424 6118 66629
2445 6063 2472 6116 3*

428 6173 431 6178 ·
538 6183 573 6192 -
593 6157 780 6220 segregantur,
798 6157 828 6206 ut
846 6153 899 6206 sint
914 6151 1005 6206 idonei
1028 6153 1062 6206 ad
1082 6153 1126 6208 do·
1160 6153 1622 6210 bumPatriscredendoinFilium
1643 6153 1800 6208 67613-
1836 6181 1872 6196 ·-
1888 6169 1941 6208 non
1954 6155 2028 6220 plene
2047 6153 2290 6220 potueruntdoceri
2310 6153 2334 6204 in
2348 6167 2473 6216 praesen·

485 6241 597 6296 ctrinam
614 6241 809 6306 suscipiendam
829 6241 872 6294 611
893 6239 943 6292 666
964 6239 1008 6294 26.
1027 6241 1073 6294 231
1091 6241 1125 6292 66
1160 6247 1308 6308 purgantur
1328 6241 1360 6296 ab
1380 6255 1469 6296 errore
1486 6255 1608 6296 sermone
1628 6241 1674 6296 Dei
1696 6241 1746 6296 673
1766 6241 1797 6294 29
1836 6229 2475 6306 616616166165918-666666666666186161-

484 6359 521 6370 -
539 6331 671 6396 segregati
699 6335 804 6384 eranta
830 6329 964 6384 mundana
988 6343 1126 6384 conversa·
1214 6359 1250 6370 —
1268 6329 1400 6384 habebant
1417 6331 1513 6394 fldem,
1530 6331 1580 6384 sed
1596 6345 1648 6384 uon
1667 6333 1800 6396 pleneex·
1836 6331 1971 6384 tussancti
1990 6343 2043 6384 non
2063 6331 2195 6384 sciverunt
2212 6329 2302 6382 omnia
2318 6331 2473 6394 pertinentia

484 6419 555 6474 tione
574 6421 607 6472 61
627 6419 677 6472 672
698 6419 739 6472 26.
767 6417 817 6472 673
838 6421 870 6472 28
890 6449 927 6460 -
939 6417 1056 6472 Christus
1082 6433 1126 6472 vo·
1160 6419 1276 6486 plicitum
1288 6421 1464 6484 necperlecte
1477 6419 1581 6472 firmam
1589 6417 1628 6472 61
1648 6419 1698 6472 666
1718 6417 1752 6472 68
1765 6445 1800 6460 -
1836 6419 1994 6472 adsalutem
2014 6419 2064 6472 662
2083 6421 2117 6472 29
2131 6445 2164 6460 -
2178 6423 2238 6472 6666
2257 6419 2400 6472 adveutum
2417 6421 2475 6486 Spi-

486 6509 534 6564 luit
556 6507 701 6574 discipulos
724 6511 901 6574 sequestratos
923 6523 939 6562 a
964 6507 1048 6562 turbis
1067 6511 1126 6562 eta
1160 6513 1288 6562 vocantur
1300 6509 1371 6562 lilioli
1385 6511 1492 6574 propter
1511 6507 1691 6562 infirmitatem
1707 6507 1732 6560 iu
1748 6507 1800 6562 666
1835 6507 1901 6562 ritus
1922 6509 2007 6562 sancti
2025 6509 2113 6562 adhuc
2135 6509 2252 6562 carnales
2268 6513 2341 6562 erant
2361 6511 2411 6562 659
2433 6511 2475 6562 69.

486 6599 596 6652 terrenis
613 6599 658 6650 Vll
676 6595 723 6650 234
749 6595 783 6648 66
800 6599 959 6650 -luerunt
975 6611 1038 6650 eum
1052 6595 1127 6652 Chri·
1163 6593 1800 6662 63368-6661666616666166166666611666-
1838 6595 1889 6648 464
1907 6595 1942 6646 39

486 6691 528 6738 666
551 6685 579 6740 16
596 6691 684 6740 munte
711 6685 763 6738 666
782 6685 826 6738 66.
849 6687 897 6738 236
928 6677 962 6738 66
980 6685 1127 6752 —fugere
1161 6685 1279 6738 mitatem
1292 6685 1440 6738 Vll20044
1458 6685 1800 6750 Ἤ-66666666166661116
1888 6711 1925 6724 -··
1943 6685 2103 6740 docentura
2131 6687 2227 6752 Spiritu
2253 6693 2342 6742 sancto
2367 6685 2471 6738 61666

487 6773 585 6826 666666
600 6773 734 6838 homines,
752 6787 806 6826 non
826 6787 887 6828 cum
905 6773 944 6826 eis
967 6775 1127 6826 6666666616
1161 6779 1215 6828 tate
1226 6781 1253 6828 et
1265 6773 1482 6838 pusillanimitate,
1496 6781 1524 6828 ui
1535 6773 1680 6828 excitentur
1693 6773 1726 6826 ad
1738 6773 1801 6826 6661
1837 6771 1871 6826 66
1888 6803 1924 6812 -
1943 6779 2004 6838 post
2021 6775 2237 6838 glorificationem
2261 6775 2355 6828 Christi
2375 6773 2475 6826 habue-

488 6859 605 6914 268666
1161 6861 1311 6916 firmitatem
1324 6859 1386 6916 itta.
1406 6891 1442 6900 —·
1454 6867 1554 6928 petunt,
1569 6867 1596 6916 66
1608 6861 1658 6914 sibi
1675 6841 1741 6914 6666
1758 6875 1801 6912 66·
1835 6866 1896 6913 runt
1925 6861 2057 6914 internum
2086 6863 2222 6916 doctorem
2253 6861 2393 6916 docentem
2429 6875 2474 6916 eos
