5900 8266
499 541 565 610 tta

500 719 595 790 datur
629 723 863 808 perspiritum
901 743 1006 792 sermo
1038 725 1225 810 sapientiae,
1262 727 1312 792 alii
1353 745 1458 794 sermo

501 829 650 898 scientiae
669 829 844 896 secundum
869 833 1005 898 eundem
1022 831 1189 916 Spiritum,
1212 831 1302 898 alteri
1327 831 1403 898 6666
1427 831 1457 898 16

502 935 610 1004 eodem
628 933 745 1020 Spiritu
763 961 792 1000 6.
818 937 930 1004 Petunt
953 943 1071 1014 autem,
1094 937 1188 1002 tidem
1212 955 1230 1002 a
1251 937 1385 1002 Domino
1400 935 1458 1002 sihi

338 1055 487 1122 666666
501 1041 609 1126 augeri
646 1045 793 1126 tanquam
830 1041 948 1108 donum
978 1039 1207 1126 perincertum·
1236 1039 1276 1106 ad
1304 1039 1460 1108 Hebraeos

349 1121 481 1168 ”mm
502 1147 712 1216 uudeclm0¹:
740 1147 859 1214 «Fides
883 1153 930 1216 est
960 1147 1202 1214 tundamentum
1231 1145 1460 1232 sperandarum

502 1273 623 1332 rerum,
640 1259 859 1336 argumentum
877 1271 941 1320 non
957 1251 1173 1338 apparentium
1187 1279 1203 1310 n
1222 1259 1301 1330 etc.;
1327 1257 1460 1336 etpost:

510 1385 528 1420 «
542 1357 613 1426 Sine
637 1357 698 1424 666
719 1357 911 1444 impossihile
932 1363 981 1424 661
1004 1358 1129 1444 placere
1156 1357 1237 1434 Deo;
1264 1357 1461 1424 accedentem

502 1483 580 1550 ergo
602 1469 726 1548 oportet
746 1463 875 1532 credere
892 1491 908 1522 n
935 1469 994 1530 etc.
1022 1465 1134 1528 Petunt
1148 1461 1290 1528 similiter
1311 1467 1461 1546 tanquam

340 1569 621 1648 inretrattnndonum
645 1567 780 1636 aliorum
800 1567 960 1636 donorum
980 1567 1248 1654 imperativum·
1273 1567 1371 1634 lacohi
1397 1567 1461 1652 pri-

340 1639 602 1738 66111666
635 1673 802 1738 «66666
834 1673 864 1738 u
897 1673 1059 1748 166661
1085 1671 1287 1750 classitanae
1317 1671 1462 1738 natiuae

497 1777 656 1862 rigestuo
676 1777 796 1862 primo:
827 1777 984 1856 «Omnia,
1010 1793 1228 1864 quaecumque
1253 1775 1407 1862 petieritis
1429 1777 1463 1842 in

504 1883 647 1950 oratione
678 1883 858 1962 credentes,
883 1883 1041 1966 accipietis
1056 1907 1089 1962 »3
1109 1890 1143 1949 et
1172 1881 1320 1948 Matthaei
1343 1879 1464 1948 decimo

504 1987 633 2074 quinto:
663 1987 876 2068 «06161166,
902 2005 1014 2074 magna
1037 1987 1184 2056 6666666
1214 1993 1284 2068 166;
1308 1987 1363 2056 661
1388 1987 1463 2070 tibi,

505 2095 589 2162 sicut
611 2095 742 2182 petisti»
764 2101 822 2162 etc.
848 2095 961 2164 Petunt
974 2085 1068 2164 etiam
1087 2103 1234 2182 tanquam
1253 2095 1371 2164 donum
1389 2095 1464 2164 alio-

341 2213 493 2312 666666·
506 2219 578 2268 666
603 2201 853 2278 custoditivam
875 2203 915 2268 ad
938 2203 1089 2288 Ephesios
1110 2201 1248 2270 tertio³:
1273 2203 1400 2272 «Huius
1416 2203 1465 2272 rei

440 2295 447 2310 '
506 2305 608 2392 gratia
628 2309 722 2376 ilecto
743 2327 848 2394 genua
867 2309 909 2376 ad
931 2309 1052 2376 Patrem
1080 2309 1203 2376 Domini
1220 2311 1289 2378 lesu
1303 2309 1418 2378 Christi
1433 2339 1465 2392 n,

512 2420 579 2482 «61
602 2415 764 2482 detrahis
788 2415 962 2484 secuudum
984 2415 1107 2484 divitias
1130 2417 1248 2502 gloriae
1274 2417 1465 2484 666661616-

433 2561 434 2564 =
506 2527 590 2602 tem,
613 2523 810 2590 corroborari
836 2541 892 2608 per
917 2523 1069 2610 Spiritum
1093 2523 1162 2590 eius
1183 2525 1218 2590 16
1239 2523 1384 2590 166661661
1408 2525 1466 2590 66-

506 2629 606 2708 6166,
626 2629 789 2698 Christum
812 2629 956 2698 habitare
980 2629 1155 2716 6666666
1183 2631 1218 2696 16
1240 2627 1391 2698 cordibus
1413 2647 1464 2696 re·

506 2733 581 2800 stris
599 2761 626 2800 ».
653 2737 687 2800 Et
709 2735 780 2800 ideo
796 2737 947 2802 Dominus
964 2737 1086 2802 dicebat
1103 2737 1191 2800 Petro
1210 2735 1290 2800 intra
1313 2735 1465 2818 vigesimo

506 2841 686 2908 secuntur:
706 2849 733 2900 '«
748 2841 810 2926 Ego
833 2861 891 2926 pro
916 2849 945 2908 te
971 2841 1096 2926 rogari,
1119 2841 1227 2920 Petre,
1250 2839 1467 2906 61666666-

460 3001 461 3004 ,
506 2943 568 3012 6166
591 2945 669 3012 6666
689 2951 761 3024 tua;
787 2951 874 3012 6116
908 2945 1074 3030 aliqnando
1099 2961 1289 3022 conversus,
1312 2941 1467 3010 confirma

506 3043 744 3118 6616661666».
761 3049 808 3117 Ob
825 3049 884 3114 hoc
902 3049 1129 3114 61166616666
1148 3049 1266 3132 6611661
1285 3049 1374 3112 Petro
1391 3049 1467 3114 Mat-

507 3155 591 3220 thaei
614 3155 862 3222 decimosexto:
892 3153 1181 3232 «1666161666,
1206 3161 1237 3220 et
1260 3169 1357 3238 snper
1382 3153 1466 3220 hanc

508 3268 629 3346 petram
654 3257 821 3326 aedificabo
848 3259 1013 3326 Ecclesiam
1040 3277 1140 3326 meam
1156 3289 1184 3324 6.

604 3363 652 3430 tt.
679 3363 779 3448 (Vers.
805 3365 859 3442 6.).
882 3363 1026 3430 Secundo
1049 3371 1203 3448 quantum
1229 3363 1266 3430 ad
1289 3363 1368 3450 61161
1387 3383 1467 3450 pro-

359 3477 490 3526 secuntur·
510 3465 633 3554 fectum
659 3469 877 3538 consistentem
902 3469 933 3534 in
963 3469 1188 3554 cooperatione
1213 3469 1308 3538 liberi
1331 3469 1470 3538 arbitrii

510 3575 676 3642 subditur:
691 3573 906 3640 [licitantem
923 3575 1100 3640 Dominus:
1114 3575 1152 3640 Si
1166 3573 1351 3642 habueritis
1366 3573 1466 3658 riclam

509 3679 599 3748 sicut
619 3699 767 3766 perunum
791 3679 931 3766 sinapis.
955 3681 1013 3748 Per
1037 3699 1185 3768 prauum
1209 3681 1360 3766 sinapis,
1382 3683 1469 3766 quod

509 3787 544 3854 16
566 3805 600 3854 66
623 3795 671 3856 661
692 3787 868 3872 quantitate
897 3804 1051 3874 parrum,
1074 3787 1221 3856 acumine
1252 3787 1412 3856 16661666
1437 3795 1470 3856 61

509 3893 702 3962 1666666616
727 3913 888 3980 magnum,
914 3893 1115 3978 intelligimus
1136 3895 1229 3960 liberi
1250 3893 1380 3962 arbitrii·
1399 3913 1470 3962 coo-

511 3999 703 4084 perationem
733 4003 885 4086 quantum
919 3997 956 4066 ad
989 3997 1243 4084 replicationem
1271 4001 1470 4080 intellectus,

511 4105 737 4174 accensionem
758 4105 894 4194 affectus
920 4111 948 4174 et
974 4105 1216 4174 multitudinem
1235 4105 1310 4174 boui
1328 4103 1469 4194 effectus.

509 4213 598 4282 Unde
622 4213 872 4280 interlinearis5
894 4213 1099 4294 determinat,
1115 4213 1290 4282 cuiusmodi
1307 4213 1400 4282 tidem
1418 4213 1471 4282 66-

512 4319 608 4388 beant
630 4337 802 4406 quaerere,
824 4317 942 4414 scilieet
963 4321 1118 4414 humilem
1142 4327 1174 4386 et
1199 4321 1392 4398 ferventem,
1419 4321 1470 4388 cui

512 4445 676 4510 nunquam
697 4425 833 4492 66616161
857 4425 942 4510 6666
964 4427 1045 4492 bene
1067 4425 1173 4510 gessit.
1196 4427 1231 4492 lu
1253 4443 1353 4510 grano
1382 4443 1472 4492 nam-

514 4549 577 4618 que
600 4531 716 4618 sinapis
741 4537 870 4618 propter
891 4531 1077 4616 parvitatem
1110 4531 1296 4618 intelligitur
1317 4531 1415 4612 6666,
1439 4531 1471 4596 16

513 4643 645 4724 quaest
665 4637 862 4726 purificatio
884 4635 1078 4716 intellectum
1103 4639 1248 4706 Matthaei
1263 4635 1384 4704 decimo
1409 4641 1473 4702 ter·

342 4745 600 4852 -Ficgpsippepgtioiz
632 4745 768 4812 «Simile
792 4749 837 4814 est
863 4761 997 4830 regnum
1027 4745 1186 4810 caelorum
1210 4763 1309 4830 grano
1337 4741 1472 4828 sinapis,

356 4865 437 4922 ,666-
515 4849 600 4936 6666
624 4859 670 4918 661
693 4851 860 4918 minimum
882 4851 1028 4918 omnibus
1046 4849 1263 4918 seminibus».
1283 4849 1471 4918 Nullaenim

470 4999 473 5004 n
515 4957 620 5024 virtus
651 4957 728 5024 adeo
763 4955 898 5042 captivat
933 4957 1126 5024 intellectum
1161 4957 1355 5034 humanum,
1391 4955 1475 5020 sicut

517 5061 612 5142 lides;
637 5063 790 5130 66666666
814 5061 852 5128 66
876 5061 1055 5128 Corinthios
1069 5061 1206 5128 decimo:
1232 5059 1474 5146 «1666666116-

515 5173 579 5236 tem
593 5167 769 5254 redigentes
783 5185 909 5234 omnem
926 5167 1119 5234 intellectum
1135 5167 1169 5232 in
1184 5165 1373 5250 obsequium
1383 5163 1475 5230 Chri-

516 5521 591 5576 noes
610 5519 704 5590 fidem,
722 5521 919 5588 quosi'dieaut:
940 5521 1009 5572 Dicis
1025 5521 1190 5584 erogandam
1208 5521 1362 5588 pecuniam,
1380 5521 1475 5574 condo·

426 5599 427 5602 ’
517 5611 602 5662 66666
623 5615 744 5674 6666616,
762 5593 1306 5674 6666166666666666616616616666661
1324 5613 1421 5662 horum
1439 5611 1476 5662 ta-

518 5695 810 5766 616666666,666666
828 5695 855 5752 in
875 5695 950 5752 nebit
967 5695 1058 5766 fidem.
1077 5699 1144 5752 11166
1163 5699 1242 5752 etiarn
1260 5699 1379 5752 61666666
1402 5697 1475 5752 6666-

518 5785 630 5840 nariam
647 5801 678 5838 ex
696 5787 779 5852 Beda;
799 5789 843 5838 etr.
858 5789 976 5854 Gregon,
997 5787 1075 5840 xxu.
1094 5787 1185 5842 Moral.
1202 5801 1225 5840 6.
1247 5787 1287 5842 26.
1308 5803 1333 5840 6.
1355 5787 1396 5840 68.

505 5903 507 5910 1
590 5873 599 5906 ¹
621 5875 696 5930 Vens,
716 5877 740 5928 t.
761 5875 1112 5946 (6616666666616661666
1134 5877 1192 5932 1161.
1209 5891 1271 5930 666
1286 5877 1397 5950 Vulgata
1417 5879 1475 5932 etll

518 5959 685 6028 stabulante,-
704 5965 750 6016 ctr.
768 5965 806 6016 111.
825 5965 895 6018 Sent.
913 5965 940 6016 6.
959 5965 1004 6016 23.
1021 5977 1046 6016 6.
1067 5965 1089 6016 1.
1109 5979 1136 6032 q.
1154 5963 1181 6016 6.
1194 5965 1228 6018 66
1246 5967 1272 6016 t:
1294 5965 1390 6018 Dicitur
1403 5965 1475 6016 enim

518 6049 684 6118 substantie,
704 6053 765 6118 quia
782 6059 823 6106 est
840 6053 1040 6106 tundamentum
1055 6051 1168 6106 lubricae
1181 6051 1321 6116 spiritualis
1332 6051 1392 6118 616.)
1412 6053 1476 6104 616.

589 6139 599 6172 ²
621 6141 695 6194 Mars.
712 6139 742 6206 6,
763 6145 918 6206 postquem
941 6141 1026 6194 Matth.
1046 6143 1095 6202 21,
1116 6141 1158 6190 22.
1178 6144 1203 6191 61
1223 6139 1270 6206 16,
1291 6141 1333 6192 28.

589 6227 599 6260 ³
618 6229 695 6282 Mers.
714 6229 759 6282 16.
775 6235 801 6282 61
823 6229 863 6280 16.
882 6243 939 6296 666.
956 6231 1006 6282 Pro
1023 6227 1053 6282 iu
1072 6225 1197 6282 interiori
1212 6227 1320 6282 bomine
1339 6227 1476 6296 (11661166

519 6315 639 6382 tugost,
656 6317 737 6382 Epist.
753 6317 813 6370 166.
826 6315 891 6370 61166
909 6319 968 6370 126,
989 6331 1012 6370 6.
1031 6319 1077 6370 26.
1092 6331 1120 6368 6.
1139 6315 1476 6382 63;66616661.16Ε66.,

520 6409 592 6470 6666
609 6403 720 6460 hebetur
739 6405 805 6458 inter
824 6419 904 6470 opera
923 6403 1055 6460 Ambrosii
1074 6409 1098 6458 61
1118 6405 1186 6456 Petr.
1198 6405 1339 6458 lomberd.
1361 6405 1388 6458 in
1407 6407 1476 6458 hunc

521 6493 580 6560 loc.)
599 6493 713 6558 Vulgata
729 6493 762 6550 tn
777 6491 936 6548 interiorem
953 6491 1098 6548 hominem.

590 6583 602 6616 ⁴
621 6583 698 6634 Vers
715 6583 759 6636 32.
777 6587 803 6634 61
822 6583 916 6636 661666
936 6583 1023 6636 116666.
1043 6583 1090 6646 16,
1112 6581 1152 6632 18.

590 6673 738 6736 ⁶llyranus
766 6675 833 6726 hanc
859 6673 977 6724 Glossam
1006 6669 1207 6734 interlinearem
1237 6687 1288 6724 non
1319 6673 1404 6736 66661,
1431 6673 1476 6724 666

521 6757 639 6818 61666661
657 6759 949 6814 166666666616666661
967 6757 1124 6828 16613666),
1142 6763 1303 6824 66666666
1322 6761 1476 6814 1616616661·

521 6843 633 6904 legator.
650 6845 702 6898 Ctr.
719 6861 798 6912 snpra
818 6861 882 6914 pag.
902 6847 968 6910 346,
988 6853 1048 6900 nota
1069 6851 1092 6900 6.
1112 6845 1184 6900 617.

1079 551 1272 620 cottttultr.
1297 551 1333 620 ΙΝ
1357 551 1593 619 avunculum
1619 547 1791 618 6116166.
1817 547 1902 614 llt'tt.

1523 725 1589 794 661»
1611 733 1669 794 616.
1686 761 1726 776 -
1741 725 1871 810 Propter
1886 741 2025 790 acumen
2042 729 2147 790 66666
2166 723 2350 808 intelligitur
2365 741 2478 790 accat·
2495 739 2601 834 666661

1523 829 1573 896 666
1587 829 1746 916 allectus:
1766 829 1849 896 unde
1871 829 1977 898 Glossa
1991 829 2019 892 ⁷:
2043 853 2059 886 α
2074 829 2179 894 Fidem
2194 829 2363 920 perlectam
2380 847 2478 914 grano
2495 805 2506 838 ⁸
2524 803 2604 838 Μ’

1523 935 1640 1018 sinapis
1661 941 1839 1020 comparat,
1865 935 2001 1022 quaein
2023 921 2101 1000 lacle
2125 939 2172 1000 est
2188 933 2316 1000 humilis
2330 939 2364 1000 et
2378 935 2478 1000 nulla-

1523 1057 1600 1104 rum
1621 1039 1734 1108 virium
1759 1057 1929 1126 apparens,
1952 1039 2007 1108 666
2028 1039 2187 1124 pressuris
2208 1039 2301 1118 trita,
2324 1045 2477 1124 quantum

1523 1145 1610 1212 intus
1640 1145 1777 1222 terreat,
1810 1147 1951 1214 66666661
1964 1171 1998 1212 s.
2028 1145 2116 1212 Unde
2144 1143 2184 1210 66
2213 1143 2320 1228 Apollo
2346 1145 2479 1212 actuum

1523 1243 1644 1316 decimo
1665 1249 1800 1316 octavo⁸
1825 1249 1954 1318 dicitur:
1982 1277 2000 1310 α
2015 1251 2069 1318 616
2090 1253 2158 1318 6661
2175 1249 2399 1316 edoctusriam
2417 1249 2479 1316 Do-

1524 1355 1599 1420 mini
1632 1359 1661 1420 et
1695 1355 1820 1420 terrens
1852 1357 1966 1440 spiritu
2003 1357 2191 1442 loquebatur
2225 1371 2262 1420 66
2297 1371 2378 1440 6666
2405 1363 2481 1422 6666

1526 1461 1594 1528 1666
1610 1487 1642 1526 ».
1659 1497 1703 1510 -
1725 1459 1856 1544 Propter
1874 1461 2111 1528 incrementum
2128 1461 2313 1548 intelligitur
2329 1477 2385 1546 per
2400 1461 2479 1528 11166
2492 1479 2576 1574 fliturg
2588 1491 2638 1534 nro·

1525 1567 1698 1654 66166166
1727 1565 1805 1632 tout
1833 1563 1978 1654 effectus,
2010 1569 2183 1636 secuudum
2219 1567 2298 1634 11166
2330 1567 2479 1636 Matthaei
2501 1537 2532 1576 εἰ
2549 1545 2560 1576 ⁰
2576 1539 2643 1578 Μ’

1525 1673 1647 1740 666166
1668 1671 1806 1740 tertiat:
1835 1697 1849 1732 «
1868 1671 1971 1738 Simile
1997 1678 2043 1739 est
2059 1691 2190 1758 regnum
2206 1675 2366 1742 caelorum
2384 1693 2481 1760 grano

1526 1777 1659 1864 sinapis,
1684 1777 1768 1864 quod
1790 1777 1948 1862 accipiens
1969 1777 2065 1844 homo
2093 1779 2274 1860 seminaria
2301 1779 2385 1866 quod
2407 1799 2480 1848 cum

1526 1885 1678 1964 creverit,
1703 1883 1803 1950 maius
1827 1889 1875 1950 est
1896 1881 2040 1950 omnibus
2066 1883 2203 1950 oleribus
2225 1895 2257 1950 et
2279 1885 2316 1950 61
2336 1885 2479 1952 arbor».

1527 1991 1559 2056 16
1584 2011 1647 2078 666
1677 1987 1863 2076 intelligitur
1897 1989 2052 2056 honorum
2084 2005 2216 2074 operum
2249 1989 2416 2056 multitudo
2450 1999 2481 2058 61

1528 2097 1689 2184 congeries
1712 2097 1889 2178 66661616,
1905 2095 2005 2164 lacobi
2021 2095 2157 2174 secundo
2173 2097 2214 2162 ¹⁰:
2247 2123 2262 2156 «
2276 2095 2331 2164 Vis
2354 2095 2446 2178 scire,
2462 2119 2481 2164 o

1528 2205 1622 2272 horno
1646 2205 1765 2286 inanis,
1787 2205 1935 2290 quoniam
1970 2203 2047 2272 tides
2079 2203 2145 2270 sine
2180 2203 2329 2288 operibus
2356 2209 2482 2270 rnortua

1528 2317 1598 2380 6611
1620 2313 1791 2392 abruliam,
1818 2317 2047 2398 paternoster,
2072 2327 2173 2376 66666
2198 2309 2410 2394 exoperibus
2435 2309 2482 2376 iu·

1529 2419 1680 2488 stificatus
1705 2427 1769 2500 est,
1787 2421 1921 2488 offerens
1947 2421 2028 2486 isaac
2059 2419 2157 2484 61166
2183 2435 2277 2484 6666
2309 2433 2403 2502 super
2439 2419 2482 2484 al·
2560 2407 2562 2416 ’

1529 2531 1613 2592 16661
1645 2527 1755 2602 Vides,
1785 2525 1933 2610 quoniam
1963 2523 2039 2590 6666
2072 2523 2298 2608 cooperabatur
2333 2521 2482 2608 operibus

1529 2627 1631 2708 111166,
1655 2635 1686 2696 61
1709 2647 1749 2698 ex
1773 2629 1921 2714 operibns
1946 2629 2023 2694 6666
2045 2635 2261 2694 6666666666
2281 2635 2361 2694 est»
2390 2635 2449 2694 etc.

1621 2737 1670 2800 tt.
1696 2733 1800 2800 Tertio
1825 2739 1978 2818 quantum
2003 2731 2039 2796 ad
2064 2731 2143 2816 fidei
2162 2731 2319 2796 uirtutem
2342 2731 2376 2798 iu
2396 2753 2484 2800 66666-
2504 2749 2607 2796 neritum.
2715 2799 2717 2804 ,

1529 2837 1657 2902 euticete
1685 2837 1839 2902 retro-nat
1871 2835 2007 2920 irriperii
2039 2833 2218 2918 subiungit:
2258 2833 2376 2900 11666166
2405 2833 2484 2902 bute

1531 2941 1650 3006 arbori
1668 2959 1782 3006 moro:
1808 2941 1994 3006 Erarlieare
2011 2947 2038 3006 61
2054 2939 2306 3024 transplantare
2323 2941 2356 3006 in
2373 2961 2484 3022 mare,-

1530 3053 1557 3112 et
1582 3045 1701 3112 obediet
1724 3047 1824 3112 uobis.
1849 3047 1881 3112 16
1905 3063 1969 3130 666
1999 3049 2093 3112 66666
2125 3045 2357 3132 intelligimine
2382 3037 2484 3118 uirtus
2529 3043 2534 3046 ”

1531 3149 1601 3220 6661
1625 3159 1779 3238 quantum
1803 3151 1844 3218 ad
1865 3169 1904 3218 ea
1923 3171 2006 3238 6666
2039 3159 2177 3238 aguntur
2210 3153 2384 3220 secundum
2406 3173 2484 3220 cur·
2500 3173 2574 3218 666
2590 3175 2643 3238 nnat

1531 3277 1607 3324 stim
1629 3265 1777 3324 6616666
1798 3265 1830 3324 66
1853 3259 2028 3326 secundum
2048 3259 2207 3346 impetum
2229 3259 2346 3344 eulpae
2374 3265 2404 3326 et
2439 3279 2486 3328 se·
2504 3229 2574 3280 ΨΜ
2587 3233 2638 3274 “¹³¹

1532 3363 1670 3456 cundum
1693 3365 1850 3430 meritum
1882 3365 2037 3430 iustitiae.
2062 3365 2171 3432 Omnia
2197 3365 2278 3432 enim
2310 3367 2485 3434 16666611-

1532 3475 1607 3536 sunt
1629 3469 1775 3556 regimini
1797 3469 1920 3538 616666
1943 3469 2157 3556 providentiae
2180 3477 2212 3538 et
2234 3471 2370 3556 quodam
2396 3475 2486 3538 6666

1533 3573 1665 3658 imperio
1679 3573 1749 3640 lidei
1769 3575 1937 3660 perlectae,
1956 3577 2127 3644 secundum
2147 3575 2222 3641 illud
2238 3577 2332 3642 Marci
2348 3595 2430 3642 nono
2445 3581 2484 3644 1¹:

1539 3681 1600 3748 «Si
1622 3681 1880 3766 661666666666,
1906 3681 2010 3748 omnia
2034 3683 2191 3768 possibilia
2216 3691 2288 3748 sunt
2303 3683 2443 3750 credenti
2457 3713 2485 3752 6.

1534 3787 1710 3854 86666666
1734 3785 1878 3854 litteram
1902 3787 1983 3854 enim
2016 3805 2073 3874 par
2097 3787 2265 3874 imperium
2293 3787 2364 3856 tidei
2391 3807 2487 3874 supra
2507 3805 2634 3862 61666-

1534 3911 1659 3960 66666
1676 3893 1965 3978 transplantandam
1986 3893 2170 3980 intelligitur
2191 3893 2358 3978 imperium
2383 3913 2487 3982 respe-
2533 3867 2609 3908 mmm·

1536 4009 1590 4068 ctu
1606 4001 1834 4086 corporalium
1850 3999 2088 4066 elementorum.
2101 4001 2186 4068 Unde
2204 4001 2309 4068 Glossa
2324 4003 2363 4066 ¹²:
2387 4027 2403 4060 «
2414 4003 2488 4086 Spe·

1533 4105 1596 4176 cies
1617 4105 1745 4192 ponitur
1761 4125 1818 4192 pro
1835 4123 1967 4192 genere,
1983 4107 2057 4192 quia
2072 4107 2151 4174 6666
2165 4111 2380 4174 consummata
2396 4105 2487 4174 etiarn

1533 4213 1692 4282 elementis
1716 4219 1816 4298 potest
1840 4213 1994 4300 imperare
2010 4237 2042 4294 »3
2065 4211 2151 4280 6666
2171 4221 2204 4280 61
2225 4213 2369 4280 Matthaei
2404 4213 2487 4298 rigo-

1535 4319 1613 4386 6166
1635 4319 1740 4404 primo
1753 4319 1797 4384 1³:
1826 4345 1844 4378 «
1859 4319 1890 4384 Si
1915 4319 2088 4386 habueritis
2109 4319 2203 4384 6666
2220 4323 2250 4384 61
2272 4339 2335 4384 666
2357 4319 2490 4385 haesita-

1534 4423 1641 4492 veritis
1666 4431 1695 4492 et
1719 4423 1863 4492 dixeritis
1886 4423 1962 4490 huic
1985 4423 2098 4490 monti:
2131 4423 2217 4492 Tolle
2243 4431 2276 4490 66
2297 4423 2377 4492 16616
2401 4429 2430 4490 16
2459 4425 2490 4490 16

1534 4547 1637 4610 mare;
1663 4531 1704 4596 ita
1730 4531 1782 4598 666
1796 4555 1827 4594 n.
1854 4529 1938 4596 Unde
1963 4529 2000 4596 ad
2024 4529 2178 4596 Hebraeos
2201 4529 2367 4596 undecimo
2384 4547 2491 4596 exem-

1535 4635 1652 4722 plificat
1667 4637 1830 4724 Apostolus
1854 4635 1892 4702 de
1916 4635 2036 4702 Sanctis
2054 4635 2170 4714 616666,
2194 4635 2280 4720 6666
2296 4661 2310 4694 <t
2327 4653 2381 4722 per
2399 4635 2490 4702 6666

1539 4741 1683 4810 uicerunt
1705 4759 1819 4828 regna,
1845 4741 2073 4810 obturaverunt
2089 4759 2145 4808 ora
2161 4743 2303 4820 leonum,
2329 4743 2490 4810 exstinxe-

1537 4855 1614 4914 runt
1635 4847 1788 4934 impetum
1809 4849 1909 4932 ignis,
1925 4849 2145 4932 effugaverunt
2161 4847 2256 4912 aciem
2274 4847 2365 4932 gladii
2382 4855 2415 4912 et
2428 4845 2491 4912 lor-

1538 4961 1584 5020 tes
1607 4953 1680 5020 tacti
1703 4961 1779 5022 sunt
1802 4953 1832 5020 in
1857 4953 1938 5020 hello
1954 4979 1986 5018 ».
2234 5039 2235 5042 Ἴ
2553 5041 2555 5044 ¹

1628 5061 1679 5124 16.
1703 5057 1881 5124 Secundum
1917 5061 2022 5122 autem
2053 5057 2271 5142 tropologiam
2306 5055 2492 5142 intelligitur
2533 5073 2588 5116 nau
2602 5075 2649 5120 66-

1538 5163 1569 5230 16
1592 5163 1653 5228 hoc
1683 5163 1853 5248 imperium
1882 5165 2029 5246 respectu
2062 5161 2187 5230 dioboli
2218 5169 2245 5230 et
2279 5161 2492 5230 tentationum
2520 5123 2650 5224 saleim*

1610 5515 1714 5574 ⁶Vers.
1733 5521 1775 5574 31.
1796 5521 1881 5574 6132.
1901 5547 1935 5560 -
1955 5519 2076 5586 Sequitur
2097 5521 2123 5572 ll.
2141 5521 2199 5574 Cor.
2223 5521 2269 5588 10,
2291 5521 2315 5574 6.

1610 5605 1620 5638 ²
1639 5611 1743 5662 Scilicet
1760 5607 1902 5664 ordinaria
1922 5611 1963 5678 (ex
1982 5611 2065 5676 Beda;
2092 5613 2136 5662 61.
2166 5609 2296 5676 ambros,
2315 5611 2366 5662 Vll.
2384 5611 2412 5662 in
2429 5613 2493 5664 Luc.

1539 5713 1564 5752 e.
1582 5697 1625 5752 13.
1643 5713 1671 5752 6.
1690 5697 1750 5764 176,
1769 5703 1796 5752 61
1812 5701 1931 5764 666666,
1948 5699 2058 5752 Praetat.
2069 5697 2127 5750 libr.
2141 5699 2231 5752 Moral.
2248 5713 2271 5752 c.
2286 5703 2309 5752 2.
2327 5713 2355 5752 6.
2372 5699 2410 5768 6,)
2423 5701 2495 5766 apud

1539 5791 1671 5854 lyranum
1691 5787 1793 5848 (similis
1811 5789 1946 5842 exhibetur
1964 5787 2043 5840 611666
2067 5803 2082 5840 6
2102 5787 2186 5842 Strab.
2206 5787 2232 5840 in
2249 5789 2338 5842 Matth.
2360 5787 2406 5854 17,
2432 5789 2495 5856 till,

1541 5877 1566 5932 iu
1584 5877 1659 5932 66166
1679 5879 1731 5930 666
1749 5879 1770 5930 H
1791 5891 1851 5932 cum
1880 5885 1948 5932 textu
1968 5877 2085 5942 originali
2106 5875 2232 5944 ostendit,
2253 5879 2311 5930 Vat.
2330 5877 2494 5944 ostenditur,

1540 5967 1704 6036 6666661661
1734 5983 1782 6034 pro
1810 5981 1879 6036 qaae
1902 5967 1932 6022 in
1957 5965 2025 6034 secie
2050 5967 2089 6020 est
2112 5965 2288 6034 6661116616
2314 5969 2496 6020 6161666661

1540 6055 1623 6124 Beda)
1641 6055 1775 6108 substituit
1795 6055 1867 6124 quod
1883 6053 1912 6108 in
1930 6051 1998 6124 tacte
2015 6057 2056 6108 est
2072 6051 2181 6106 tramite.

1612 6139 1717 6196 ⁸Vers.
1738 6143 1780 6194 26.

1612 6223 1623 6256 ⁹
1643 6229 1717 6280 Vers.
1737 6227 1779 6280 31.
1799 6235 1824 6280 66
1842 6229 1884 6280 32,
1904 6227 2084 6292 -Superius
2104 6231 2163 6292 post
2175 6227 2289 6294 Propter
2302 6223 2498 6280 interimentum

1542 6319 1600 6372 Vat.
1611 6319 1777 6384 prosequitur
1797 6315 1866 6370 illuct
1878 6315 2036 6384 intelligitur
2050 6313 2239 6382 multiplicatio
2252 6313 2314 6368 boui
2324 6313 2433 6382 effectus
2446 6317 2497 6366 etc.

1616 6403 1639 6436 ²⁰
1657 6409 1734 6460 Mers.
1752 6407 1794 6458 20.
1814 6421 1887 6472 6666.

1614 6495 1634 6526 ²¹
1654 6497 1730 6550 Vers.
1751 6497 1794 6548 22.
1815 6493 1866 6548 Clr.
1886 6509 1965 6562 supra
1987 6509 2007 6546 c.
2027 6497 2054 6548 8.
2071 6509 2098 6546 6.
2118 6493 2161 6546 86.
2180 6501 2203 6548 61
2224 6495 2265 6546 83.

1614 6581 1636 6614 ¹²
1655 6583 1759 6636 Scilicet
1776 6581 1957 6636 interlinearis
1988 6583 2026 6650 (ex
2053 6583 2135 6648 Beda3
2165 6585 2208 6636 etr.
2238 6579 2368 6646 ambros,
2385 6581 2447 6634 Vttt.
2473 6579 2499 6630 in

1529 6673 1603 6726 'Luc
1625 6671 1704 6724 617.
1722 6685 1749 6724 n.
1768 6671 1832 6738 28),

1613 6757 1636 6788 ¹³
1654 6761 1731 6812 Vers.
1753 6757 1797 6810 21.
1814 6763 1839 6808 61
1858 6757 1953 6810 deinde
1970 6757 2050 6812 Hebr.
2071 6757 2118 6820 11,
2136 6757 2181 6810 33.
2198 6753 2499 6824 666.,661666611666-

1541 6845 1720 6912 6666611611
1739 6843 1905 6914 6616666666)
1928 6845 2038 6910 6616616
2057 6843 2218 6914 effugerunt.
2310 6875 2311 6878 ¹
