5900 8266
467 575 534 670 “rs
1102 609 1295 676 cortuum.
1322 609 1358 676 ru
1383 609 1622 676 svuuosuuu
1644 613 1817 678 εεεεεε.
1841 613 1864 676 1.

492 789 569 848 runt
591 791 720 868 propter
739 783 998 870 publicationem
1027 783 1137 850 tlioini
1161 787 1335 870 promissi,
1369 785 1450 852 sicut

491 889 659 970 abraham
694 889 820 958 Genesis
842 889 963 958 decimo
992 889 1119 976 quinto:
1149 917 1164 948 «
1190 891 1320 958 bornine
1348 891 1448 970 Deris,

491 995 576 1062 unde
597 997 678 1062 scire
703 1013 843 1082 possum,
869 997 954 1080 quod
968 993 1173 1080 posaessurus
1197 997 1257 1062 sim
1272 1003 1390 1064 terram
1406 1003 1449 1062 »t

335 1115 465 1216 propagator
489 1137 534 1148 ....
546 1101 678 1186 Quidam
694 1109 839 1180 recusant
854 1109 982 1186 propter
996 1097 1246 1168 obstinationem
1258 1103 1366 1168 delicti
1374 1123 1449 1188 pro·

449 1201 454 1212 '
486 1207 579 1294 prii,
595 1207 676 1274 sicut
693 1207 810 1286 hobam
828 1209 921 1276 isaiae
938 1209 1085 1294 septimo:
1105 1235 1121 1266 «
1133 1209 1204 1276 Pete
1220 1209 1274 1276 tibi
1292 1209 1449 1294 signuma

341 1345 432 1400 Quidam
449 1357 472 1390 ,a
491 1315 623 1382 Domino
639 1315 703 1380 Deo
718 1321 774 1380 too
789 1341 821 1378 ».
834 1353 878 1362 —-
893 1313 1024 1396 Quidam
1041 1331 1119 1380 vero
1135 1313 1304 1398 requirunt
1319 1321 1449 1398 propter

335 1399 392 1494 {iiii
408 1411 472 1452 ‘¹⁰³³'
490 1419 738 1488 haesitationem
756 1419 878 1498 anistri,
901 1417 983 1486 sicul
1001 1419 1182 1504 Zacharias3
1206 1420 1290 1487 unde
1318 1419 1449 1486 subiun-

489 1527 534 1612 git
558 1525 709 1592 rationem
746 1525 925 1592 dubitandi:
962 1525 1029 1612 Epo
1054 1525 1141 1590 oraim
1175 1543 1253 1590 sam
1278 1543 1395 1604 senaa,
1421 1533 1449 1592 et

489 1651 579 1698 anor
599 1651 675 1696 enea
702 1629 863 1716 processit
893 1631 929 1696 in
956 1629 1072 1696 dicbus
1092 1629 1166 1696 sats
1179 1653 1191 1708 ;
1217 1639 1253 1696 ’θῖ
1282 1631 1326 1696 ila
1348 1631 1449 1716 impo-

490 1743 585 1806 ῖθεῖεε
608 1743 654 1804 θεῖ
679 1755 727 1804 θε
756 1743 843 1822 parte
875 1735 1041 1822 utriusque
1076 1735 1232 1822 parentis,
1256 1743 1287 1804 θῖ
1321 1737 1447 1802 italam

488 1863 551 1910 non
569 1849 615 1912 θεῖ
633 1849 756 1928 tempus
770 1843 954 1928 generandi,
971 1843 1024 1910 sed
1041 1843 1160 1928 potius,
1179 1843 1351 1912 secundum
1372 1843 1449 1908 iliud

490 1949 692 2016 Ecclesiastae
713 1949 807 2014 tertio
821 1951 848 2026 1,
873 1953 1027 2032 «tempus
1048 1957 1094 2016 est
1119 1933 1208 2034 longe
1232 1951 1301 2014 lieri
1322 1949 1362 2014 ab
1382 1967 1448 2014 aui-

489 2055 639 2138 plexibus
656 2079 695 2134 »3
718 2063 751 2122 et
772 2055 840 2122 ideo
873 2055 1035 2122 dubitabat
1059 2061 1089 2124 el
1113 2057 1295 2124 haesitabat.
1326 2055 1364 2122 ht
1385 2073 1447 2122 non

491 2161 534 2226 sic
559 2161 728 2240 abraham,
754 2163 790 2228 de
808 2181 872 2248 quio
894 2161 934 2228 ad
956 2163 1111 2230 Romanos
1127 2167 1257 2246 quarto:
1288 2187 1305 2218 «
1319 2161 1385 2228 Non
1401 2167 1449 2228 est

490 2265 667 2332 infirmatus
699 2269 730 2334 iu
755 2267 816 2332 tide
843 2285 945 2352 neque
968 2265 1177 2332 consideravit
1206 2285 1323 2352 corpus
1355 2287 1447 2334 suum

491 2377 687 2452 emortuum,
721 2391 793 2441 cum
832 2373 897 2440 iere
923 2379 1048 2438 centum
1085 2389 1243 2438 annonem
1282 2379 1379 2452 esset,
1418 2379 1448 2440 et

491 2485 664 2546 emortuam
705 2481 830 2546 vulvam
869 2481 969 2544 Sarae.
1007 2479 1039 2544 ln
1074 2477 1318 2564 repromissione
1354 2479 1446 2546 etiam

490 2585 560 2650 Dei
580 2605 640 2650 non
674 2583 836 2650 haesitavit
869 2581 1056 2662 dissidentia,
1086 2585 1140 2650 sed
1178 2585 1371 2652 consortatus
1400 2591 1447 2652 est

490 2691 569 2770 tide,
584 2691 660 2756 dans
677 2689 807 2774 gloriam
823 2691 900 2768 Deo,
918 2689 1097 2774 plenissime
1115 2689 1230 2770 sciens,
1247 2691 1334 2776 quia,
1353 2709 1448 2776 εεεθ-

490 2815 627 2880 cumque
648 2795 812 2880 promisit,
835 2795 921 2862 Deus
944 2803 1054 2880 polens
1076 2803 1124 2862 θεῖ
1145 2803 1179 2862 θῖ
1199 2795 1345 2864 facere».
1364 2797 1449 2866 Unde

489 2901 644 2966 abraham
677 2899 816 2980 credidit,
839 2899 915 2986 <luta
933 2901 1152 2970 ‘consideravit
1176 2901 1311 2970 divinam
1338 2907 1448 2988 poten-

491 3007 580 3082 tiam3
605 3005 657 3074 sed
684 3007 847 3074 Zacharias
865 2997 1043 3088 haesitavit,
1067 3007 1141 3094 quia
1157 3009 1366 3078 consideravit
1386 3011 1449 3076 ltu*

490 3131 612 3178 ananam
643 3113 855 3198 impotentiam
878 3117 898 3180 ².
916 3115 956 3180 ¹ln
982 3115 1272 3200 nudiustertiana,
1305 3115 1389 3201 qdod
1417 3115 1447 3180 iu

490 3219 648 3286 uriraculis
674 3221 885 3304 aspiciendum
909 3223 1010 3288 estad
1034 3239 1143 3288 caussas
1169 3221 1358 3304 superiores.

579 3327 631 3394 at.
656 3329 757 3408 (Vera.
787 3327 861 3410 lb).
897 3331 928 3394 E
974 3327 1173 3412 respondens
1206 3325 1355 3414 Angelos
1388 3333 1446 3394 etc.

365 3459 469 3522 secunus,
491 3433 543 3498 Hic
566 3439 694 3498 notatur
716 3433 828 3498 nuntii
849 3433 1035 3520 auctoritas
1059 3439 1212 3518 quantum
1238 3433 1275 3498 ad
1298 3431 1447 3498 virtutem

337 3511 473 3610 {iiiiii}
492 3537 776 3624 contemplativam
807 3543 837 3604 θῖ
872 3541 1025 3622 quantum
1054 3537 1092 3604 ad
1127 3535 1445 3604 adrninistratioam.

338 3617 471 3716 ‘iiiiii
492 3645 648 3730 Quantum
674 3643 710 3710 ad
743 3643 1029 3730 cotelernplatioarn
1061 3643 1152 3712 dicit:
1180 3645 1246 3730 Epo
1277 3663 1356 3710 sarn
1381 3643 1447 3710 Ga-

492 3749 585 3828 briel,
603 3749 662 3838 qni
678 3757 750 3814 asto
764 3755 840 3814 ante
860 3751 981 3826 Deam·
1002 3749 1138 3816 Danielis
1155 3749 1288 3834 septimo
1301 3751 1329 3814 ³:
1358 3751 1448 3816 «De-

492 3855 555 3922 cies
576 3853 690 3922 millies
712 3861 842 3922 centena
866 3853 961 3922 millia
990 3853 1227 3922 assistebantei
1244 3879 1278 3934 ³³3
1303 3859 1333 3922 et
1367 3855 1448 3922 inter

491 3963 549 4030 hos
572 3967 639 4028 erat
663 3961 797 4028 Gabriel.
822 3961 860 4028 Et
881 3961 950 4028 ideo
974 3961 1059 4030 tertii
1081 3961 1200 4048 Regum
1225 3961 1346 4030 decimo
1368 3961 1449 4028 dixit

491 4069 599 4154 regina
623 4067 754 4133 Sabain
779 4069 882 4152 figura
907 4069 1078 4134 Salomoni:
1111 4093 1125 4126 c
1140 4067 1225 4134 Beati
1253 4069 1312 4134 viri
1337 4069 1404 4148 lui,
1419 4073 1449 4134 el

491 4173 571 4242 beati
596 4173 680 4240 servi
701 4173 748 4240 tui
764 4173 813 4254 hi,
836 4173 889 4258 qui
909 4181 993 4240 stant
1013 4191 1120 4240 eoram
1143 4179 1175 4240 ῖθ
1190 4179 1223 4240 θῖ
1244 4175 1377 4242 audiunt
1400 4191 1448 4240 sa-

491 4279 637 4366 pientiam
663 4287 797 4346 tuam».
821 4281 882 4348 Hoc
916 4281 992 4348 vidit
1019 4281 1187 4360 Michaeas,
1221 4281 1305 4350 tertii
1328 4283 1446 4366 Regum

491 4387 619 4454 ultimo:
648 4387 764 4466 «Vidi,
782 4387 901 4472 inquit,
927 4387 1093 4454 Dominum
1112 4387 1270 4454 sedentem
1289 4407 1382 4474 super
1400 4407 1449 4456 εε-

491 4495 569 4560 lium
591 4513 686 4562 suum
716 4501 748 4560 et
777 4513 900 4562 curnem
933 4495 1111 4562 exercitum
1142 4493 1219 4560 caeli
1250 4495 1447 4564 assistentem

491 4601 517 4666 ei
543 4619 561 4666 a
583 4601 705 4666 dextris
730 4605 794 4666 ela
815 4599 994 4666 sinistris».
1011 4599 1144 4666 Notatur
1169 4617 1243 4684 ergo
1266 4601 1401 4686 dignitas
1416 4601 1448 4666 in

491 4705 673 4784 assistendo,
695 4713 728 4770 et
749 4711 876 4772 notatur
901 4703 995 4772 etiam
1016 4705 1049 4772 in
1065 4705 1125 4772 hoo
1149 4705 1319 4774 auctoritas
1340 4705 1371 4772 in
1396 4705 1448 4772 de-

491 4813 674 4880 nuntiando.
690 4849 734 4858 -
749 4813 909 4896 erantum
924 4813 962 4878 ad
979 4811 1201 4878 ministeriam
1218 4811 1386 4878 missionis
1403 4811 1449 4876 di-

491 4919 552 4986 cit:
579 4921 618 4986 Et
638 4919 772 4984 rnissas'
787 4939 864 4984 sam
886 4917 978 5006 loqni
999 4921 1046 4984 ad
1064 4925 1094 4984 tc
1115 4925 1143 4984 el
1168 4915 1245 4984 baec
1270 4917 1329 4984 libi
1351 4937 1449 4986 coatt-

491 5025 646 5112 pelicare.
672 5027 756 5092 Unde
780 5026 818 5092 de
842 5043 975 5092 attinere
1002 5023 1127 5091 illorum
1154 5029 1239 5104 erat,
1262 5025 1301 5090 de
1332 5023 1449 5110 quibus

563 5333 571 5364 ²
592 5337 667 5388 Vers.
686 5337 711 5386 5.
731 5365 763 5374 -
785 5335 908 5402 Sequitur
925 5337 999 5388 dom.
1021 5335 1050 5398 i,
1071 5335 1113 5386 lb.
1131 5347 1208 5402 seqq.
1227 5363 1261 5372 —
1281 5335 1365 5398 Beda,
1386 5335 1405 5386 l.
1423 5335 1448 5386 in

491 5425 553 5476 Luc.
573 5425 582 5476 l
596 5467 602 5490 ,
618 5425 662 5476 l8:
681 5425 722 5478 lib
735 5425 894 5480 altitudinem
917 5425 1107 5494 promissorum
1119 5425 1249 5476 ltaesituus
1262 5425 1381 5488 siguum,
1396 5439 1448 5490 quo

492 5515 600 5566 credere
617 5515 717 5576 valeat,
736 5511 855 5580 inquirit,
873 5505 918 5566 cui
935 5513 1102 5578 soladngeii
1119 5513 1186 5566 visio
1208 5515 1248 5566 vei
1268 5511 1387 5566 allocutio
1400 5527 1449 5578 pro

491 5603 565 5666 siguo
584 5603 703 5654 sufficere
722 5601 860 5654 debriaret.
1339 5607 1341 5612 “

561 5687 571 5718 ²
591 5689 654 5742 Fide
667 5689 737 5742 hEE
749 5689 932 5742 substituimus
944 5689 1128 5758 impotentiam
1144 5705 1192 5756 pro
1206 5689 1373 5758 polentiam·
1386 5689 1446 5744 vat.

491 5779 603 5832 vocibus
620 5775 800 5832 eorrsicleraoit
815 5775 967 5830 learnanam
986 5779 1112 5830 interserit
1130 5779 1230 5832 saltem.

561 5863 571 5896 ⁸
595 5869 666 5918 Eous.
692 5867 734 5918 to.
760 5893 797 5906 —
824 5863 940 5918 Subinde
967 5867 1109 5930 allegantur
1136 5869 1175 5920 ill.
1202 5869 1268 5932 neg.
1294 5869 1346 5932 td,
1373 5869 1398 5918 8.
1423 5873 1450 5920 θῖ

491 5957 601 6022 22,19.
709 5999 711 6004 ,

506 6101 508 6106 ,
561 6043 573 6074 ⁴
593 6045 667 6098 Vers.
686 6043 730 6096 tt.
746 6073 782 6082 -
800 6025 924 6112 Sequitur
947 6043 1011 6095 Dan.
1031 6043 1059 6106 a,
1081 6043 1121 6094 21.
1142 6055 1198 6108 seu.
1217 6071 1251 6082 --
1271 6043 1353 6110 Beria,
1379 6045 1397 6096 Ι.
1422 6045 1449 6096 ἰε

491 6133 553 6184 Luc.
572 6133 603 6196 l,
623 6133 670 6184 ta:
687 6131 736 6184 Ubi
761 6131 922 6194 notandum,
947 6131 1021 6196 qrrod
1045 6131 1161 6196 Angeias
1178 6143 1209 6180 se
1232 6135 1257 6182 et
1277 6135 1337 6182 aute
1364 6131 1448 6184 Deum

491 6227 574 6274 astare
586 6227 611 6274 θῖ
620 6221 655 6272 od
665 6219 898 6284 evrougelizandum
913 6219 1051 6272 Zachariae
1064 6219 1174 6272 missum
1184 6231 1242 6270 esse
1253 6223 1372 6282 testatur;
1387 6221 1449 6286 quia

491 6315 516 6362 θῖ
536 6325 595 6362 εειε
609 6311 642 6364 ed
656 6325 702 6364 nos
715 6311 822 6362 veniunt
837 6309 938 6374 hilgeri,
959 6309 994 6364 sic
1007 6307 1120 6362 exterius
1134 6309 1243 6372 implent
1262 6307 1449 6374 ministerium,

492 6403 520 6448 ut
539 6403 623 6452 lernen
644 6411 780 6466 nunquam
794 6397 878 6450 desint
897 6397 1002 6450 interius
1016 6413 1062 6462 per
1076 6397 1332 6462 couteruplatiouem.
1351 6397 1381 6448 Et
1395 6397 1450 6448 mit·

492 6491 579 6538 tutetur
599 6487 678 6552 igitur
689 6493 717 6540 et
728 6487 862 6550 assistent,
875 6487 951 6552 utria,
971 6487 1018 6538 elsi
1031 6487 1244 6550 circvvmscriptus
1264 6491 1302 6538 est
1315 6485 1450 6550 angelicus

491 6573 611 6640 spiritus,
629 6589 749 6628 sumrrms
779 6579 864 6628 ῖῖῖεεθε
883 6573 990 6640 spiritus
1018 6575 1091 6640 ipse,
1108 6575 1155 6640 qui
1177 6575 1247 6628 Deus
1267 6581 1318 6636 est,
1339 6575 1451 6628 circum·

491 6661 605 6728 scriptus
621 6677 675 6732 εεε
694 6669 740 6724 θεῖ..
760 6663 852 6728 Augeli
869 6661 960 6730 itaque
972 6667 996 6714 θῖ
1009 6661 1083 6714 aussi
1095 6668 1155 6715 ente
1172 6661 1260 6726 ipsum
1280 6669 1354 6726 sunt,
1373 6661 1449 6730 uvaia,

492 6749 609 6816 quolibet
627 6751 697 6804 missi
719 6751 839 6816 veniunt,
857 6751 923 6804 iutra
941 6751 1031 6816 ipsum
1046 6757 1163 6804 currunt.
1181 6751 1234 6804 Etr.
1247 6757 1310 6806 ῖοιε.
1327 6753 1368 6804 vl.
1388 6765 1449 6818 pag.

494 6841 557 6904 lbi,
575 6845 636 6892 nota
658 6839 680 6890 t.
840 6889 841 6892 ,
1446 6871 1448 6874 -

563 6923 574 6954 ⁵
594 6927 669 6978 Vere.
687 6925 730 6976 l3.
746 6953 783 6966 -
801 6925 918 6978 Subinde
936 6927 1062 6990 allegatur
1082 6929 1119 6980 td.
1139 6930 1206 6990 hog.
1229 6927 1258 6990 l,
1280 6927 1322 6980 42.
1342 6955 1375 6964 -
1395 6927 1451 6980 ilie·

1512 787 1551 852 ad
1574 787 1730 854 Hebraeos
1757 787 1903 872 prinae:
1934 787 2077 850 «Nonne
2102 805 2208 852 omnes
2241 793 2314 852 sunt
2335 787 2468 850 admini-

1513 891 1650 958 stratorii
1676 893 1806 976 spiritus
1836 891 1870 958 in
1891 889 2101 958 ministerium
2131 889 2250 958 missi»
2279 897 2358 970 eto.;
2387 889 2468 956 vnis-

1511 1015 1581 1076 sas,
1594 997 1734 1082 inquam,
1748 1003 1777 1064 el
1795 997 1884 1084 loqui
1896 1001 1929 1060 et
1944 993 2184 1080 ereartpclizare.
2198 995 2232 1060 ln
2244 995 2370 1082 loquela
2381 995 2465 1060 enim

1511 1109 1560 1168 est
1592 1101 1792 1186 intelligenda
1825 1099 1989 1186 expressio
2022 1099 2184 1180 veritatis;
2208 1099 2344 1166 Danielis
2366 1117 2466 1166 nono:

1516 1207 1640 1284 «Ecce,
1676 1207 1724 1272 vir
1758 1207 1896 1286 Gabriel,
1933 1224 2025 1291 quem
2059 1205 2196 1274 videram
2232 1207 2261 1270 in
2298 1205 2417 1272 visione
2448 1225 2469 1270 a

1512 1313 1678 1398 principie,
1700 1313 1761 1378 cito
1784 1313 1890 1378 volans
1916 1311 2015 1398 tetigit
2039 1329 2088 1378 me
2113 1313 2301 1396 intempore
2322 1311 2467 1378 sacrificii

1511 1417 1682 1502 vespertini
1715 1425 1748 1484 et
1768 1417 1875 1484 docuit
1910 1435 1959 1484 me
1984 1425 2013 1486 et
2034 1419 2169 1486 ¹locutus
2194 1423 2243 1484 est
2276 1417 2354 1482 mihi
2377 1443 2410 1482 ».
2434 1417 2468 1480 ln

1511 1521 1792 1608 eoanpelizatione
1814 1541 1888 1588 vero
1903 1521 2112 1606 'intelligenda
2132 1531 2181 1590 est
2202 1523 2397 1590 rienuuliatio
2414 1523 2467 1588 be·

1511 1627 1627 1696 nitatis.
1653 1627 1969 1714 Eonrtpeliarnenim
1992 1627 2134 1694 esthona
2159 1629 2325 1706 nuntialim
2352 1629 2469 1696 Zacha-

1511 1735 1577 1800 riae
1609 1733 1753 1818 primo⁵:
1784 1733 1852 1798 «Et
1875 1731 2036 1816 respondit
2065 1731 2217 1798 Dominus
2246 1735 2376 1820 angeio,
2411 1733 2465 1818 qui

1511 1839 1701 1924 loquebatur
1725 1839 1756 1904 in
1783 1855 1831 1904 me
1856 1837 1950 1904 verba
1976 1837 2069 1916 hona,
2096 1837 2192 1904 verba
2214 1839 2466 1906 consolatoria».

1513 1945 1598 2012 Unde
1621 1945 1753 2010 debebat
1784 1945 1812 2012 ei
1847 1943 1950 2008 dicere
1982 1943 2059 2010 iliud
2090 1943 2176 2010 tertii
2207 1943 2322 2026 Regum
2348 1945 2466 2028 primo:

1517 2077 1533 2110 «
1551 2051 1730 2136 ingredere,
1754 2051 1827 2136 qrvia
1854 2049 1898 2116 vir
1923 2049 2010 2116 sortis
2036 2055 2115 2116 eset
2136 2047 2466 2116 bonaannuutians».

1515 2155 1652 2224 Gabriel
1674 2157 1756 2224 enim
1788 2157 1938 2224 tortitudo
1969 2155 2024 2224 Dei
2056 2155 2301 2242 iuterpretatur,
2336 2161 2366 2224 θῖ
2398 2155 2468 2224 ideo

1510 2263 1627 2330 missus
1648 2263 1707 2330 fuit
1733 2265 1909 2332 confortare
1934 2263 2081 2350 pavidum
2106 2263 2309 2330 sacerdotem.

1602 2371 1653 2436 32.
1680 2371 1780 2456 (Vers.
1814 2371 1889 2452 roi.
1922 2371 1945 2434 E
1980 2389 2065 2448 ecce,
2090 2369 2158 2436 eris
2191 2377 2302 2438 tacens
2325 2353 2383 2436 eto.
2414 2369 2467 2434 Hic
2504 2387 2578 2450 Tertio
2593 2387 2618 2450 a

1511 2473 1651 2560 tangitur
1673 2473 1807 2560 sipntem
1831 2473 2057 2554 auctoritatis,
2081 2483 2114 2542 et
2135 2473 2187 2542 dat
2204 2477 2328 2562 sigmrm
2352 2493 2467 2560 poena-
2484 2445 2616 2548 gffigsuu

1511 2579 1607 2646 litatis
1628 2587 1757 2666 propter
1787 2579 1896 2646 vitium
1923 2579 2160 2648 incredulitatis.
2189 2581 2362 2650 Praemittil
2392 2599 2511 2668 ergoet
2525 2601 2571 2658 ipso
2586 2599 2613 2644 sr-

1511 2683 1752 2752 tacllarnitatis
1782 2685 1918 2770 simiam
1948 2685 2113 2770 usquead
2142 2693 2265 2772 tempus
2296 2693 2466 2766 statutum,
2512 2665 2560 2756 ²¹¹⁰ss

1510 2811 1616 2882 resque
1637 2793 1674 2858 in
1688 2793 1791 2872 diem,
1814 2811 1878 2880 qao
1895 2791 1975 2858 llaec
1996 2791 2102 2876 riuum
2124 2799 2161 2860 ut
2176 2791 2221 2860 sic
2242 2803 2348 2878 posset
2363 2793 2469 2860 dicere

1511 2899 1588 2966 illud
1606 2899 1717 2966 Psalmi
1731 2899 1760 2966 ⁶:
1790 2925 1806 2958 <c
1822 2899 1883 2986 Ego
1899 2905 2004 2966 autem
2031 2907 2177 2986 tanquam
2192 2899 2310 2966 surdus
2334 2917 2397 2966 uon
2412 2917 2469 2966 au·-

1510 3007 1648 3088 dienen,
1674 3013 1704 3074 θῖ
1728 3007 1809 3074 sicut
1831 3013 1940 3074 mutus
1964 3025 2028 3074 uon
2051 3007 2223 3090 aperiens»
2249 3013 2307 3074 etc.
2333 3007 2394 3072 Nec
2409 3005 2469 3072 mi·
2486 3025 2616 3070 sconsum.

1511 3131 1599 3192 rum,
1623 3113 1648 3178 si
1666 3119 1774 3180 mutus
1796 3113 1896 3180 iactus
1920 3121 1967 3178 est
1982 3119 2112 3204 propter
2127 3113 2377 3182 incredulitatem
2394 3133 2469 3198 pro-

1510 3221 1628 3304 priam,
1651 3239 1724 3286 cum
1755 3221 1945 3287 Ezechielem
1971 3227 2097 3288 tuntum
2124 3219 2234 3288 lecerit
2265 3221 2468 3288 incredulitas

1510 3329 1627 3406 aliena;
1652 3327 1820 3394 Ezechielis
1844 3327 1953 3394 tertio:
1983 3327 2214 3396 «Eris'mutus
2228 3347 2286 3396 neo
2307 3329 2399 3414 quasi
2418 3327 2468 3396 vir

1511 3433 1694 3520 obiurgans,
1721 3433 1795 3520 quia
1815 3434 1930 3500 domtus
1952 3449 2145 3518 exasperans
2167 3439 2215 3502 est
2229 3461 2259 3498 ».
2278 3473 2320 3484 -
2340 3435 2373 3500 Et
2398 3433 2467 3500 ideo
2485 3447 2586 3546 mliii
2600 3457 2633 3490 n-

1511 3541 1618 3608 suhdit
1640 3539 1803 3604 rationem
1826 3539 2064 3618 taciturnitatis,
2090 3539 2199 3608 vilium
2226 3541 2344 3610 seilicet
2365 3541 2469 3608 incre·
2588 3533 2592 3544 '

1510 3645 1670 3714 dulilalis:
1693 3647 1763 3712 Pro
1788 3667 1821 3712 co
1847 3647 1932 3736 qaod
1955 3665 2022 3712 nort
2044 3647 2216 3714 crredidisli
2235 3647 2344 3714 uerbis
2367 3649 2467 3726 meis,

1511 3771 1598 3840 qaae
1619 3751 1844 3838 implebantur
1865 3751 2073 3838 intempore
2095 3771 2166 3820 sao.
2191 3755 2324 3822 Econtra
2351 3755 2467 3822 dicitur

1511 3859 1594 3926 inira
1626 3857 1763 3926 θεῖῖεεε7
1788 3857 1825 3926 de
1860 3857 1977 3924 illaria:
2006 3883 2023 3918 ε
2039 3859 2145 3938 Beata,
2175 3877 2256 3944 quae
2288 3859 2467 3938 credidisti,

1511 3967 1661 4052 quoniam
1684 3965 1888 4050 perficientur
1913 3983 1948 4032 ea
1976 3983 2056 4050 quae
2080 3965 2257 4034 dictasunt
2282 3967 2335 4032 tibi
2360 3985 2379 4032 a
2406 3967 2467 4030 Do-

1511 4069 1599 4138 mino
1614 4071 1653 4134 ε’.
1669 4071 1744 4136 hnte
1775 4087 1907 4154 poenam
1929 4088 1992 4137 nou
2016 4069 2161 4150 credidit,
2190 4071 2244 4140 sed
2268 4075 2353 4156 post,
2376 4071 2467 4156 quia,

1511 4175 1596 4242 sicut
1623 4175 1740 4242 dicitur
1769 4175 1863 4242 Isaiae
1886 4175 2037 4262 vigesimo
2063 4181 2190 4254 octavo,
2219 4201 2235 4234 ε
2251 4175 2468 4242 tantummodo

1511 4281 1637 4350 vexatio
1665 4281 1858 4348 intellectum
1880 4281 1968 4348 dabit
1993 4281 2162 4348 auditui».
2194 4285 2259 4352 Non
2290 4301 2364 4366 ergo
2396 4299 2468 4348 con-

1511 4387 1677 4478 temnenda
1708 4395 1783 4456 sunt
1804 4387 1903 4456 verba
1924 4389 2109 4456 nuntiorum
2132 4389 2203 4470 Dei,
2227 4391 2301 4476 qnia
2324 4391 2409 4456 Deus
2423 4389 2469 4456 in-

1511 4495 1657 4562 credulos
1679 4495 1787 4580 punit3
1817 4495 1917 4562 Exodi
1949 4495 2097 4582 vigesimo
2120 4495 2229 4564 tertio:
2261 4523 2277 4556 ε
2293 4497 2387 4576 Εεεθ,
2410 4513 2468 4582 ego

1511 4601 1604 4666 mitto
1636 4601 1788 4684 Angelum
1803 4627 1839 4682 »;
1874 4605 1906 4666 et
1927 4601 2091 4688 sequitur:
2118 4601 2295 4670 «Observa
2330 4621 2403 4670 eum
2437 4609 2468 4668 et

1511 4707 1585 4774 audi
1616 4723 1725 4774 vocem
1757 4707 1844 4786 eius,
1870 4725 1927 4774 nec
1960 4707 2220 4774 contemnendum
2253 4713 2361 4792 putes,
2395 4707 2468 4794 quia

1511 4831 1574 4880 nou
1599 4813 1750 4892 dimittet,
1773 4817 1857 4880 'cum
1895 4813 2072 4898 peccaveris
2088 4837 2121 4894 »;
2159 4813 2198 4880 ad
2231 4815 2387 4882 Hebraeos
2419 4831 2468 4882 εθ-

1513 4919 1632 4984 cundo:
1664 4943 1678 4976 v
1694 4917 1725 4984 Si
1748 4919 1832 4984 enim
1856 4921 1911 5002 qui
1934 4939 1990 5004 per
2016 4921 2146 5006 Angelos
2168 4921 2272 4990 dictus
2294 4927 2342 4988 est
2363 4939 2468 4990 sermo

1512 5023 1613 5090 factus
1637 5029 1683 5090 est
1715 5025 1843 5104 firrrms,
1865 5029 1899 5092 θῖ
1928 5025 2031 5094 onrnis
2052 5027 2280 5110 praevaricatio
2307 5035 2339 5096 et
2361 5025 2468 5094 inobe-

1512 5351 1583 5400 ron.,
1601 5335 1746 5390 Corrrmeul.
1766 5337 1793 5388 in
1805 5339 1870 5390 Dan.
1891 5339 1919 5400 8,
1939 5337 1981 5390 ῖ16.
2000 5353 2069 5406 seua
2090 5337 2200 5392 Gabriel
2216 5337 2285 5392 enim
2304 5339 2331 5392 in
2349 5337 2467 5404 linguam

1513 5431 1628 5478 nostram
1649 5425 1758 5478 vertitur
1776 5425 1919 5496 fortitudo,
1938 5427 1980 5480 vei
1999 5425 2127 5482 robustas
2146 5427 2202 5482 Dei.
2225 5427 2277 5482 Clr.
2296 5431 2420 5494 drogon,
2441 5431 2467 5482 il.

1512 5515 1608 5566 Horruit.
1625 5513 1652 5566 in
1670 5515 1773 5578 Evang.
1784 5515 1873 5568 homil.
1893 5513 1934 5568 El.
1949 5531 1974 5568 n.
1994 5517 2020 5568 9.
2032 5517 2217 5582 Respieiuntur
2228 5515 2310 5570 verba
2330 5519 2467 5580 bernard,

1513 5597 1607 5654 Hamil.
1628 5603 1653 5654 ῖ.
1670 5615 1751 5668 super
1771 5601 1869 5656 dlissns
1889 5611 1941 5668 est,
1961 5617 1986 5656 ε.
2007 5607 2037 5668 2,
2056 5605 2084 5658 in
2102 5605 2201 5672 quvihus
2218 5605 2325 5668 dieitur,
2344 5605 2403 5660 ideo
2421 5607 2468 5658 Ga·

1513 5689 1620 5742 brieiem
1642 5689 1749 5742 missum
1776 5693 1854 5744 luisse
1873 5691 1908 5744 ad
1931 5693 1962 5742 B.
1985 5693 2092 5744 hieriam
2109 5693 2199 5758 Virg,
2220 5711 2233 5738 ε
2252 5693 2313 5760 quvia
2338 5693 2468 5758 virginem

1512 5783 1604 5830 natura
1622 5779 1776 5842 pavidam...
1794 5781 1941 5833 confortare
1959 5779 2100 5834 deberet».
2121 5779 2188 5832 Vide
2207 5785 2270 5834 lom.
2290 5781 2322 5832 V.
2340 5795 2402 5846 pag.
2420 5781 2467 5848 62,

1513 5873 1599 5920 notrum
1616 5869 1646 5920 t.
1664 5873 1689 5920 et
1708 5881 1769 5932 pag.
1789 5867 1855 5930 tas,
1875 5873 1962 5938 notatu
1982 5869 2007 5920 l.
2088 5935 2091 5940 ,

1584 5953 1706 6010 6Ρεεῖεε.
1724 5957 1773 6022 37,
1799 5957 1841 6010 ld.
1859 5983 1896 5996 -·
1914 5957 2037 6022 Sequitur
2054 5957 2146 6010 Erech.
2165 5959 2195 6024 3,
2214 5957 2256 6010 26.
2275 5985 2310 5998 -·
2330 5959 2467 6026 Theophy-

1514 6049 1585 6112 lact,
1603 6047 1629 6098 in
1649 6049 1711 6100 iac.
1731 6047 1759 6110 t,
1784 6049 1827 6098 18:
1852 6043 2013 6112 igiturquia
2036 6047 2178 6112 discredis,
2198 6063 2247 6112 ego
2273 6055 2298 6102 te
2323 6049 2388 6102 secio
2405 6063 2468 6104 snr-

1514 6135 1587 6202 darn,
1603 6141 1628 6188 θῖ
1642 6133 1716 6202 lomti
1731 6147 1787 6188 nort
1801 6133 1912 6202 poteris·
1925 6135 2016 6188 hieriho
2033 6143 2121 6190 autern
2142 6139 2196 6190 duro
2209 6139 2274 6190 haec
2288 6151 2385 6202 passus
2402 6145 2466 6190 θεῖ...

1513 6225 1576 6292 quia
1594 6225 1663 6276 enim
1680 6237 1733 6276 nou
1752 6223 1902 6286 obedierat,
1919 6225 2124 6292 condemnatur,
2144 6231 2170 6280 ut
2189 6227 2285 6298 surdus
2303 6229 2348 6288 sit,
2369 6227 2467 6292 etquis

1514 6311 1717 6374 contradixerat,
1735 6321 1764 6364 ut
1782 6309 1863 6364 sileat.
1882 6313 1967 6376 Beda,
1986 6315 2005 6364 i.
2024 6313 2047 6364 iu
2061 6313 2124 6364 Luc.
2144 6313 2172 6378 ῖ,
2194 6313 2240 6364 li:
2253 6313 2327 6368 Unde
2345 6313 2468 6366 meritum

1514 6399 1672 6452 diffidentiae
1701 6399 1810 6452 tacendo
1838 6413 1953 6466 poenam
1976 6403 2036 6466 luit,
2066 6401 2107 6454 eui
2136 6401 2295 6454 taciturnitas
2326 6403 2417 6454 eadem
2444 6409 2468 6454 et

1514 6485 1617 6550 siguum
1637 6485 1713 6550 fidei,
1733 6487 1805 6550 aruod
1819 6487 1964 6554 quaesivit,
1981 6495 2009 6542 et
2021 6487 2177 6542 infidelitatis
2191 6493 2259 6542 esset
2275 6499 2468 6556 poena,quan1

1514 6575 1615 6628 meruit.
1663 6631 1664 6634 ,

1585 6659 1594 6692 ⁷
1615 6665 1689 6718 Vers.
1711 6665 1752 6718 lb.
1766 6693 1801 6726 -,
1814 6667 1887 6718 Trea.
1906 6665 2042 6734 sequiori
2056 6669 2115 6718 sunt
2129 6663 2185 6718 lsai.
2204 6667 2253 6730 28,
2268 6665 2314 6730 ῖῖῖ,
2327 6665 2406 6718 Exod.
2420 6667 2467 6730 23,

1514 6751 1557 6806 td.
1577 6767 1631 6822 seq.
1650 6759 1675 6806 θῖ
1694 6753 1772 6808 Hebe.
1791 6757 1821 6820 2,
1841 6755 1864 6806 2.
1884 6769 1959 6820 seqq.
1975 6781 2013 6794 -·
2030 6753 2112 6820 Beda,
2132 6756 2148 6807 l.
2168 6751 2196 6806 in
2213 6755 2275 6806 Luc.
2288 6753 2319 6816 l,
2338 6753 2381 6804 ta.
2398 6765 2466 6820 serp:

1514 6843 1614 6910 Datque
1635 6841 1770 6912 [drugeius]
1788 6841 1907 6908 signum,
1919 6841 1993 6910 qrrod
2006 6847 2124 6906 rogatur,
2141 6847 2168 6894 ut
2185 6841 2228 6910 qui
2249 6841 2422 6892 discredendo
2436 6841 2469 6892 lo·

1514 6933 1590 6982 cultis
1609 6937 1648 6982 est
1667 6931 1719 6982 iam
1738 6931 1848 6984 tacendo
1867 6931 1974 6992 credere
1994 6931 2086 6982 discat.
