5908 8266
469 413 539 484 674
1397 405 1521 476 thulin
1547 403 1684 476 086044

777 503 840 560 444
2238 501 2310 556 Aue

523 603 670 658 Aseaunns
689 627 729 642 -·
757 597 832 652 ritae
863 611 976 652 summa
1002 595 1155 668 requiritur
1196 593 1346 652 desiderio.
1361 593 1396 648 99
1415 591 1644 650 tt-Christus
1658 593 1817 650 audiendus
1832 597 1887 648 stu·
1927 597 2020 650 solum
2041 611 2109 652 aure
2129 595 2269 666 corporis,
2296 593 2348 650 scd
2377 593 2472 650 cordis
2502 595 2621 652 audiunt

470 697 496 754 in
516 695 661 766 sequendo
681 693 824 752 Christum
846 693 892 746 Vll
909 691 963 746 463
980 689 1011 746 44
1043 689 1108 746 Vide
1127 701 1155 746 4.
1196 689 1244 746 044
1264 689 1419 758 sapientise
1445 685 1500 742 540
1521 687 1557 744 60
1578 717 1617 728 -
1637 685 1777 756 Sapientia
1798 687 1887 742 incar·
1928 687 2619 748 Vllt5365-VerbaChristinonsoluman·

465 787 636 848 44444044.
935 841 936 844 ¹
980 809 981 812 ¹
1025 803 1027 806 ·
1194 791 1260 840 nata
1280 783 1428 854 diiigenter
1454 781 1593 836 audienda
1615 779 1671 836 424
1692 783 1737 838 59.
1766 781 1821 836 600
1847 779 1885 836 75
1927 783 2031 840 044404
2051 785 2149 856 quoad
2173 797 2277 842 sonum
2297 783 2443 848 vocalem,
2463 781 2515 838 sed
2535 781 2619 838 etiam

504 941 505 944 ¹
520 885 651 942 Assensus
669 911 708 926 -
725 881 798 938 liber
810 881 838 938 in
852 881 923 948 lide,
936 879 1113 936 necessarius
1126 877 1154 934 in
1194 885 1239 922 -'
1253 879 1314 934 Non
1328 875 1467 934 debemus
1481 889 1543 932 esse
1557 875 1644 946 tepidi
1658 877 1695 932 ad
1708 875 1884 932 audiendum
1926 879 2023 950 quoad
2044 877 2215 942 intellectum
2232 875 2421 948 spiritualem
2442 881 2469 932 et
2488 879 2619 936 effectum

463 977 701 1036 demonstratione
721 977 757 1034 Vt
778 973 834 1030 243
856 975 891 1036 40
934 1021 936 1024 .
1041 999 1043 1004 ·
1194 973 1267 1028 sicut
1286 971 1383 1028 ludaei
1403 971 1458 1028 300
1480 971 1516 1026 69
1592 999 1594 1002 -
1926 971 1955 1028 in
1974 987 2063 1042 opere
2084 975 2134 1030 364
2162 975 2198 1028 69
2219 987 2257 1014 -··
2278 971 2331 1044 Qui
2348 971 2427 1032 audit
2447 969 2619 1028 4444444444·

519 1073 604 1130 Assue
625 1103 663 1114 -
686 1077 753 1130 sunt
779 1067 982 1138 impressiones
1003 1073 1154 1138 generatae
1223 1093 1225 1096 ·
1250 1097 1287 1120 -.-
1309 1063 1553 1136 praedicatoribus
1566 1069 1609 1120 est
1622 1063 1885 1126 accommodandus
1926 1067 1961 1134 tis
1981 1073 2109 1148 oportet,
2128 1069 2207 1140 quod
2228 1067 2346 1136 impleat
2359 1081 2410 1136 444
2424 1065 2530 1124 bonam
2551 1081 2619 1136 ope-

464 1169 568 1224 4444444
587 1167 731 1224 stellarum
761 1165 808 1220 Vll
828 1163 884 1220 533
906 1163 936 1220 41
962 1191 1002 1206 --
1023 1161 1153 1232 multipli-
1194 1161 1240 1218 Vll
1261 1159 1317 1216 258
1339 1161 1374 1214 46
1394 1191 1433 1222 -τ
1452 1157 1589 1216 Fidelinm
1610 1163 1653 1216 444
1666 1157 1770 1216 divinis
1788 1157 1885 1224 verbis
1925 1163 2066 1220 rationem
2089 1165 2100 1220 4
2108 1163 2150 1220 44
2165 1165 2199 1220 38

462 1259 601 1318 44044444
621 1259 648 1316 44
668 1259 744 1316 finali
764 1257 870 1316 iudicio
890 1255 957 1314 ibid.
1103 1283 1106 1290 .
1192 1255 1338 1310 4444440444
1358 1253 1415 1310 267
1445 1253 1481 1310 45
1500 1281 1538 1296 -
1559 1253 1690 1310 Doctrina
1711 1253 1884 1324 praedicato·
1929 1243 1938 1256 ’”
1983 1259 2096 1330 -Qui
2117 1257 2238 1316 audierit
2258 1257 2412 1314 Dominum
2434 1257 2619 1316 4440440444

519 1359 655 1414 Assusuus
674 1383 714 1398 ·-
732 1353 871 1424 444446444
888 1351 1029 1412 Christum
1045 1353 1080 1410 Vl
1096 1351 1152 1408 646
1192 1365 1257 1406 rum
1277 1365 1293 1406 a
1314 1349 1447 1406 fidelibus
1475 1353 1637 1418 4444444444
1662 1363 1728 1406 cum
1752 1361 1884 1406 mansue
1925 1349 2087 1410 obediendo
2099 1354 2195 1410 saluus
2205 1355 2259 1410 erit
2269 1351 2439 1408 abinimiois
2453 1353 2499 1410 Vll
2514 1349 2611 1408 40434

461 1451 490 1508 6.
509 1451 558 1508 Vn
577 1449 633 1506 266
654 1449 691 1506 42
784 1489 786 1492 -
923 1465 925 1468 ·
1193 1445 1290 1502 tudine
1303 1449 1331 1502 et
1340 1445 1473 1516 patientia
1487 1441 1554 1502 inid.
1569 1445 1672 1500 -Lex
1686 1449 1728 1498 est
1742 1443 1884 1500 audienda
1924 1475 1962 1490 -·
1989 1449 2091 1502 Sermo
2120 1445 2223 1504 Christi
2252 1445 2379 1502 viviticat
2404 1445 2551 1504 audientes
2581 1445 2615 1500 Vl

519 1545 653 1602 Assuuno
673 1575 711 1586 -
731 1541 831 1602 Christi
852 1541 956 1598 dicitur
975 1541 1081 1614 passio,
1100 1555 1152 1612 per
1193 1553 1246 1610 444
1276 1539 1472 1610 magnitudine
1505 1537 1694 1606 auctoritatis,
1727 1539 1885 1608 Prophetae
1925 1541 1976 1596 344
1995 1531 2619 1602 tii-AudiensverbumdoctrinaeChristi

461 1655 550 1712 quam
570 1637 693 1702 debebat
713 1637 821 1698 assumi
841 1637 867 1694 in
893 1637 1003 1694 caelum
1024 1643 1152 1706 444444-
1193 1631 1565 1704 procertitudiuereritatis
1580 1631 1635 1688 424
1650 1631 1686 1690 59
1706 1631 1883 1704 -Quinon
1924 1635 2067 1692 44444404
2082 1635 2261 1706 4444444664
2276 1651 2304 1692 4.
2321 1635 2511 1694 5-Audire
2530 1635 2619 1692 verba

461 1733 662 1796 surrectionem
684 1733 732 1790 Vtt
752 1731 807 1790 246
828 1731 864 1788 96
878 1761 917 1776 ····
935 1731 1153 1790 Falsaeassnm·
1192 1727 1311 1786 audiunt
1336 1729 1485 1798 Apostolos
1510 1733 1538 1784 44
1564 1727 1767 1796 0444440444,
1795 1727 1883 1784 immo
1923 1727 2025 1786 Christi
2055 1735 2103 1790 ost·
2124 1729 2280 1788 maximum
2302 1727 2472 1786 beneficium
2494 1731 2540 1788 Vll
2561 1731 2617 1786 265

461 1829 550 1886 tiones
569 1827 633 1886 4404
652 1843 678 1886 4.
700 1825 891 1888 Conscientia.
994 1883 995 1886 ¹
1117 1851 1118 1854 ¹
1191 1839 1243 1880 uec
1262 1825 1355 1894 ipsam
1376 1823 1547 1896 Sapientiam
1561 1823 1747 1892 incarnatam,
1764 1835 1883 1892 4444444
1925 1823 2020 1880 42-
2034 1825 2149 1882 'Beatus
2168 1823 2219 1898 qui
2239 1823 2318 1880 audit
2337 1823 2426 1880 verba
2447 1823 2548 1888 Christi
2570 1827 2619 1880 hn-

516 1925 624 1984 Arnnm
654 1955 692 1964 -
722 1925 850 1994 Quatnor
879 1921 951 1980 atria
984 1921 1082 1994 templi
1116 1923 1150 1978 Vl
1193 1917 1398 1976 inexcusabiles
1416 1925 1482 1976 sunt
1501 1915 1566 1976 4040.
1588 1947 1627 1960 -·-
1646 1917 1700 1988 Qni
1723 1931 1780 1974 non
1804 1915 1884 1980 audit
1922 1919 2027 1976 militer
2046 1925 2075 1976 et
2094 1919 2324 1990 obtemperanter
2342 1915 2411 1976 4440.
2432 1947 2472 1962 ·-
2492 1919 2546 1990 oui
2572 1933 2619 1982 au·

460 2015 573 2072 27527
1193 2019 1313 2072 testesa
1344 2015 1404 2072 044
1433 2013 1536 2070 missos
1564 2013 1713 2088 raritatem
1733 2009 1785 2066 044
1814 2025 1883 2068 con·
1922 2015 2006 2072 diunt
2025 2013 2148 2072 verbum
2168 2015 2219 2072 044
2239 2011 2421 2070 4440404444
2441 2019 2507 2070 sunt
2527 2013 2616 2082 beati,

460 2155 464 2162 .
516 2113 654 2170 Arrenrro
673 2143 712 2156 ...
731 2111 867 2172 excitatur
897 2111 1044 2168 iteratione
1070 2127 1152 2168 voca·
1193 2109 1293 2166 temnit
1313 2107 1370 2166 425
1392 2109 1423 2164 54
1441 2105 1621 2166 -Christus
1642 2105 1756 2172 auditur
1775 2111 1884 2162 eicon·
1922 2123 1980 2166 non
2000 2109 2145 2168 auditores
2164 2115 2274 2168 tanturn
2295 2105 2351 2166 207
2372 2109 2409 2166 62
2499 2159 2500 2164 ¹

459 2207 545 2264 tionis
565 2207 614 2264 Vll
634 2205 689 2264 274
710 2205 742 2264 74
1193 2203 1326 2268 temnitur
1346 2203 1375 2258 in
1396 2203 1494 2260 auditu
1518 2208 1550 2259 44
1574 2207 1738 2272 contemptu
1761 2201 1883 2276 discipu·
1985 2235 2022 2246 -··
2042 2203 2193 2262 Auditores
2212 2209 2351 2262 44444444
2372 2209 2476 2260 matres
2499 2219 2516 2258 a
2543 2201 2617 2270 curt.

516 2303 683 2368 Aristaeus
702 2299 969 2358 -Amorattrahit
984 2303 1029 2358 Vll
1045 2301 1095 2358 334
1113 2299 1151 2360 72
1191 2297 1284 2354 lorum
1304 2297 1360 2354 260
1382 2299 1418 2354 26
1440 2327 1476 2340 ·-·
1497 2297 1574 2354 Multi
1594 2297 1723 2366 discipuli
1744 2311 1802 2352 non
1823 2301 1883 2366 pot·
1922 2305 1980 2368 sto,
2012 2299 2039 2354 in
2064 2305 2202 2372 quantum
2234 2313 2286 2372 per
2315 2299 2519 2360 documentum
2547 2297 2617 2360 alios

461 2427 499 2438 -
518 2397 596 2454 Deus
614 2411 666 2452 nos
687 2395 801 2454 attrahit
830 2411 882 2466 per
912 2397 1015 2452 multas
1038 2395 1152 2452 misera·
1192 2399 1272 2450 erant
1291 2393 1391 2456 440444
1410 2391 1704 2460 sermonem-Christi,
1718 2391 1785 2462 quia
1799 2405 1884 2448 aures
1922 2401 2059 2464 generant
2075 2395 2122 2450 Vll
2138 2395 2192 2450 496
2207 2397 2244 2450 32
2257 2395 2459 2456 -Auditores
2478 2399 2616 2450 vocantur

461 2491 552 2550 tiones
572 2493 608 2548 Vl
629 2491 765 2550 6675
861 2531 867 2536 ¹
1192 2501 1291 2544 eorum
1313 2493 1486 2558 aggravatae
1506 2494 1587 2543 erant
1607 2487 1642 2542 Vl
1664 2487 1719 2542 336
1740 2487 1776 2542 06
1921 2491 2022 2548 4444444
2048 2489 2159 2558 Christi,
2186 2489 2214 2546 in
2237 2495 2381 2560 quantum
2411 2503 2465 2558 per
2493 2487 2616 2544 verbum

517 2587 694 2644 Auaron-e
720 2585 953 2646 Commendatio
964 2587 1087 2644 auctoris
1111 2603 1152 2644 re·
1249 2613 1286 2624 -
1316 2585 1430 2640 Frustra
1460 2579 1581 2638 verbum
1611 2581 1794 2652 proponitur,
1826 2579 1883 2638 nisi
1921 2579 2094 2660 generantur
2114 2589 2142 2642 et
2161 2585 2210 2640 0444
2230 2585 2281 2640 044
2304 2585 2376 2640 0444
2394 2581 2519 2642 4640.-
2539 2583 2616 2640 Reci-

459 2681 596 2740 dundat
589 2697 618 2738 m
638 2697 721 2752 opus,
742 2687 770 2738 et
788 2681 1149 2750 commendatiooperisin
1191 2677 1265 2734 adsit
1295 2677 1407 2734 auditor
1438 2679 1483 2736 Vll
1505 2677 1662 2732 4692-
1682 2677 1743 2732 Non
1772 2675 1881 2746 praedi·
1921 2687 2032 2750 444444
2046 2695 2211 2750 4444444444
2229 2679 2364 2738 dicuntur
2383 2693 2480 2742 semen
2503 2680 2557 2738 494
2577 2681 2614 2738 46
2640 2753 2646 2760 ¹

460 2783 606 2834 auctorem
628 2777 663 2832 Vl
684 2777 739 2834 239
762 2777 773 2828 l
1190 2773 1329 2840 candum,
1350 2771 1398 2830 ubi
1419 2787 1476 2828 non
1496 2777 1538 2828 est
1557 2771 1698 2840 capacitas
1717 2771 1879 2828 auditorum
1977 2805 2016 2816 -·
2036 2775 2154 2832 Auditor
2174 2775 2320 2834 doctrinae
2333 2775 2517 2846 evangelicae
2531 2773 2616 2834 debet

516 2873 686 2930 4444444444
704 2893 744 2914 ³-
763 2875 879 2940 generat
908 2871 996 2928 fldem
1026 2871 1061 2928 Vl
1093 2871 1149 2928 243
1190 2867 1227 2924 ad
1241 2867 1414 2924 credendum
1425 2873 1452 2924 et
1462 2867 1675 2936 suscipiendum
1690 2863 1812 2922 4440444
1824 2865 1879 2920 239
1919 2885 1983 2928 esso
2003 2873 2133 2940 humilis,
2154 2871 2231 2928 miris
2250 2875 2279 2928 et
2298 2869 2390 2926 oderis
2411 2871 2457 2930 44
2489 2871 2505 2926 q
2533 2873 2554 2928 o
2577 2903 2615 2912 -

461 2967 505 3024 40.
527 2965 583 3022 424
603 2965 635 3022 74
660 2995 699 3008 --
718 2967 813 3024 Bonus
843 2970 942 3022 auctor
961 2965 1026 3022 lacit
1046 2965 1148 3036 tidem,
1189 2963 1224 3020 60
1244 2963 1356 3020 —Pro
1386 2963 1540 3032 capacitate
1565 2961 1741 3018 audientium
1766 2961 1881 3030 dispen-
1919 2965 2072 3024 Auditores
2085 2967 2154 3024 boni
2168 2967 2274 3026 debent
2287 2965 2433 3038 requirere
2447 2967 2616 3038 sapientiam

458 3065 549 3120 404106
567 3065 666 3118 ductor
685 3061 788 3118 44014470
809 3059 895 3116 tidem
916 3061 933 3116 8
954 3075 969 3116 a
990 3075 1052 3130 444.
1073 3061 1089 3116 3
1109 3089 1148 3102 ....
1188 3059 1310 3116 6340004
1340 3063 1383 3116 064
1402 3057 1524 3114 Verbum
1546 3057 1581 3112 99
1604 3055 1795 3114 4322428.
1823 3055 1878 3112 327
1919 3063 2015 3120 studio
2045 3063 2250 3134 meditationis,
2282 3061 2381 3118 venile
2410 3063 2447 3120 ad
2471 3059 2614 3120 Christum

459 3173 563 3228 magua
584 3157 672 3214 oritur
685 3171 718 3214 444
733 3159 804 3212 lama
826 3161 853 3212 et
866 3169 900 3212 ex
914 3155 1072 3212 4444444444
1088 3171 1147 3212 ma·
1188 3155 1224 3208 62
1246 3183 1283 3194 --
1303 3155 1356 3210 Pro
1371 3153 1534 3210 diversitate
1563 3151 1739 3210 audientium
1762 3151 1880 3220 diversi·
1919 3157 2063 3216 desiderio
2083 3159 2253 3228 affectionis,
2267 3157 2397 3216 detinere
2409 3157 2541 3216 instantia
2555 3173 2615 3214 ora·

456 3267 579 3322 guarum
601 3253 655 3308 463
677 3269 704 3308 v.
727 3251 762 3308 40
781 3253 960 3308 —hamane
980 3265 1065 3320 saepe
1085 3265 1147 3322 444·
1187 3249 1291 3308 modus
1305 3253 1347 3306 est
1360 3263 1455 3308 sermo
1470 3247 1621 3306 doctorum
1637 3247 1692 3314 452
1715 3249 1761 3306 63.
1786 3247 1840 3302 490
1860 3247 1878 3304 7
1919 3253 2017 3326 tionis,
2040 3253 2148 3310 irruere
2161 3253 2272 3326 impetu
2287 3253 2463 3322 devotionis,
2484 3253 2614 3312 comitari

456 3363 524 3406 44444
545 3347 630 3404 444044
650 3347 739 3404 robur
760 3343 814 3402 243
838 3346 873 3402 40
899 3375 937 3386 -
957 3359 1055 3404 sacrae
1075 3347 1146 3404 Scri·
1243 3375 1281 3386 ...
1301 3343 1382 3402 verbi
1402 3343 1492 3402 divini
1511 3341 1646 3400 4444440444
1658 3341 1832 3412 attribuitur,
1846 3349 1877 3402 ut
1919 3349 2118 3408 conformitate
2139 3347 2232 3406 bonae
2252 3347 2441 3428 operationis,
2455 3349 2536 3422 sequi
2552 3349 2616 3406 imi·

455 3449 554 3514 444444
575 3457 708 3514 magnam
729 3439 815 3500 habet
834 3441 996 3500 0444044444
1017 3439 1084 3500 ibid.
1105 3473 1144 3488 -
1185 3441 1278 3498 nullus
1297 3439 1390 3512 possit
1408 3455 1439 3496 se
1459 3435 1594 3498 44444444
1615 3439 1661 3496 Vll
1683 3437 1737 3496 494
1758 3439 1795 3496 20
1919 3445 2025 3502 tutione
2045 3445 2185 3516 passionis
2207 3443 2301 3502 4436
2395 3475 2396 3478 ¹

454 3539 537 3614 Quod
557 3553 613 3596 non
634 3537 719 3596 habet
748 3535 942 3596 auctoritatam
964 3537 1001 3596 de
1022 3529 1145 3610 Scriptu-
1243 3567 1281 3578 --
1300 3535 1408 3600 Audire
1427 3539 1470 3594 est
1489 3535 1610 3594 amantis
1630 3535 1679 3592 Vll
1699 3537 1735 3592 26
1757 3535 1794 3592 75
1974 3551 2015 3584 ι·-
2031 3543 2163 3614 Quatuor
2183 3545 2250 3598 sunt
2270 3555 2375 3610 genere
2391 3539 2568 3612 auditorum,
2584 3541 2611 3600 in
2696 3543 2699 3550 ’

453 3635 492 3692 444
512 3633 756 3706 eademratione,
776 3647 833 3704 qua
854 3633 1006 3706 probatur,
1025 3635 1144 3692 destrui·
1208 3689 1211 3698 ,
1241 3661 1281 3676 ····
1300 3631 1355 3704 Qui
1385 3631 1465 3692 audit
1493 3629 1617 3690 verbum
1648 3629 1749 3688 Christi
1780 3645 1812 3688 se
1841 3631 1878 3688 ad
1917 3635 2025 3710 quihus
2045 3635 2241 3696 diversimode
2259 3635 2415 3706 suscipitur
2427 3651 2526 3702 semen
2545 3635 2615 3694 diri·

453 3731 575 3788 444306
598 3729 641 3788 tc.
663 3729 777 3786 62963
1182 3727 1271 3784 tidem
1300 3725 1426 3798 disponit
1454 3727 1491 3782 Vl
1523 3727 1575 3783 344
1607 3725 1643 3782 48
1664 3755 1703 3770 ι·-
1723 3725 1779 3798 Qui
1798 3725 1879 3788 444644
1917 3747 2021 3790 norum
2042 3731 2224 3804 eloquiorum
2239 3731 2287 3788 Vll
2306 3731 2361 3788 493
2384 3731 2615 3804 li--Quatuor

508 3857 546 3870 «-
566 3827 768 3898 appropriatur
788 3825 860 3882 Patri
887 3825 923 3884 Vl
954 3825 1010 3884 424
1036 3823 1068 3884 74
1105 3855 1144 3866 -
1183 3837 1252 3878 44444
1272 3821 1367 3882 444044
1394 3821 1483 3880 credit
1514 3823 1568 3878 466
1590 3821 1623 3878 4.
1640 3821 1695 3878 369
1720 3821 1757 3878 32
1777 3849 1817 3864 -
1835 3827 1879 3878 est
1917 3841 2024 3898 genera
2044 3827 2208 3892 auditorum
2228 3825 2332 3884 similia
2352 3827 2612 3886 suniterraedille·

452 3923 533 3980 04444
552 3919 638 3980 habet
657 3919 852 3980 auctoritatem
867 3927 999 3992 respectu
1012 3921 1073 3978 Filii
1086 3921 1142 3980 445
1184 3917 1230 3974 444
1250 3917 1287 3976 40
1308 3917 1484 3980 credendum
1506 3917 1561 3974 269
1587 3917 1623 3974 38
1641 3935 1684 3988 ¹··¹-
1702 3915 1809 3974 Audire
1835 3917 1878 3990 in·
1917 3931 2013 3980 4444444
2043 3923 2191 3996 recipienti
2221 3921 2456 3984 4444444097
2482 3923 2616 3982 -Obli

452 4017 489 4074 47
509 4015 540 4076 2*
560 4047 597 4058 -—
617 4023 660 4074 est
681 4017 709 4076 in
729 4019 811 4074 Patre
836 4021 865 4074 et
884 4013 1094 4076 subauctoritas
1113 4017 1142 4074 in
1183 4011 1363 4084 telligibilitcr
1382 4019 1425 4070 est
1445 4013 1522 4070 idem
1541 4013 1622 4086 quod
1635 4013 1735 4070 440444
1747 4013 1878 4082 intelligi·
1916 4019 1994 4076 viosi
2010 4019 2145 4088 audiunt,
2166 4019 2219 4076 sed
2249 4032 2306 4076 non
2336 4019 2457 4076 retinent
2486 4019 2553 4078 ibid.
2573 4035 2613 4064 -ε-

450 4113 519 4171 Filio
539 4113 601 4170 sine
621 4113 781 4170 minoritate
800 4109 865 4192 247
878 4113 894 4168 3
1175 4109 1341 4166 0414444334
1367 4105 1464 4166 78-
1484 4113 1527 4166 est
1547 4113 1651 4166 attolite
1670 4121 1809 4180 quaerere
1829 4107 1877 4164 Vll
1916 4115 2224 4184 Auditorosobiiviosi,
2239 4115 2289 4188 qui
2303 4115 2614 4184 nonrelineutsemeu

506 4241 546 4252 —
565 4209 650 4266 datur
669 4223 722 4280 per
741 4207 906 4266 missionem
932 4209 979 4268 Vll
1000 4205 1105 4278 2473,
1125 4209 1141 4268 4
1184 4205 1240 4268 492
1254 4205 1350 4262 43-
1370 4203 1436 4262 6044
1456 4205 1582 4276 disponit
1602 4203 1639 4262 ad
1659 4203 1876 4274 intelligentiam
1916 4217 1982 4268 sunt
2010 4211 2179 4270 lnoucruost
2207 4209 2264 4268 494
2286 4211 2380 4268 ts-
2401 4211 2538 4268 nautologi
2567 4227 2615 4268 au

449 4335 487 4346 -
512 4305 707 4376 Despicientes
735 4303 932 4362 auctoritatem
956 4305 1142 4376 apostolicam
1183 4299 1221 4358 54
1235 4299 1271 4358 43
1291 4329 1330 4344 -
1349 4301 1512 4358 404449θὸ4
1525 4299 1707 4370 spiritualiter
1720 4299 1877 4370 intelligere
1915 4307 1998 4364 diunt
2017 4313 2046 4364 et
2064 4307 2195 4376 retinent,
2214 4305 2268 4364 sed
2286 4319 2360 4364 non
2374 4307 2482 4364 iaciunt
2510 4307 2564 4364 400
2594 4305 2613 4364 7

427 4401 543 4472 magis
561 4399 720 4472 peccabant
738 4399 795 4458 267
816 4399 852 4456 44
1108 4435 1109 4438 ¹
1184 4397 1326 4452 464446
1347 4397 1403 4452 402
1426 4397 1520 4454 43·-
1539 4395 1647 4454 Audire
1665 4401 1707 4454 est
1727 4409 1784 4466 444
1792 4411 1877 4466 444444
1916 4431 1955 4446 -ι
1973 4403 2127 4460 auditores
2146 4401 2292 4470 desidiosi,
2309 4401 2360 4474 qur
2372 4415 2430 4460 non
2443 4403 2531 4460 sunt
2524 4419 2553 4460 444
2566 4417 2613 4460 44

506 4497 626 4554 Anonos
644 4525 684 4540 -
703 4481 849 4568 potissime
869 4493 953 4552 444044
963 4497 1092 4558 deservit
1104 4497 1143 4556 ad
1182 4491 1320 4550 tationem
1335 4489 1675 4560 interuamtrlesrsr,
1691 4493 1871 4550 33069334
1914 4497 2005 4572 ritate
2018 4497 2147 4566 radicati,
2167 4499 2219 4556 sed
2234 4497 2363 4570 potius·
2355 4513 2384 4554 m
2404 4511 2504 4564 amore
2522 4495 2614 4564 libidi-

450 4591 683 4664 cognosoenoom
705 4593 756 4654 vo
770 4589 807 4648 50
828 4589 865 4648 25
884 4621 924 4636 ....
937 4593 1076 4664 plurimas
1088 4607 1141 4652 uo·
1181 4587 1219 4642 78
1240 4619 1279 4628 -
1297 4585 1466 4674 4440444444
1485 4587 1584 4646 440444
1615 4587 1760 4660 exteriori,
1781 4587 1878 4644 intelli·
1916 4607 2069 4664 noso,¹noa
2082 4593 2251 4664 proliciunt,
2273 4591 2420 4666 quianon
2436 4595 2612 4658 invenirer.

451 4687 495 4746 bis
524 4687 696 4746 differentias
725 4685 849 4746 ostendit
876 4685 915 4744 75
936 4687 1032 4748 39-
1060 4685 1141 4762 Circa
1182 4701 1253 4758 4444
1271 4687 1370 4744 auditu
1391 4685 1519 4744 interiori
1533 4685 1589 4744 444
1605 4703 1636 4744 v.
1650 4689 1667 4742 2
1681 4715 1720 4730 -
1733 4685 1878 4750 Audiendi
1916 4689 1987 4748 hum
2008 4697 2178 4760 susceptum
2202 4705 2256 4748 nec
2285 4689 2385 4748 volunt
2403 4687 2535 4748 laborare
2555 4689 2612 4748 494

451 4783 579 4844 auditum
599 4783 724 4840 4444444444
752 4781 831 4852 44444
857 4783 1006 4842 curiositas
1025 4783 1082 4840 566
1105 4785 1135 4840 44
1180 4781 1293 4854 primus
1313 4783 1421 4854 gradus
1439 4787 1483 4848 444
1508 4783 1537 4838 44
1568 4781 1711 4844 44044404
1737 4783 1876 4856 exterius,
1918 4787 1953 4840 40
1973 4815 2013 4846 -,-
2032 4785 2177 4858 044444444
2197 4785 2333 4854 audiunt,
2346 4785 2482 4856 retinent,
2497 4785 2611 4856 iaciunt,

449 4875 772 4934 *Audituiserviunt
800 4875 904 4934 curiosi
924 4877 960 4934 Vt
981 4877 1071 4934 6564
1102 4907 1141 4922 -
1181 4877 1325 4934 secundus
1351 4877 1380 4934 in
1409 4877 1568 4950 credendo,
1594 4877 1692 4936 tertius
1721 4879 1751 4936 in
1777 4879 1876 4944 intelli·
1915 4881 1967 4940 440
1997 4895 2055 4942 non
2078 4881 2230 4952 complent
2249 4879 2306 4936 490
2327 4879 2346 4938 7
2365 4909 2406 4934 ¹—
2435 4879 2613 4938 6440444444

450 4973 479 5028 44
497 4971 596 5032 440444
615 4985 673 5030 non
692 4977 738 5030 est
754 4975 831 5028 tanta
856 4973 1002 5042 corruptio
1021 4985 1076 5030 uec
1094 4973 1142 5030 de·
1181 4973 1278 5044 gendo
1298 4973 1344 5036 Vll
1367 4975 1422 5038 492
1437 4973 1538 5030 43-
1558 4973 1679 5036 Habenti
1698 4955 1875 5066 desiderium
1916 4975 2036 5038 virtuosi
2056 4977 2189 5084 audiunt,
2210 4975 2343 5048 retinent,
2362 4975 2472 5040 iaciunt
2489 4981 2517 5034 et
2537 4991 2613 5044 com·

449 5067 561 5126 lectatio
575 5067 678 5126 sicut'
671 5083 699 5124 tn
719 5071 795 5124 tactu
815 5071 854 5124 44
863 5071 950 5138 gustu
965 5067 1051 5140 2344.
1063 5069 1142 5124 -4·.-
1181 5067 1317 5128 audiendi
1338 5067 1462 5146 uerbum
1481 5069 1539 5126 044
1559 5067 1678 5132 dabitur
1703 5083 1806 5144 sensus
1835 5069 1876 5126 in·
1916 5071 1994 5142 pient
2014 5069 2134 5130 itii
2385 5129 2386 5132 ¹
2452 5115 2453 5118 ¹

448 5165 536 5224 64444
555 5177 628 5220 non
634 5167 753 5234 possunt
771 5159 878 5278 audire
898 5161 968 5222 alta
975 5177 1037 5226 nee
1055 5177 1143 5226 44444
1157 5147 1327 5250 4444444404
1345 5143 1403 5222 466
1424 5165 1461 5222 30
1869 5213 1871 5216 .
1973 5197 2013 5210 -
1996 5167 2221 5236 Audientes,
2236 5165 2287 5240 qui
2309 5131 2439 5232 retinent
2472 5135 2611 5240 verbnm,

450 5271 570 5318 sonoras
587 5257 639 5314 93
641 5273 687 5316 v.¹
696 5257 775 5316 4
978 5307 979 5310 ¹
1135 5301 1136 5304 ¹
1178 5303 1185 5312 ¹
1222 5283 1286 5310 2-—
1298 5259 1479 5324 Audiendum
1500 5263 1557 5318 est
1563 5259 1688 5332 verbum
1707 5261 1759 5322 044
1768 5223 1844 5330 ad
1837 5275 1892 5320 m·
1916 5225 2039 5322 tructam
2060 5263 2181 5320 afferunt
2201 5265 2257 5321 Vtt
2270 5261 2326 5324 496
2346 5263 2436 5324 24-
2397 5263 2531 5336 -Qui
2523 5279 2611 5336 ampe-

483 5383 491 5410 ς
505 5381 544 5396 -
563 5353 682 5424 respicit
700 5293 931 5424 locutionem,
905 5367 968 5420 non
988 5351 1088 5426 ipsum
1105 5355 1143 5420 lo
1157 5321 1394 5440 telligendum
1401 5355 1450 5414 ad
1479 5355 1676 5418 credendum
1685 5367 1733 5414 44
1742 5357 1799 5414 ad
1811 5355 1878 5414 obe·
1916 5357 2041 5416 dinntur
2065 5373 2082 5414 a
2116 5357 2192 5418 curis
2221 5357 2388 5416 ramalibus
2419 5375 2488 5416 non
2504 5359 2613 5418 iaciunt

449 5453 584 5522 (ruentem
606 5447 648 5506 vl
663 5445 795 5508 36476
812 5477 849 5500 -··¹
869 5447 1003 5506 04444444
1028 5447 1144 5520 respicit
1157 5499 1158 5502 ¹
1172 5449 1320 5514 diendum
1340 5437 1382 5510 Vl
1397 5449 1454 5522 664
1468 5451 1502 5518 3,
1514 5449 1541 5518 4
1553 5465 1591 5494 -’·
1611 5445 1740 5510 Verbum
1761 5451 1812 5516 044
1825 5467 1877 5510 au·
1916 5455 2042 5514 trucium
2055 5453 2238 5526 spiritualem
2259 5453 2375 5520 49420
2447 5517 2448 5520 ,
2472 5499 2474 5502 -

449 5543 583 5610 44044444Ι
599 5543 639 5602 tn
659 5559 689 5618 q.
710 5545 748 5604 2¹¹
788 5573 803 5580 ¹-
854 5605 855 5608 ¹
884 5589 897 5596 ¹.
1101 5595 1113 5602 ¹.
1183 5543 1320 5604 diendurn
1352 5543 1513 5614 obediendo
1544 5545 1580 5604 42
1611 5561 1641 5606 v.
1666 5543 1702 5606 47
1721 5577 1761 5592 ·-··
1790 5547 1876 5606 Recte
1972 5579 2012 5594 -
2031 5551 2154 5618 04404444
2168 5561 2216 5610 est
2231 5549 2332 5610 440444
2348 5553 2425 5620 maia
2440 5553 2487 5612 de
2510 5551 2610 5626 aliquo

509 5663 549 5694 κ-
566 5639 650 5700 Sardi
668 5639 788 5702 andiunt
798 5639 831 5704 tn
840 5639 967 5708 adventu
980 5637 1082 5700 Christi
1095 5639 1143 5696 Vll
1183 5639 1303 5700 audiunt
1320 5641 1373 5714 qui
1400 5639 1535 5712 audiunt,
1565 5647 1598 5702 ut
1626 5641 1728 5702 iaciant
1748 5641 1810 5712 343
1838 5645 1870 5702 24
1914 5651 1942 5704 44
1961 5645 2158 5706 uoneredere
2178 5647 2218 5706 Vl
2236 5647 2273 5704 60
2294 5649 2381 5706 4.,22
2396 5647 2540 5710 -Honm
2554 5663 2611 5706 non

452 5735 508 5796 476
528 5733 565 5796 40
606 5779 617 5798 ¹¹
632 5767 639 5784 ¹¹
993 5773 994 5776 ¹
1184 5761 1221 5778 -
1241 5737 1327 5794 Recte
1357 5735 1476 5798 audiunt
1496 5737 1547 5812 qul
1567 5737 1664 5798 446444
1682 5745 1876 5814 exsequuntur
1913 5741 2001 5802 debet
2013 5759 2076 5820 esse
2090 5743 2226 5804 sollicitus
2238 5743 2279 5802 40
2290 5743 2466 5806 audiendum
2485 5759 2561 5818 quae
2573 5743 2610 5804 de

507 5827 964 5906 -44414444444444440444044
990 5831 1140 5892 voeemln
1183 5831 1230 5892 Vll
1251 5833 1307 5890 498
1328 5833 1365 5894 33
1386 5865 1422 5876 -
1443 5831 1497 5906 Qui
1517 5833 1597 5894 audit
1616 5841 1644 5894 et
1663 5851 1725 5894 non
1741 5837 1807 5894 tacit
1823 5851 1875 5910 444
1913 5839 2099 5900 4404444444
2115 5837 2235 5904 4646.-ἶ
2344 5873 2345 5876 ¹
2396 5859 2406 5906 ς
2541 5861 2542 5864 ¹
2576 5889 2577 5892 ¹

449 5925 576 5988 subiecta
597 5933 726 5986 creatura
746 5927 783 5984 Vl
804 5927 859 5986 646
881 5927 918 5986 70
939 5957 979 5972 -
996 5927 1073 5988 Deus
1093 5927 1141 5988 do
1182 5929 1385 6002 negligentium
1415 5929 1646 6002 reprehensibilis
1674 5937 1718 5992 444
1739 5933 1751 5990 4
1759 5933 1797 5992 66
1818 5933 1872 6002 409
1971 5937 2102 5996 Amanus
2120 5969 2160 5980 —
2180 5935 2382 5996 Aulerentibus
2408 5951 2470 5996 rem
2498 5951 2610 6010 posses·

448 6029 493 6082 cet
512 6037 565 6098 per
584 6023 723 6094 auditum,
738 6023 789 6084 sed
803 6037 861 6084 non
881 6023 995 6086 videtur
1015 6025 1071 6084 330
1091 6025 1180 6084 69.
1181 6027 1299 6086 -Non
1319 6027 1419 6086 audire
1439 6027 1635 6104 dicunturqur
1627 6027 1873 6091 verboDetnon
1912 6047 1974 6092 sam
1994 6049 2054 6100 non
2073 6033 2329 6098 contradicendum
2350 6035 2397 6092 Vll
2413 6033 2467 6092 464
2483 6033 2531 6092 70.
2554 6033 2609 6092 465

449 6121 500 6182 334
525 6121 563 6180 76
897 6141 898 6144 ¹
1181 6123 1343 6194 intendunt,
1364 6123 1389 6182 44
1409 6137 1466 6182 non
1487 6125 1615 6198 credunt,
1637 6125 1874 6186 veleinonoha·
1911 6127 1950 6188 74
1975 6129 2045 6190 Vide
2063 6145 2091 6190 4.
2111 6127 2228 6190 Abieta
2241 6135 2317 6190 444
2336 6127 2505 6194 04444444
2560 6167 2588 6182 ¹-

503 6245 544 6262 -·
562 6215 744 6278 Audiendum
764 6233 830 6276 cnm
851 6175 990 6278 modestia
1004 6225 1139 6291 etprom·
1178 6219 1260 6280 diunt
1274 6221 1309 6280 Vl
1324 6221 1382 6280 664
1403 6217 1471 6278 l-
1485 6221 1647 6284 Audireest
1664 6237 1716 6296 per
1736 6221 1918 6284 ohedien-
1970 6227 2143 6298 Arausa-¹·-
2162 6233 2207 6286 est
2224 6225 2362 6294 iustitiae
2369 6227 2422 6286 Vll
2432 6225 2483 6284 64
2494 6227 2586 6286 89
2676 6273 2677 6278 ¹

446 6319 495 6386 pte
515 6315 563 6374 Vll
583 6315 619 6372 23
640 6315 730 6374 60-
745 6313 927 6374 Audiendum
950 6329 1015 6374 cum
1036 6329 1137 6376 conon·
1178 6317 1245 6374 llam
1267 6317 1339 6376 583
1347 6317 1392 6376 4.0
1413 6317 1458 6376 Vll
1475 6317 1530 6378 464
1552 6319 1620 6378 406.-
1637 6311 1742 6392 3623
1764 6317 1821 6380 425
1835 6321 1866 6380 64
1969 6325 2214 6386 4444444444-
2231 6329 2287 6382 est
2318 6323 2443 6392 extensio
2466 6281 2608 6390 materiae

446 6409 582 6484 piscantia
602 6407 669 6470 4040.
693 6411 729 6468 67
752 6409 801 6470 404
819 6443 858 6454 -·
872 6411 1055 6472 Audiendum
1070 6427 1137 6484 pro·
1176 6443 1216 6458 -
1241 6413 1339 6472 illelius
1368 6413 1529 6488 intelligunt
1557 6415 1707 6476 veritatem
1731 6417 1873 6488 iacientes
1910 6425 2022 6480 tuntum
2045 6421 2079 6480 vl
2100 6421 2157 6480 322
2177 6421 2216 6480 20
2235 6447 2279 6476 ¹-
2292 6419 2456 6486 4444444444
2474 6421 2608 6488 44444444

445 6513 508 6578 pter
527 6507 741 6568 instructionem
771 6509 875 6568 mentis
902 6509 952 6566 424
978 6509 1015 6568 34
1035 6539 1074 6554 -·
1093 6513 1137 6568 ast
1176 6523 1263 6584 quam
1284 6509 1433 6570 audientes
1453 6511 1500 6570 Vll
1520 6509 1578 6570 597
1599 6511 1635 6574 36
1776 6551 1778 6554 -
1910 6515 2147 6580 sineextrinseci
2171 6514 2351 6590 appositione
2369 6531 2431 6578 uon,
2452 6515 2484 6576 lit
2509 6515 2540 6586 in
2558 6529 2607 6572 na·

444 6603 608 6662 exercitium
628 6603 799 6664 addiscentis
812 6605 849 6662 67
863 6605 914 6662 404
938 6635 978 6648 ....
991 6605 1072 6664 Prius
1085 6621 1137 6666 au·
1227 6635 1272 6664 s-
1293 6605 1424 6668 Doctn'na
1439 6605 1546 6674 ,Christi
1575 6613 1619 6668 est
1638 6609 1788 6670 audienda·
1801 6625 1871 6670 eure
1910 6613 2067 6682 tnra‚¹.¹sed
2091 6617 2199 6672 tantum
2227 6625 2280 6686 per
2306 6611 2442 6680 rirtntem
2468 6611 2607 6676 inlinitum
2718 6665 2720 6672 ¹

445 6699 582 6758 04440444
601 6715 690 6774 quam
710 6701 886 6776 loquendum
907 6701 1005 6760 2360.
1019 6701 1075 6760 593
1097 6703 1134 6760 22
1175 6689 1279 6776 cordis,
1299 6719 1367 6764 eum
1386 6703 1465 6766 omni
1483 6703 1827 6780 reverentie,¹obedleutia
1843 6713 1872 6780 et
1909 6705 1979 6768 4440.
1991 6737 2031 6752 -
2044 6707 2179 6782 44444444
2193 6707 2297 6768 nsaht
2316 6721 2369 6780 444
2381 6709 2544 6782 4444444444
2559 6721 2608 6766 44-

475 6827 548 6852 ¹·-·-¹
561 6795 656 6856 Verba
674 6797 832 6870 sapientiae
850 6801 917 6856 sunt
935 6797 1077 6858 audienda
1097 6797 1134 6856 Vl
1175 6797 1320 6872 diligentia
1351 6799 1398 6858 Vll
1427 6801 1483 6860 236
1501 6803 1542 6872 66
1562 6831 1602 6846 -
1621 6803 1676 6876 Qui
1694 6817 1752 6862 non
1772 6809 1817 6864 cst
1835 6819 1870 6864 ex
1908 6803 2091 6878 4044444444,
2102 6803 2157 6864 sed
2170 6803 2368 6878 perdivinam
2382 6803 2605 6876 dispositionem

442 6887 493 6958 79
501 6905 533 6950 4.
551 6891 588 6956 to
607 6909 645 6938 -¹
665 6893 814 6952 Audienda
835 6897 869 6952 et
882 6891 1065 6966 intelligenda
1093 6907 1136 6952 sa·
1175 6893 1235 6954 044
1254 6911 1308 6970 444
1327 6897 1552 6968 contermitatem
1572 6897 1723 6960 voluntatis
1737 6913 1803 6958 nou
1809 6905 1870 6974 pot
1909 6899 1969 6960 Vll
1976 6901 2033 6962 320
2054 6901 2112 6972 36,
2127 6899 2174 6962 37
2184 6929 2225 6946 ι·-
2238 6897 2331 6968 habet
2349 6899 2490 7022 rationem
2504 6905 2532 6958 44
2551 6905 2608 6962 ter·¹
2636 6909 2637 6912 ’

444 6983 552 7058 pientia
570 6979 1806 7070 ttlv.h·-Verlaaeruditionisdir1·estaodtrererbaDeiaurscordrsVldtii
1821 6995 1869 7056 64.
1908 6995 2021 7056 minum
2041 7013 2057 7056 a
2078 6995 2351 7070 4444444437
2532 7037 2534 7052 ¹¹

446 7093 500 7138 uae
517 7097 576 7140 non
588 7083 774 7154 negligenter
788 7083 844 7142 sed
852 7083 1004 7156 diligenter
1016 7085 1135 7144 audien
1172 7087 1234 7144 369
1251 7085 1300 7146 72
1320 7087 1419 7148 6044.
1433 7089 1481 7160 Vll
1494 7087 1540 7164 28
1544 7087 1592 7150 75.
1609 7081 1668 7160 463
1679 7077 1869 7184 itt-Audi·
1912 7111 1947 7168 ;
1957 7121 2005 7140 -·-¹
2008 7093 2248 7166 Augmautativa
2266 7105 2326 7162 non
2343 7043 2395 7154 est
2389 7029 2537 7212 subiecta
2557 7061 2605 7148 vo·

446 7175 483 7232 da
504 7175 551 7234 Vll
572 7175 627 7232 497
647 7175 738 7234 27*-
749 7175 876 7238 Christus
891 7179 1151 7248 audienduscurn
1175 7187 1252 7240 tores
1269 7175 1338 7240 sunt
1355 7185 1503 7244 credentes
1515 7189 1548 7242 et
1556 7183 1737 7258 obedientes
1745 7175 1799 7262 qui
1810 7203 1868 7250 noa
1907 7187 2029 7252 lentati
2026 7199 2055 7260 et
2073 7187 2177 7250 rationi
2198 7189 2245 7250 Vll
2266 7189 2323 7248 320
2338 7187 2436 7246 36
