5900 8266
570 667 634 736 aaa
653 745 668 754 ,

571 847 814 934 conopassione,·
851 849 903 916 lob
936 853 1140 936 trigesimo1:
1178 855 1338 920 «Flebam
1367 855 1527 938 qnondam

571 973 668 1040 super
690 973 729 1024 eo
750 951 805 1038 qui
828 955 964 1024 afflictus
987 963 1069 1036 erat,
1092 965 1122 1024 et
1147 959 1395 1042 compatiebatur
1424 961 1529 1026 anima

569 1077 640 1126 unca
663 1059 793 1146 pauperi
806 1085 839 1140 »3
856 1069 886 1128 el
903 1063 1051 1128 leremiae
1074 1081 1173 1128 trono:
1204 1061 1311 1146 «Quis
1328 1063 1528 1156 dahitcapiti

570 1185 642 1234 meo
664 1185 778 1252 aquarn
801 1173 834 1234 at
848 1167 947 1234 oculis
962 1167 1041 1234 meis
1055 1165 1173 1234 fontem
1200 1167 1413 1252 lacrymarum
1429 1175 1468 1232 s?
1484 1205 1527 1216 —

474 1285 552 1332 verua·
571 1275 630 1341 Pro
656 1273 801 1340 incolatu
828 1273 1015 1360 praesentis
1045 1271 1222 1348 miseriae:
1251 1273 1374 1338 loannis
1406 1271 1528 1338 decimo

573 1381 703 1448 sextol:
734 1375 924 1446 «plorabitis
943 1405 960 1438 »
981 1387 1058 1458 etc.;
1084 1385 1114 1444 et
1138 1375 1293 1445 Psalmns:
1324 1379 1417 1444 «Heu
1433 1375 1527 1444 mihil

390 1499 393 1504 '
466 1501 553 1556 Quare·
573 1487 648 1571 quia
664 1487 816 1553 incolatus
828 1503 918 1552 meus
929 1485 1134 1570 prolongatus
1147 1489 1192 1550 θεῖ
1205 1507 1235 1546 ».
1249 1519 1293 1528 --
1306 1483 1364 1548 Pro
1382 1483 1528 1566 oppetita

572 1591 741 1678 felicitatis
773 1599 943 1670 aeternam
971 1589 1115 1656 Matthaei
1142 1585 1294 1674 quinto³:
1325 1587 1448 1666 «Beati,
1472 1589 1528 1672 qui

572 1701 698 1784 lugent,
723 1699 870 1784 quoniam
893 1695 1266 1782 ipsiwconsolabuntur».
1291 1693 1350 1760 llas
1373 1693 1529 1778 lacrymas

572 1805 723 1872 debemus
744 1809 865 1888 petere,
892 1801 1041 1888 quamdiu
1058 1817 1169 1866 sumus
1184 1815 1281 1882 super
1296 1797 1426 1864 asellum
1445 1817 1530 1864 rnor-

573 1909 701 1998 talitatis
723 1915 857 1976 nostrae.
883 1907 970 1974 Sicut
998 1905 1083 1974 eninr
1117 1903 1263 1972 Christus
1286 1921 1383 1990 super
1405 1903 1527 1972 asinum

574 2017 675 2096 flevit,
701 2015 744 2084 sia
776 2023 806 2082 et
841 2015 962 2094 anima,
992 2031 1076 2100 quae
1109 2011 1223 2080 insidet
1254 2011 1379 2098 corpori
1413 2013 1529 2080 misero

470 2135 553 2190 ricua-
575 2129 722 2208 tanquam
745 2121 855 2200 asello,
879 2119 957 2188 llere
979 2119 1082 2188 debet.
1107 2119 1140 2186 ln
1163 2119 1255 2186 cuins
1279 2119 1413 2206 liguram
1448 2119 1528 2188 ludi-

574 2247 646 2296 cum
668 2227 796 2314 primos
820 2227 954 2308 dicitur,
977 2227 1062 2314 quod
1091 2227 1203 2308 «dua,
1220 2227 1283 2294 lilia
1298 2227 1402 2308 Caleb,
1418 2227 1530 2296 sedens

574 2335 603 2402 in
629 2335 716 2402 asino
737 2335 937 2422 suspiravit»
966 2341 1043 2414 etc.;
1069 2341 1100 2404 et
1121 2339 1192 2422 post
1208 2335 1365 2416 subditur,
1383 2335 1466 2420 quod
1481 2335 1529 2402 di-

573 2441 638 2506 xit:
668 2443 829 2506 «Terram
851 2449 992 2508 arentem
1016 2439 1126 2508 dedisti
1151 2439 1244 2520 mihi,
1268 2439 1308 2506 cla
1331 2447 1361 2506 et
1377 2441 1529 2526 irriguam

574 2545 679 2632 aquis;
705 2547 851 2632 deditque
875 2547 903 2614 el
926 2547 1020 2614 Caleh
1042 2547 1201 2636 irriguum
1232 2547 1381 2632 superius
1401 2555 1434 2614 et
1457 2547 1530 2614 irri-

574 2671 669 2738 guum
695 2653 826 2720 inlerius
842 2681 871 2718 a.
899 2655 1016 2724 -llis
1044 2655 1146 2722 modis
1179 2653 1372 2738 lacrymandi
1398 2653 1529 2738 ‚irrigari

469 2773 552 2824 lisura.
573 2757 663 2824 debet
686 2761 849 2844 paradisus
874 2761 1089 2826 conscientiae.
1114 2761 1146 2826 ln
1160 2761 1263 2840 vauius
1284 2759 1529 2844 designationem

573 2863 687 2930 dicitur
711 2863 838 2932 Genesis
861 2865 999 2932 secundo
1012 2863 1034 2944 ⁵,
1060 2865 1145 2950 quod
1173 2891 1190 2922 (ι
1206 2851 1325 2932 durius
1347 2863 1530 2948 egredieba-

574 2977 627 3034 tur
649 2969 687 3034 de
710 2971 777 3036 loeo
801 2969 971 3054 voluptatis
986 2969 1023 3034 ad
1049 2969 1245 3052 irrigandum
1262 2969 1458 3052 paradisum,
1474 2969 1529 3054 qui

573 3073 722 3142 dividitur
759 3077 788 3142 in
825 3079 962 3160 quatuor
995 3073 1142 3158 aaptla»;
1172 3073 1206 3140 in
1233 3091 1297 3160 quo
1327 3073 1528 3160 intelligitur,

575 3179 657 3264 quod
680 3195 721 3244 ex
745 3181 859 3262 pietate
883 3177 986 3244 cordis
1010 3177 1109 3244 nostri
1133 3175 1224 3244 debet
1260 3177 1461 3262 quadruplex
1486 3177 1529 3242 la-

575 3301 753 3368 crymarum
777 3283 894 3352 ssrrvius
917 3283 1065 3350 derivari.

662 3389 714 3454 66.
739 3389 840 3468 (vers.
877 3391 954 3472 12).
988 3391 1131 3456 Secundo
1160 3397 1315 3476 quantum
1345 3391 1385 3456 ad
1418 3391 1530 3476 regiae

408 3493 719 3608 eravtsogpnciuitotis
741 3495 907 3582 portatura
931 3495 1070 3562 stilliana
1100 3495 1223 3562 subdit:
1263 3497 1397 3564 Dicens:
1425 3497 1527 3580 Quia,

408 3577 564 3664 ralllilllim
575 3601 606 3666 si
621 3601 824 3688 coprrooisses
839 3607 870 3666 ct
884 3607 939 3678 lll,
956 3619 1012 3686 per
1027 3601 1270 3688 providentiam,
1287 3601 1439 3682 flevisses
1454 3619 1530 3686 sup-

574 3705 639 3790 ple:
663 3721 719 3790 per
744 3703 984 3790 poenitentiam3
1017 3705 1101 3772 unde
1133 3703 1282 3772 Glossai:
1315 3733 1329 3766 a
1346 3707 1384 3774 Si
1413 3727 1529 3796 copria-

574 3811 674 3878 uisses
704 3811 846 3892 ruinam,
883 3829 964 3898 quae
999 3811 1169 3892 imminet,·
1187 3813 1326 3880 flevisses
1349 3841 1381 3880 a.
1409 3815 1446 3880 Et
1479 3813 1529 3880 bic

574 3925 621 3984 θεῖ
642 3917 783 3986 delectus
807 3919 1002 3986 necessariae
1035 3917 1198 3998 diationis,
1222 3919 1276 3986 sed
1303 3919 1452 3986 Dominus
1476 3919 1529 3986 de·-

573 4023 636 4090 cise
658 4025 801 4108 loquitor
824 4023 863 4090 ad
887 4023 1014 4090 ruodilo]
1038 4023 1172 4090 dolentis
1195 4031 1226 4092 et
1250 4027 1374 4110 supplet
1396 4045 1439 4092 eu
1461 4025 1530 4110 ipso

573 4137 645 4198 actu
669 4129 791 4198 dolendi
824 4137 855 4198 et
885 4129 999 4210 flendi,
1022 4135 1060 4196 ut
1088 4129 1221 4198 allectus
1253 4133 1396 4216 suppleat
1421 4149 1530 4198 conce-

573 4245 681 4324 ptum,
711 4231 744 4306 et
776 4237 894 4306 factum
929 4237 1073 4324 suppleat
1103 4239 1260 4306 verbum:
1296 4239 1435 4306 flevisses
1467 4239 1530 4306 uti-

573 4363 644 4432 que.
671 4345 769 4412 -Et
801 4345 826 4412 si
857 4363 1008 4432 quaeras:
1039 4345 1197 4432 pilando?
1222 4349 1263 4414 Et
1294 4347 1443 4432 pelidem,
1469 4347 1529 4414 hoc

573 4447 968 4530 acceptabiliorem
997 4459 1074 4528 tuo,
1107 4469 1193 4540 qnae
1227 4453 1272 4518 od
1304 4471 1421 4538 pacem
1454 4451 1529 4530 lidi,

572 4557 606 4624 in
629 4575 693 4642 qua
715 4557 832 4624 scilicet
856 4557 1015 4636 ansultam
1032 4555 1118 4624 unde
1133 4555 1241 4624 Glossa
1253 4557 1280 4624 l:
1304 4585 1319 4616 v
1335 4559 1422 4642 Quae
1437 4557 1530 4624 modo

497 4671 498 4678 ’
569 4665 714 4738 ¹aursultas
727 4691 757 4730 a.
775 4699 817 4712 -
835 4663 872 4730 El
890 4663 916 4730 si
937 4681 1071 4750 quaeras
1090 4681 1248 4744 causant,
1269 4681 1368 4750 quare
1391 4666 1531 4731 exsultat

492 4795 493 4800 ¹
572 4777 604 4838 et
626 4789 688 4834 non
712 4771 827 4856 plorat,
851 4775 899 4838 est
915 4769 1164 4856 improvidentia.
1188 4771 1275 4838 Unde
1293 4769 1415 4838 subdit:
1433 4769 1531 4860 aluric

462 4915 464 4918 -
573 4885 684 4942 nattam
707 4875 901 4944 abscondito
935 4885 1015 4944 sani
1046 4875 1086 4942 ad
1123 4875 1228 4942 oculta
1261 4877 1348 4954 tals·
1382 4875 1530 4944 Glossa⁸t

579 5009 595 5040 «
612 4985 763 5070 Tempore
788 4981 924 5052 laetitiae
946 5001 1008 5050 non
1040 4981 1264 5068 praevidentur
1289 4983 1416 5050 loturae
1437 4985 1531 5050 mise-

410 5111 476 5174 smq
489 5109 562 5174 gilon
575 5089 639 5152 riae
655 5113 686 5166 >›;
709 5089 779 5154 ideo
803 5107 878 5174 crgo
903 5089 1038 5156 hahebat
1070 5085 1221 5172 gaudium
1245 5089 1377 5160 stultum
1401 5081 1531 5172 propter

437 5169 543 5272 affixer-
574 5193 868 5260 aoraslclerationevn
878 5193 951 5278 clici
962 5193 1162 5278 parre-sentis,
1178 5195 1217 5260 de
1240 5213 1304 5280 quo
1319 5193 1369 5260 die
1384 5191 1474 5260 dicit:
1493 5193 1532 5256 ln

574 5295 636 5364 liele
660 5297 711 5364 die
729 5307 805 5376 traca·
820 5305 949 5382 propter
974 5299 1140 5364 obtectione
1161 5297 1347 5382 praesentis
1365 5297 1476 5382 pacis,
1492 5295 1531 5362 de

644 5659 653 5688 ¹
675 5661 748 5712 lars.
768 5663 810 5714 25.
830 5671 855 5716 cl
872 5661 969 5714 deinde
988 5665 1036 5716 ler.
1057 5663 1087 5726 e,
1109 5665 1131 5716 1.

644 5745 749 5800 2Vers.
770 5751 818 5814 26,
839 5749 879 5804 aui
900 5749 1068 5818 subiungitur
1087 5753 1126 5804 Ρε.
1149 5751 1214 5820 113,
1235 5753 1259 5806 b.

644 5835 655 5866 ³
675 5839 749 5892 Vers.
768 5839 793 5894 s.

644 5925 749 5992 41’θθε.
773 5929 810 5982 13.
830 5937 856 5984 θῖ
875 5929 924 5994 ll,
941 5945 1009 5998 quos
1029 5929 1154 5984 Rabonus
1172 5925 1305 5998 exponens
1331 5933 1378 5986 ait:
1407 5933 1530 5998 Spiritus·

572 6017 629 6070 liter
649 6023 736 6070 avitam
755 6019 842 6072 arriana
860 6035 940 6088 super
952 6019 1053 6076 asinam
1067 6023 1147 6088 sedit,
1166 6037 1227 6076 atum
1241 6021 1461 6076 irrationabilibus
1475 6037 1530 6074 car·

574 6107 615 6160 nis
633 6121 696 6158 strae
716 6109 831 6162 molibus
850 6109 934 6160 aniana
954 6109 1095 6174 praesedit,
1113 6125 1182 6178 quae
1202 6111 1338 6176 suspirans
1355 6125 1370 6162 a
1389 6113 1464 6164 Patre
1482 6115 1531 6162 ler-

573 6211 631 6248 rant
652 6195 776 6262 irriguam
795 6199 871 6262 petit,
890 6199 951 6264 (piria
972 6213 986 6250 a
1004 6197 1128 6252 Creatore
1142 6207 1230 6252 nostro
1244 6213 1304 6252 curn
1317 6211 1415 6262 magno
1430 6199 1530 6262 gemitu

574 6279 725 6350 quaerenda
742 6285 918 6348 lacrymarum
931 6287 1042 6352 gratia...
1055 6287 1235 6350 principaliter
1247 6291 1335 6340 tamen
1349 6287 1531 6352 compunctio-

574 6385 639 6426 num
660 6385 754 6436 gcnera
773 6373 827 6426 diro
846 6379 921 6440 sunt,
939 6374 1000 6442 aquia
1020 6375 1104 6426 Derim
1123 6373 1214 6428 sitiens
1232 6375 1319 6426 anivno
1339 6375 1413 6440 prius
1436 6375 1531 6426 timore

575 6463 774 6530 cornpungitur,
794 6467 988 6526 aestumare...
1009 6463 1075 6528 Quia
1095 6475 1173 6526 ergo,
1192 6469 1221 6514 ut
1238 6463 1303 6526 disi,
1317 6463 1369 6514 cluo
1390 6469 1450 6514 sum
1463 6475 1531 6514 com·

575 6549 723 6616 structionis
742 6549 942 6616 periermeniis
962 6549 985 6602 ei
1010 6551 1084 6602 Pater
1111 6565 1175 6602 suris
1203 6549 1332 6616 irriguum
1359 6549 1481 6616 superius
1505 6555 1531 6604 et

574 6639 704 6702 irriguum
722 6637 840 6690 interius
859 6637 988 6700 irrignum
1001 6637 1102 6704 quippe
1115 6637 1237 6704 superius
1250 6637 1346 6702 accipit
1358 6637 1455 6704 anima,
1469 6649 1530 6690 cum

575 6741 632 6784 sose
651 6721 773 6792 lac'rpmis
796 6725 914 6778 caelestis
938 6725 1069 6778 desiderio
1097 6727 1172 6790 regni
1191 6725 1296 6790 adilgie
1316 6725 1446 6790 irriguum
1466 6721 1530 6778 ve'ro

575 6817 680 6874 interius
698 6817 805 6882 arripit,
824 6829 885 6868 cum
905 6815 997 6866 interni
1017 6811 1145 6878 supplicia
1163 6811 1250 6866 llendo
1270 6813 1428 6878 pertimescit
1447 6819 1494 6866 etc.

646 6901 750 6958 ilem.
771 6905 813 6956 ld.

646 6991 657 7022 ⁶
676 6991 778 7044 Scilicet
796 6989 993 7044 interlinearis:
1014 6987 1045 7042 Sl
1062 6987 1245 7054 repriorans,
1258 6987 1374 7050 ruinam,
1395 7003 1464 7054 <pirae
1482 6989 1531 7040 im-

1150 681 1342 748 COllllENT.
1365 683 1404 748 IN
1427 681 1665 748 evincentem
1687 679 1804 746 ndens
1829 679 1860 744 C.
1888 675 1963 744 XlX.

1591 871 1654 940 qua
1675 853 1776 920 addit:
1800 853 1893 934 Quae
1916 853 1963 918 acl
1974 847 2091 938 pacem
2114 853 2192 928 liat,-
2216 861 2247 922 et
2265 860 2393 940 propter
2408 853 2544 922 adscon-

1589 959 1715 1024 sionern
1736 959 1959 1036 calamitatis,
1980 961 2021 1026 de
2042 979 2106 1044 qua
2120 961 2300 1044 subiungit:
2319 959 2415 1026 aloru
2432 969 2544 1028 uatem

1592 1061 1785 1132 abscondito
1799 1069 1878 1128 sant
1895 1063 1935 1130 ab
1952 1063 2056 1130 occulis
2073 1065 2150 1130 tais.
2165 1065 2253 1132 Unde
2270 1065 2411 1132 Glossal:
2436 1093 2453 1124 o
2464 1067 2545 1132 Dum

1592 1185 1718 1234 carnem
1747 1171 1802 1236 das
1835 1169 2065 1254 voluptatibus,
2096 1171 2177 1238 mala
2205 1169 2314 1238 futura
2336 1191 2399 1238 non
2423 1171 2545 1258 prospi-

1592 1273 1693 1352 ciens,
1719 1275 1815 1342 babes
1848 1275 1930 1342 bona
1961 1277 2154 1360 praesentia,
2178 1295 2261 1362 quae
2290 1279 2331 1344 ad
2352 1295 2460 1364 pacem
2492 1279 2545 1344 tibi

1592 1387 1723 1462 possunt
1744 1399 1812 1448 esse
1837 1381 2051 1466 temporalem.
2078 1383 2112 1448 Et
2138 1401 2195 1450 cur
2212 1383 2271 1450 hoc
2286 1383 2410 1462 subdit,
2428 1383 2547 1450 scilicet

1592 1479 1674 1570 quod
1711 1505 1771 1552 non
1805 1487 1966 1570 praevidet
2000 1487 2097 1568 mala,
2123 1507 2205 1574 quae
2234 1495 2370 1556 ventura
2393 1495 2491 1554 sunl?
2516 1489 2544 1554 Si

1592 1591 1673 1658 enirn
1699 1591 1908 1678 praevideret,
1931 1591 1963 1656 in
1978 1593 2198 1676 praesentibus
2212 1593 2373 1678 prosperis
2387 1593 2467 1660 laeta
2483 1611 2544 1660 non

1592 1695 1748 1762 luisset»,
1768 1733 1806 1744 -
1826 1695 1860 1760 Et
1876 1695 1949 1764 hinc
1964 1703 2028 1776 est,
2046 1697 2132 1780 quod
2146 1699 2215 1764 oiri
2236 1681 2544 1782 iastl'proesenlem
2562 1711 2702 1810 gorotqrtpn

1592 1801 1677 1870 diem
1700 1801 1893 1888 despiciunt,
1927 1803 2099 1872 secundum
2137 1803 2213 1872 illud
2249 1805 2395 1870 ieremias
2424 1805 2544 1872 decimo
2576 1777 2653 1864 evilii
2669 1781 2700 1818 '¹¹‘

1592 1909 1723 1996 septimo
1737 1909 1780 1976 1⁰:
1810 1909 1926 1978 «Diem
1950 1909 2085 1978 hominis
2099 1929 2161 1976 non
2178 1911 2363 1990 desideravi,
2381 1919 2415 1978 tu
2441 1913 2501 1978 sais
2513 1939 2544 1992 »3

1592 2021 1624 2084 et
1648 2017 1810 2104 vigesimo:
1840 2041 1854 2074 v
1872 2017 2031 2086 hlaledicta
2062 2017 2141 2096 dies,
2164 2015 2197 2082 in
2220 2035 2283 2100 qua
2309 2023 2400 2084 natus
2426 2037 2496 2086 sum
2513 2043 2544 2098 »3

1592 2129 1624 2190 et
1647 2125 1685 2192 de
1708 2123 1761 2192 lob
1782 2123 1899 2192 dicitur
1919 2125 1971 2194 lab
1988 2123 2097 2192 tertio:
2121 2149 2136 2182 a
2150 2121 2312 2188 llaledixil
2325 2121 2378 2188 lob
2392 2121 2453 2188 diei
2470 2141 2546 2188 suae

1592 2229 1715 2298 dicens:
1740 2233 1848 2298 Pereat
1872 2233 1953 2314 dim,
1976 2231 2010 2298 in
2033 2249 2096 2316 qua
2120 2237 2212 2320 natus
2237 2245 2326 2308 suun,
2351 2233 2383 2294 θῖ
2405 2245 2490 2308 nou,
2513 2227 2546 2294 in

1592 2355 1656 2422 qua
1690 2337 1808 2404 diclrvm
1841 2345 1890 2404 est
1904 2367 1920 2400 a
1959 2343 2019 2406 etc.
2052 2337 2261 2404 Praesentem
2291 2353 2409 2420 paeana
2442 2339 2547 2400 eonte-

1592 2449 1722 2520 mnunt;
1736 2443 1877 2512 Psalmus
1889 2449 1931 2512 ¹1:
1950 2469 1965 2502 «
1977 2443 2079 2510 Zolavi
2092 2459 2190 2530 super
2201 2441 2340 2526 iniquos,
2354 2457 2461 2524 paoem
2475 2457 2548 2524 pec-

1592 2555 1735 2614 catorum
1760 2547 1869 2614 videns
1885 2575 1914 2630 »;
1933 2557 1962 2616 et
1988 2547 2154 2614 Ezechielis
2171 2545 2290 2614 decimo
2308 2545 2414 2610 lertio:
2444 2545 2547 2610 «Pro-
2610 2605 2611 2608 ,

1593 2651 1706 2734 phetae
1728 2651 1921 2734 deceperunt
1954 2653 2106 2738 populum
2139 2639 2269 2730 meum,
2286 2651 2439 2716 dicentes:
2462 2649 2546 2726 Pax,

1593 2773 1674 2838 pau,
1700 2761 1728 2822 et
1753 2773 1814 2820 non
1838 2765 1906 2824 erat
1930 2775 1993 2842 pax
2008 2781 2038 2818 a.
2067 2755 2199 2820 Futuro
2222 2753 2430 2838 conspiciant
2450 2761 2481 2818 et
2497 2761 2547 2820 al-

1594 2859 1749 2938 te-ndant,
1772 2863 1946 2928 secondum
1971 2859 2050 2926 illud
2066 2859 2267 2926 Ecclesiastici
2287 2859 2447 2944 trigesimo
2462 2869 2548 2926 oola-

1593 2981 1634 3028 vo
1646 2963 1692 3026 12:
1709 2987 1724 3020 v
1739 2965 1890 3030 blemento
1902 2961 2100 3028 novissorum
2114 2967 2144 3028 et
2154 2961 2218 3028 noli
2233 2963 2372 3028 oblivisci
2385 2991 2415 3030 l.
2435 3003 2471 3012 -
2490 2967 2548 3034 Sed
2566 2983 2598 3028 oe
2613 2983 2664 3046 aaa

1593 3085 1611 3134 e
1635 3067 1792 3134 contrario
1815 3067 1883 3136 oiri
1903 3067 1989 3134 nauli
2009 3087 2072 3134 non
2094 3067 2231 3154 cogitant
2253 3067 2416 3152 indicium,
2434 3077 2464 3138 et
2480 3071 2549 3140 ideo
2564 3127 2566 3130 .
2579 3037 2648 3080 mun

1593 3175 1764 3254 laetantur,
1797 3177 1969 3244 secundum
2004 3175 2081 3242 illud
2118 3175 2360 3262 Proverbiorum
2391 3179 2547 3246 secundo:

1598 3307 1615 3340 «
1632 3283 1818 3362 laetantur,
1841 3299 1914 3350 cunr
1934 3281 2178 3362 malefecerint,
2201 3289 2234 3350 et
2256 3285 2419 3352 exsultant
2440 3287 2473 3354 in
2498 3307 2547 3354 re-

1593 3387 1653 3456 bus
1678 3389 1819 3472 pessimis
1834 3415 1866 3454 ».
1889 3391 1926 3478 El
1949 3389 2007 3456 hoc
2027 3395 2088 3468 est,
2114 3389 2188 3474 quia
2209 3391 2293 3456 diem
2325 3391 2422 3458 istum
2446 3395 2547 3460 aoosi-

1592 3493 1721 3572 derant,
1746 3511 1808 3560 non
1829 3503 2025 3574 extremum3
2045 3492 2096 3560 loh
2111 3493 2260 3580 vigesimo
2276 3493 2379 3580 primo
2393 3497 2435 3562 ¹³:
2458 3523 2475 3556 «
2490 3497 2547 3562 Te-

1592 3605 1670 3668 nent
1692 3605 1877 3684 tympanum
1901 3607 1933 3666 et
1954 3599 2106 3666 citharam
2130 3607 2162 3666 et
2180 3599 2320 3684 gaudent
2344 3601 2382 3666 ad
2411 3601 2549 3670 sonitum

1592 3705 1710 3792 organi.
1736 3707 1865 3774 Ducunt
1886 3707 1917 3772 in
1941 3705 2031 3772 bonis
2048 3705 2114 3774 dies
2128 3723 2202 3772 suos
2218 3713 2248 3772 et
2264 3705 2297 3772 in
2312 3715 2430 3790 puncto
2445 3709 2484 3774 nd
2501 3707 2548 3772 in-

1592 3813 1683 3880 ferna
1703 3813 1896 3880 descendunt
1912 3839 1942 3880 a.
1967 3813 2038 3880 ldeo
2060 3811 2178 3880 ironice
2199 3811 2315 3880 dieitur
2345 3813 2548 3884 Ecclesiastae

1594 3919 1813 3988 undecimo14:
1842 3945 1860 3976 o
1874 3921 2011 4000 laetare,
2036 3919 2169 4000 iuvenis,
2192 3919 2225 3986 in
2247 3919 2454 3988 adolescentia
2478 3928 2547 4004 toa,

1593 4033 1625 4092 et
1646 4025 1679 4092 in
1701 4023 1793 4090 bonis
1814 4023 1855 4090 sit
1871 4041 1925 4090 cor
1941 4031 2031 4090 tuum
2055 4025 2086 4090 in
2111 4023 2222 4090 diebus
2237 4025 2411 4092 iuventutis
2431 4033 2502 4092 tuae
2516 4053 2547 4092 a.

1600 4131 1668 4198 «Et
1691 4131 1785 4210 scita,
1809 4129 1893 4216 quod
1917 4149 1975 4218 pro
1998 4131 2049 4198 his
2069 4129 2222 4198 omnibus·
2239 4129 2371 4198 adducet
2403 4139 2433 4198 te
2464 4133 2549 4200 Deus
2622 4203 2623 4206 ,
2682 4123 2683 4126 '

1593 4237 1624 4304 in
1647 4237 1800 4304 iudicium
1817 4263 1848 4300 n.
1874 4237 1920 4302 lix
1943 4237 2001 4304 hoa
2025 4237 2122 4324 igitur
2144 4243 2276 4322 apparet
2300 4237 2376 4304 illud
2401 4237 2485 4324 quod
2501 4237 2547 4304 di-

1592 4345 1676 4410 citur
1692 4343 1893 4410 Ecclesiastae
1910 4345 2058 4428 septimo:
2081 4369 2098 4402 c<
2110 4343 2220 4410 llelius
2235 4349 2283 4410 est
2298 4343 2345 4410 ire
2360 4345 2400 4410 ad
2417 4345 2547 4412 domurn

1592 4449 1698 4516 luctus
1722 4467 1817 4534 quam
1841 4449 1878 4516 ad
1903 4449 2031 4518 domum
2054 4449 2219 4518 convivii»
2240 4457 2300 4516 eta.

1684 4557 1736 4622 66.
1753 4555 1855 4640 (Vers.
1871 4555 1948 4642 ts).
1975 4557 2078 4624 Tertio
2102 4561 2254 4644 quantum
2280 4555 2317 4624 ad
2342 4557 2454 4644 raptae
2471 4559 2715 4640 ciui-raamias.

1595 4663 1674 4728 totis
1695 4661 1863 4728 excidium
1881 4663 2077 4746 proximam
2096 4663 2215 4730 subdit:
2234 4663 2322 4744 Quin
2338 4663 2466 4730 oevllent
2479 4663 2549 4732 dies
2561 4633 2715 4726 'illaillssfffi

1595 4769 1629 4834 ln
1654 4775 1698 4846 le,
1724 4775 1753 4834 el
1776 4767 2033 4834 circumdabunt
2048 4775 2074 4834 le
2091 4767 2222 4834 lnlrnlci
2235 4767 2287 4834 lai
2302 4767 2404 4848 valla,
2420 4787 2478 4852 per
2492 4771 2549 4838 ol]-

1595 4875 1758 4954 sidionem,
1777 4873 1949 4942 secundum
1963 4875 2040 4942 illud
2054 4873 2221 4942 Ezechielis
2233 4881 2347 4960 quarto
2361 4873 2405 4940 1⁵:
2427 4901 2443 4932 v
2456 4879 2548 4946 Sume
2639 4875 2640 4880 ’

1595 4981 1649 5048 tibi
1674 4983 1821 5058 laterem,
1847 4987 1875 5046 et
1899 4979 2057 5048 describes
2073 4981 2104 5044 in
2126 4999 2164 5044 eo
2186 4979 2344 5044 civilatem
2368 4981 2547 5050 Ierusalem.

1596 5087 1629 5152 Et
1653 5083 1811 5150 ordinabis
1835 5083 1986 5150 adversus
2009 5101 2076 5148 eom
2102 5081 2292 5148 ohsidionem
2317 5089 2349 5148 θῖ
2370 5083 2549 5154 aedificabis

1596 5189 1790 5256 munitiones
1810 5197 1843 5254 et
1872 5189 2083 5272 comportabis
2105 5205 2250 5274 aggerem
2276 5195 2304 5254 el
2330 5189 2417 5256 [labis
2441 5197 2549 5260 contra

1595 5315 1664 5364 eam
1687 5303 1790 5362 castra
1811 5313 1868 5380 per
1901 5313 2013 5380 gyrum
2048 5301 2080 5362 et
2112 5311 2211 5380 pones
2240 5295 2429 5362 munitiones
2447 5323 2462 5356 l
2489 5305 2547 5366 ete.

1594 5665 1687 5726 minet,
1708 5665 1731 5716 el
1749 5667 1792 5730 ln,
1811 5661 1953 5716 subaudis:
1973 5663 2090 5716 lievisses
2112 5661 2155 5730 (ex
2178 5663 2265 5726 Beda,
2283 5663 2330 5730 qui
2348 5663 2466 5730 sequitur
2485 5665 2545 5716 Gre-

1594 5767 1660 5820 gor,
1677 5753 1704 5806 ll.
1723 5751 1816 5806 llomil.
1836 5753 1862 5806 in
1889 5755 1988 5820 Evang.
2019 5751 2107 5806 ltomil.
2134 5751 2175 5804 39.
2205 5767 2229 5804 n.
2249 5749 2293 5818 1.).
2313 5749 2365 5806 Cr.
2386 5765 2465 5816 supro
2484 5765 2549 5818 pag.

1566 5915 1568 5920 Ι
1595 5839 1661 5908 did,
1679 5847 1740 5894 nola
1762 5845 1786 5894 2.

1664 5927 1673 5960 l
1693 5931 1793 5996 Nenrpe
1811 5929 1994 5986 interlinearis
2015 5931 2055 5996 (ev
2069 5931 2176 5996 Gregor.
2192 5937 2217 5984 et
2228 5931 2314 5992 Beda;
2335 5931 2380 5982 alr.
2400 5933 2460 5980 riola
2473 5943 2546 5992 prae·

1594 6019 1710 6088 cedens).
1727 6021 1788 6072 Post
1806 6017 1882 6082 Quae
1900 6019 1977 6072 inodo
2004 6019 2061 6072 Vol.
2081 6033 2131 6070 noir
2152 6031 2213 6070 cunr
2231 6019 2332 6084 Glossa,
2345 6019 2394 6070 sed
2408 6031 2469 6070 curm
2489 6017 2550 6070 Gre-

1595 6123 1651 6172 gor.
1669 6115 1695 6160 et
1714 6107 1783 6162 Beda
1802 6109 1875 6160 addit
1895 6105 1959 6176 prtia
1976 6105 2062 6160 nescis
2082 6105 2154 6176 qaod
2171 6105 2300 6162 iruntinct.

1664 6193 1674 6226 ⁸
1694 6189 1795 6250 Scilicet
1813 6195 1995 6250 interlinearis
2016 6183 2073 6262 (cir.
2091 6203 2153 6250 uota
2171 6195 2247 6264 seq).
2264 6199 2319 6250 Vol.
2334 6195 2430 6248 omittit
2444 6193 2550 6250 Glosso.

1664 6283 1674 6314 ⁹
1703 6287 1802 6352 Nempe
1838 6283 1980 6340 ordinario
2015 6285 2053 6352 (ex
2087 6287 2173 6352 Beda,
2206 6285 2251 6352 qui
2282 6283 2400 6350 sequitur
2431 6285 2550 6350 Gregor,

1594 6375 1645 6428 loe.
1661 6373 1725 6440 cil).
2199 6391 2200 6394 ¹

1643 6461 1687 6492 '¹⁰
1708 6463 1782 6514 Vere.
1802 6463 1848 6528 16;
1868 6461 1963 6514 deinde
1981 6463 2028 6526 20,
2049 6463 2091 6514 11.
2110 6469 2136 6516 el
2154 6459 2199 6514 lob
2219 6463 2250 6526 3,
2272 6463 2323 6512 l·3.

1664 6549 1686 6580 ¹¹
1707 6551 1800 6602 Psalm.
1820 6549 1869 6612 72,
1889 6551 1917 6614 3,
1936 6557 1997 6612 nost
2016 6565 2095 6616 quern
2113 6551 2206 6602 Ezeoh.
2226 6549 2275 6610 l3,
2295 6549 2338 6600 ld.

1664 6637 1687 6670 ¹2
1709 6641 1782 6692 Vere.
1800 6639 1845 6690 2-1.
1862 6653 1918 6704 seq.
1932 6637 2001 6694 (Vol.
2015 6639 2108 6702 allegat
2128 6637 2175 6698 23,
2197 6637 2226 6688 d:
2246 6637 2377 6690 blemento
2396 6639 2553 6692 novissimo·

1593 6739 1653 6778 vum
1670 6731 1698 6778 et
1715 6727 1806 6778 desine
1826 6723 1970 6790 inimicari).
1988 6753 2025 6766 -·
2042 6725 2165 6790 Sequitur
2184 6725 2263 6776 Prcv.
2280 6727 2310 6788 2,
2331 6727 2340 6776 1
2348 6725 2373 6780 1.

1665 6813 1689 6844 1³
1710 6815 1782 6868 Vers.
1805 6817 1846 6866 12.
1865 6819 1891 6864 et
1910 6811 1953 6862 13.

1664 6901 1782 6954 1411θθε.
1803 6903 1830 6954 9.
1849 6907 1875 6952 et
1894 6895 1987 6952 deinde
2008 6901 2037 6962 7,
2059 6901 2087 6950 3..

1665 6987 1689 7018 1⁵
1709 6989 1784 7042 Vers.
1808 6991 1829 7040 1.
1848 6987 1916 7042 612·
