5900 8266
484 603 503 668 6
1087 671 1088 674 ,
1218 601 1443 670 PROOEMIUM
1466 607 1723 676 commearunt

482 777 531 844 ad
550 799 604 844 eos
626 779 756 858 ommia,
780 797 864 868 quac
895 797 1091 866 praecepero
1114 779 1153 844 ei.
1181 781 1235 846 Hic
1268 781 1329 846 fuit
1349 779 1441 846 Cini-

482 895 566 964 stuS,
590 885 740 954 Dominus
757 885 898 952 omnium
913 887 1159 970 Prophetarum,
1185 887 1238 974 qui
1264 887 1338 954 dicit
1358 887 1443 954 loan-

482 991 533 1060 nis
552 993 674 1062 decimo
707 991 834 1078 quinto:
859 991 996 1072 Omnia,
1022 1011 1248 1084 quaecumque
1277 991 1443 1060 adelicia

482 1099 588 1166 Putre
608 1117 696 1176 urceo,
719 1105 798 1164 uota
821 1095 887 1184 [eci
907 1097 1008 1164 uobis.
1029 1097 1071 1162 'Et
1091 1099 1131 1166 ad
1148 1099 1209 1166 boc
1231 1099 1347 1168 missus
1380 1107 1440 1180 est;

482 1207 567 1272 unde
590 1205 706 1272 dieitur
728 1207 843 1270 Lucae¹
860 1213 992 1290 quarto:
1019 1207 1104 1272 Aliis
1129 1205 1319 1272 ciuitatibus
1349 1225 1443 1292 opor-

483 1315 527 1376 tet
545 1327 597 1376 me
618 1307 849 1396 erumpettzarc
878 1327 1019 1394 reguum
1044 1309 1121 1388 Dei,
1153 1309 1235 1398 quia
1260 1309 1331 1378 ideo
1361 1309 1442 1378 mis-

481 1435 541 1482 sus
563 1435 651 1482 sum.

572 1525 623 1588 20.
650 1521 786 1588 insinuat
809 1521 902 1588 etiam
917 1539 953 1590 se
974 1529 1206 1610 reparatorem
1227 1525 1261 1590 in
1281 1525 1341 1592 boc
1356 1525 1443 1610 quod

320 1647 420 1712 ¹reatu.
436 1645 465 1692 aa
482 1627 604 1696 subdit:
636 1627 672 1696 [lt
704 1629 849 1696 mederer
873 1629 1029 1696 contritos
1049 1631 1155 1696 corde.
1182 1631 1248 1714 lpse
1271 1631 1354 1696 enim
1379 1635 1442 1708 est,

317 1711 465 1800 iiii.'⁰⁹³'³'
481 1735 522 1804 de
542 1753 606 1820 quo
637 1733 753 1800 dicitur
776 1737 909 1802 ictuum
941 1737 1060 1804 ‹lectmo
1075 1741 1101 1800 ¹:
1136 1735 1360 1802 Pertrausrbt'l
1392 1733 1443 1798 be-

481 1839 674 1928 nefaciendo
709 1849 735 1906 ct
769 1843 921 1910 sanando
957 1861 1069 1910 ovuucs
1101 1859 1275 1926 oppressos
1310 1861 1332 1906 a
1367 1841 1443 1906 dia-

482 1945 577 2026 bola,·
599 1947 682 2014 unde
706 1947 744 2016 de
774 1947 842 2034 ipso
864 1949 979 2016 dicitur
1013 1949 1042 2014 iu
1073 1945 1212 2012 Psalmo:
1247 1945 1314 2026 Qui
1340 1951 1442 2014 sucat

481 2051 640 2118 contritas
668 2053 767 2118 corde
788 2059 846 2120 etc.
881 2053 942 2118 Hoc
964 2059 1072 2118 aarum
1100 2047 1173 2116 sealt
1201 2067 1258 2134 per
1288 2047 1443 2134 passionis

480 2157 685 2236 remedium:
706 2159 799 2226 Isaiae
825 2157 1083 2244 quiuquagesimo
1119 2155 1229 2224 tertio:
1262 2157 1338 2224 Vere
1374 2155 1442 2222 lam-

478 2285 602 2350 puores
633 2275 765 2332 nostros
795 2265 871 2350 ipse
897 2265 972 2332 tulit
1003 2273 1030 2332 et
1061 2263 1189 2330 dolores
1217 2271 1348 2330 nostros
1373 2263 1442 2348 ipsc

476 2369 644 2454 portariu-
665 2371 734 2456 ipse
751 2377 860 2436 autern
885 2369 1081 2436 uulneratus
1095 2377 1143 2434 est
1161 2375 1300 2452 propter
1323 2367 1443 2456 iniqui·

481 2483 564 2542 tates
586 2485 738 2554 uestrae,
764 2477 900 2542 attritus
923 2483 969 2542 est
989 2481 1126 2560 propter
1154 2473 1278 2542 scelera
1307 2481 1440 2554 uestra,

480 2581 660 2666 disciplina
680 2581 777 2666 pacis
799 2587 935 2646 rioscrce
956 2599 1059 2666 super
1082 2599 1155 2646 cum
1181 2587 1239 2646 etc.

572 2689 623 2754 21.
648 2687 785 2754 insinuat
809 2685 901 2752 etiam
917 2693 1032 2770 quarto
1056 2703 1089 2754 se
1109 2683 1386 2772 triumphatorem
1408 2687 1441 2754 in

327 2813 419 2876 puerit,
436 2813 463 2856 ue
480 2793 540 2860 hoc
570 2793 654 2878 quod
680 2791 768 2858 dicit:
798 2793 838 2858 Ut
848 2791 1084 2878 praedicarem
1108 2793 1250 2878 captiuis
1272 2793 1443 2878 indulgeu-

327 2869 464 2974 iitiuiiim'
482 2899 566 2964 tiam
593 2907 623 2962 et
653 2897 777 2964 claalsis
809 2897 1029 2984 apertionem·
1054 2905 1085 2966 et
1119 2899 1179 2964 hoc
1209 2899 1337 2984 quidem
1370 2899 1442 2968 iecit

479 3005 515 3070 in
547 3021 624 3070 suae
657 3005 898 3072 resurrectionis
935 3005 1116 3090 triumpho,
1150 3007 1324 3072 secundum
1357 3007 1441 3092 quod

479 3109 595 3178 dicitur
618 3109 657 3178 ad
680 3111 876 3178 colossenses
899 3111 1062 3178 secundo²
1084 3109 1124 3178 de
1145 3109 1289 3178 Christo:
1320 3113 1443 3198 Empe

480 3215 569 3282 liaas
587 3217 803 3304 primiparas
831 3225 860 3284 ct
879 3225 1071 3304 potestates,
1100 3217 1256 3284 trad-uuit
1282 3217 1443 3304 confide-u·

479 3329 539 3400 ter,
555 3323 670 3408 palam
690 3319 900 3408 triumplluus
916 3323 990 3388 illos
1013 3325 1050 3390 iu
1065 3325 1253 3410 smuctipso;
1268 3331 1299 3392 et
1315 3325 1441 3406 deinde,

479 3427 561 3496 sicat
584 3429 614 3494 in
641 3429 761 3495 Psalmo
782 3427 915 3508 dicitur,
934 3431 1112 3496 ascendens
1134 3429 1170 3496 iu
1194 3429 1316 3510 ultum,
1340 3431 1442 3516 cupti-

479 3553 558 3602 uam
591 3535 690 3600 (iuuit
722 3535 971 3622 captiuitatem,
1001 3535 1087 3602 dedit
1117 3537 1205 3604 dorca
1241 3535 1439 3604 bominibus

479 3677 525 3688 --
547 3639 701 3724 Quoniam
734 3639 831 3726 igitur
863 3639 923 3706 sub
958 3641 1017 3706 hae
1040 3641 1239 3726 quadruplici
1264 3641 1440 3712 conditione
1481 3637 1482 3642 ’

479 3751 528 3814 est
550 3745 697 3814 Christus
725 3745 879 3812 Dominus
907 3745 1066 3814 obiectum
1096 3745 1167 3814 tidei
1200 3751 1232 3814 et
1262 3745 1438 3814 subiectum

478 3853 653 3940 Evangelii,
679 3859 763 3920 recte
778 3853 812 3918 in
832 3853 929 3920 verbo
951 3853 1113 3938 proposito
1136 3871 1229 3920 causa
1253 3853 1440 3922 materialis

479 3959 544 4028 sive
570 3959 746 4026 subiectum
769 3959 960 4044 designatur.

571 4067 623 4134 ib.
647 4067 706 4134 Sed
728 4067 879 4152 quoniam
908 4093 924 4126 «
941 4065 1086 4134 scientiae
1103 4073 1251 4134 secantur
1266 4065 1300 4132 in
1316 4083 1368 4134 res
1380 4067 1392 4108 ⁸
1405 4093 1438 4150 v,

479 4181 512 4242 et
532 4173 672 4240 inductio
696 4171 828 4260 formae
850 4181 897 4240 est
921 4173 1093 4242 sectandum
1116 4173 1347 4260 dispositionem
1374 4193 1439 4240 ma-

479 4279 593 4358 teriam
620 4297 693 4348 cum
715 4279 893 4348 subiectum
925 4281 1080 4366 Evangelii
1105 4281 1144 4348 sit
1169 4279 1229 4348 hoc
1252 4297 1353 4348 unum
1378 4283 1438 4348 sub

479 4385 679 4472 quadruplici
712 4387 888 4454 conditione
923 4392 954 4456 et
975 4377 1175 4454 intentione:
1209 4393 1258 4454 est
1292 4405 1437 4468 necesse,

477 4509 579 4558 uuum
601 4493 717 4560 librum
734 4491 773 4558 ad
791 4511 888 4558 uuam
902 4496 1025 4559 tautum
1037 4489 1271 4578 principaliter
1287 4491 1437 4576 aspicere,

478 4597 519 4666 ad
549 4599 627 4666 alias
655 4617 699 4666 eu
728 4597 952 4684 consequenti,
984 4603 1078 4666 totam
1116 4615 1192 4666 uero
1226 4597 1437 4684 evangelicam

479 4705 673 4790 Scriptorum
697 4705 735 4772 de
760 4705 810 4772 his
831 4709 969 4788 quatuor
995 4705 1207 4792 principaliter
1240 4723 1341 4790 agere.
1368 4703 1437 4774 ideo

478 4827 605 4878 necesse
629 4819 692 4892 est,
714 4817 853 4896 quatuor
878 4829 945 4878 esse
969 4811 1151 4898 Evangelia,
1169 4817 1200 4878 et
1223 4809 1385 4896 quodlibet
1400 4807 1438 4876 il-

479 4918 594 4985 lorum
607 4917 883 5006 quadripartitam.

551 5441 561 5474 ¹
581 5443 653 5498 Vers.
674 5445 715 5498 38.
734 5471 768 5482 -
787 5443 845 5498 Duo
860 5493 862 5496 .
875 5457 947 5512 seqq.
973 5443 1021 5496 loci
1043 5449 1104 5496 sunt
1121 5445 1162 5496 Ps.
1184 5443 1249 5508 tto,
1268 5445 1296 5496 3.
1322 5449 1349 5496 et
1376 5443 1434 5500 lsai.

480 5533 527 5602 53,
549 5533 573 5586 1.
590 5549 654 5602 seq,
674 5535 699 5588 in
718 5549 771 5602 quo
792 5549 839 5602 pro
860 5537 885 5590 ct
902 5533 1008 5590 dolores
1026 5535 1136 5588 uestros
1155 5533 1206 5588 AC
1218 5533 1298 5586 DFG
1316 5533 1341 5588 ct
1361 5531 1437 5602 iufir-

479 5623 583 5678 mitalcs
602 5627 721 5680 uestras.

552 5709 563 5740 ²
581 5713 655 5764 Vers.
667 5711 753 5765 l5.—
764 5711 881 5764 Subinde
893 5713 1018 5778 allegatur
1031 5713 1073 5764 Ps.
1088 5713 1131 5774 67,
1146 5711 1188 5764 19.
1203 5711 1260 5778 (cir.
1271 5713 1335 5776 pr.
1352 5711 1380 5774 1,
1392 5711 1437 5782 8.).

551 5795 562 5828 ³
579 5797 694 5866 Aristeu,
711 5799 749 5852 lli.
767 5797 803 5850 de
819 5799 923 5866 Anima,
941 5805 1001 5852 text.
1020 5799 1063 5850 38.
1085 5797 1119 5866 (c.
1132 5797 1179 5866 8.).
1196 5797 1250 5852 Cir.
1262 5803 1325 5852 tom.
1346 5801 1363 5852 Ι.
1376 5809 1438 5864 pag.

481 5887 510 5952 6,
530 5887 634 5940 notat.
645 5915 683 5928 -
694 5887 794 5942 Codb
812 5887 855 5938 hie
868 5887 955 5940 addit:
975 5887 1084 5942 scientur
1098 5883 1170 5942 cuim
1182 5889 1223 5942 est
1240 5885 1270 5938 ele
1289 5883 1382 5942 scibili.
1404 5885 1439 5940 tn·

480 5977 561 6030 serius
572 5983 633 6042 post
644 5973 787 6046 Ecaupclii
804 5975 837 6030 sit
859 5977 915 6030 Vat.
935 5989 996 6028 eruin
1015 5977 1083 6028 ed.l
1104 5977 1287 6044 prosequitur:
1301 5975 1347 6030 illc
1359 5989 1438 6052 uuus,

479 6065 603 6122 uidelicet
621 6065 756 6132 dlirtstus,
775 6063 825 6120 sub
845 6063 1021 6136 quadruplici
1038 6069 1127 6120 tamea
1145 6065 1296 6120 coercitione
1313 6067 1341 6120 et
1358 6065 1440 6122 lutcu-

481 6151 756 6220 accumularemus,
775 6151 975 6222 consideratus,
995 6157 1035 6208 cst
1052 6167 1164 6220 uacasse,
1181 6169 1270 6208 uuum
1291 6151 1390 6208 librum
1403 6155 1440 6208 ad

480 6257 567 6298 uuam
584 6245 691 6298 tautum
709 6241 823 6298 illarum
843 6241 1026 6298 conditionum
1045 6257 1092 6298 scu
1112 6241 1290 6298 intentiouum
1304 6239 1440 6312 prmcipra·

482 6331 542 6386 tller
561 6331 707 6400 aspicere...
727 6331 758 6386 dc
776 6331 818 6388 bis
836 6335 956 6400 quatuor
975 6331 1133 6386 suucmatim
1151 6341 1241 6400 apere.

554 6415 565 6448 ⁴
582 6419 630 6472 Ed.
650 6419 660 6468 1
686 6423 709 6472 el
730 6421 803 6472 Vct:
820 6417 892 6474 Licet
909 6421 1001 6472 autam
1019 6417 1070 6472 leus
1088 6431 1182 6472 amares
1200 6415 1366 6472 conditiones
1384 6419 1441 6472 eui·

481 6511 528 6576 put
548 6505 583 6562 ad
593 6505 639 6562 sui
647 6507 840 6576 patrationem
854 6507 968 6562 butoria
980 6505 1150 6576 cuurcpclr'ca,
1166 6509 1251 6562 Leucas
1263 6511 1355 6562 damea
1366 6505 1441 6574 priu-

482 6595 603 6664 cipaiilcr
622 6593 738 6664 respira.
757 6597 872 6650 Eaedem
890 6597 951 6650 edu.
971 6597 1078 6650 interius
1097 6595 1257 6650 substituunt
1275 6595 1441 6664 scedularum

482 6697 531 6748 pro
553 6681 769 6752 scripturarum.

557 6771 649 6838 ⁶cep.
672 6775 700 6836 1,
719 6773 746 6826 5.
763 6787 838 6840 seqq.
859 6775 978 6838 Gregor,
998 6775 1014 6826 1.
1034 6775 1128 6826 Hamil.
1148 6775 1175 6826 in
1199 6773 1397 6826 Ezecluhomil.
1418 6775 1441 6826 t.

484 6877 509 6916 n.
529 6861 539 6914 1
554 6879 561 6914 2
579 6863 637 6928 lpse
655 6861 725 6916 enim
746 6861 894 6926 unigenitus
908 6861 955 6914 Dei
965 6861 1047 6914 Filius
1058 6861 1186 6916 veraciter
1199 6864 1284 6916 iactus
1295 6867 1335 6914 est
1348 6861 1442 6930 bama·

390 6967 393 6972 ·
482 6949 540 7016 ipse
560 6951 584 7002 iu
605 6949 731 7004 sacrificio
749 6955 854 7004 nostrae
872 6949 1062 7016 redemptionis
1080 6949 1204 7018 dignatus
1224 6955 1262 7002 est
1281 6949 1349 7000 mori
1367 6955 1396 7002 ut
1409 6949 1443 7004 ui·

1593 785 1647 850 23.
1660 783 1708 850 Ex
1719 803 1782 868 quo
1795 787 1962 870 colligitur,
1975 787 2061 872 quod
2073 787 2151 854 liber
2164 787 2221 854 iste
2238 787 2328 854 debet
2345 787 2462 854 habere
2482 807 2621 872 meatuum

1505 899 1535 958 et
1559 891 1652 958 habet
1675 899 1813 976 quatuor
1836 897 1950 976 partes
1976 893 2009 958 in
2031 893 2134 976 prima
2153 893 2216 978 agit
2240 893 2277 958 de
2303 891 2462 958 iucarua-
2499 873 2599 916 mm

1506 997 1603 1066 licitis
1638 997 1793 1084 mpucrto
1826 997 1996 1084 usquead
2029 1003 2182 1082 quartum
2215 997 2405 1080 capitulum
2431 997 2460 1063 in

1503 1103 1657 1182 meantia,
1683 1105 1720 1170 de
1742 1103 2005 1190 praedicationis
2027 1103 2219 1188 mapisterio
2237 1119 2337 1186 usque
2363 1103 2399 1168 ad
2417 1103 2459 1168 vi·

1505 1211 1657 1294 gesimam
1680 1209 1871 1290 secuudum3
1895 1209 1928 1276 in
1958 1207 2070 1288 tertia,
2092 1207 2132 1276 de
2164 1207 2332 1292 passionis
2362 1207 2462 1274 medi·

1505 1321 1669 1392 cumrato,
1695 1333 1796 1400 usque
1820 1315 1859 1380 ad
1882 1315 2067 1400 vigesimum
2090 1319 2259 1398 quartum;
2284 1311 2315 1378 in
2331 1319 2459 1396 quarta,

1505 1417 1544 1486 de
1575 1419 1828 1486 resurrrectionis
1858 1429 2010 1504 tropaeo,
2042 1435 2144 1504 usque
2176 1417 2204 1484 iu
2238 1417 2330 1484 finem
2366 1417 2461 1484 totius

1505 1525 1586 1590 iibri.
1612 1529 1653 1572 -ὲ
1678 1525 1761 1590 Licet
1782 1531 1887 1592 autem
1910 1543 2019 1590 omnes
2044 1525 2099 1590 iras
2117 1523 2308 1590 conditiones
2321 1519 2460 1588 intendat
2481 1539 2611 1584 secunaum.

1505 1629 1542 1696 ad
1560 1627 1780 1714 perfectionem
1797 1627 1959 1708 historiae,
1975 1627 2191 1714 principaliter
2206 1635 2311 1696 umen
2325 1627 2461 1714 aspicit²

1505 1735 1542 1800 ud
1577 1733 1702 1800 Claristi
1730 1735 1953 1800 sacerdotium
1982 1741 2013 1800 et
2040 1735 2209 1820 passionis
2245 1735 2461 1804 medicamen-

1506 1849 1595 1918 tums
1619 1849 1648 1908 et
1672 1843 1731 1908 hoc
1763 1839 1882 1908 medico
1915 1841 2097 1908 debebatur.
2125 1879 2174 1890 —-
2189 1843 2352 1926 Colligitur
2384 1861 2461 1930 ergo
2481 1855 2589 1912 sinaeus.

1505 1963 1546 2014 ex
1570 1947 1665 2014 verbo
1690 1945 1867 2032 proposito,
1890 1947 2065 2014 secundum
2087 1947 2174 2032 quod
2200 1945 2345 2014 convenit
2372 1947 2460 2014 Chri-

1505 2059 1571 2132 sto,
1594 2069 1689 2118 causa
1710 2051 1897 2118 materialis
1922 2051 1988 2118 sive
2010 2051 2206 2130 subiectum,
2232 2057 2262 2118 et
2285 2049 2458 2140 formalis,

1505 2177 1584 2246 quae
1609 2166 1654 2225 est
1678 2159 1831 2226 ordinatio
1854 2159 1993 2242 partium
2015 2165 2048 2224 et
2070 2157 2279 2242 capitulorum
2304 2157 2460 2244 elegendi

1504 2267 1617 2332 modus
1638 2265 1668 2332 in
1694 2263 1912 2350 prosecutione
1937 2265 2182 2350 scripturarum.

1592 2375 1644 2440 ut.
1672 2373 1750 2440 llaec
1770 2379 1878 2440 antem
1899 2371 1962 2440 duo
1995 2371 2111 2456 optime
2144 2373 2358 2458 praefigurata
2384 2379 2460 2440 sunt
2480 2385 2595 2482 uqqusque

1505 2479 1535 2546 in
1560 2479 1613 2546 illo
1642 2479 1784 2558 animali,
1810 2479 1892 2564 quod
1926 2479 2001 2544 vidit
2024 2479 2166 2546 Ezechiel
2178 2479 2256 2558 ⁵,·et
2279 2479 2365 2566 quod
2384 2479 2460 2548 dicit
2516 2451 2575 2494 '⁰¹³'

1505 2605 1572 2654 esse
1605 2585 1890 2672 quadripartitum,
1928 2591 1956 2652 et
1992 2603 2107 2652 rursus
2140 2585 2302 2670 quodlibet
2332 2587 2459 2650 illorum

1505 2697 1641 2778 quatuor
1655 2691 1822 2770 facierum,
1838 2691 1935 2758 unius
1950 2698 2053 2758 tamen
2069 2691 2293 2776 principaliter.
2318 2691 2459 2776 Quaeram

1504 2799 1608 2884 prima
1630 2797 1740 2866 similis
1767 2803 1836 2866 erat
1864 2797 2007 2878 domiui,
2040 2817 2095 2884 per
2126 2817 2221 2884 quam
2255 2797 2460 2884 intelligimus

1505 2903 1620 2970 Christi
1643 2911 1809 2982 naturam;
1832 2905 1893 2969 alia
1926 2905 2026 2980 leoni,
2052 2923 2109 2990 per
2138 2923 2234 2990 quam
2256 2905 2460 2988 intelligimus

1505 3009 1683 3092 victoriam;
1698 3011 1759 3076 alia
1774 3009 1864 3088 boui,
1880 3027 1938 3094 per
1952 3029 2050 3096 quam
2066 3011 2268 3096 intelligimus
2286 3009 2459 3090 victimam

1505 3117 1565 3184 alia
1587 3117 1737 3206 aquilae,
1760 3137 1818 3204 per
1841 3135 1937 3204 quam
1958 3117 2163 3202 intelligimus
2179 3115 2362 3184 doctrinam.
2379 3117 2460 3184 Haeo
2480 3125 2609 3172 stanuum.

1504 3230 1610 3290 aunem
1633 3223 1777 3290 animalia
1802 3223 1973 3292 secundum
1997 3211 2106 3292 omnes
2127 3223 2280 3290 Sanctos⁶
2297 3223 2460 3308 designant

1504 3337 1641 3414 quatuor
1664 3331 1847 3416 Evangelia,
1871 3331 1915 3394 ila
1944 3331 2028 3416 quod
2063 3331 2238 3418 figuraliter
2273 3331 2459 3416 exprimunt

1504 3453 1621 3502 eorum·
1638 3437 1802 3514 materiam
1826 3441 1858 3502 et
1880 3435 2031 3502 sormam:
2056 3439 2129 3522 quia
2152 3457 2257 3502 ‘aarum
2282 3437 2396 3502 animal
2414 3445 2459 3504 est

1504 3539 1735 3626 quadriforme,
1760 3561 1817 3626 pro
1839 3561 1877 3610 eo
1900 3543 1986 3628 quod
2007 3541 2047 3610 de
2069 3561 2133 3608 uino
2149 3543 2273 3610 Christo
2297 3543 2358 3610 sub
2380 3561 2459 3628 qua-

1503 3645 1635 3730 druplici
1661 3647 1836 3714 conditione
1861 3655 1934 3714 sunt
1949 3653 2086 3732 quatuor
2103 3647 2280 3732 Evangelia,
2298 3653 2327 3714 et
2345 3665 2459 3714 rursus

1503 3751 1665 3840 quodlibet
1681 3755 1806 3820 illorum
1822 3761 1959 3838 quatuor
1977 3755 2139 3834 facierum,
2154 3753 2229 3840 quia
2240 3753 2400 3838 quodlibet
2413 3761 2459 3822 est

1502 3859 1777 3942 quadripartitum.
1803 3861 1838 3926 Et
1862 3859 1996 3940 iterum,
2020 3877 2138 3938 sautum,
2165 3859 2281 3926 scilicet
2303 3859 2457 3944 primam,

1502 3963 1609 4030 simile
1631 3961 1775 4046 loruiui,
1801 3967 1872 4032 iicet
1894 3967 2007 4032 habeat
2022 3973 2161 4052 quatuor
2176 3965 2287 4046 facies,
2303 3967 2377 4050 quia
2393 3967 2458 4052 pri-

1502 4087 1590 4150 mus,
1626 4069 1744 4138 seilicet
1777 4071 1969 4150 Matthaeus,
2005 4071 2219 4156 principaliter
2252 4071 2458 4156 prosequitur

1503 4175 1747 4242 iucarnationis
1769 4177 1976 4264 mysterium.
2000 4177 2195 4254 Secundum,
2225 4175 2331 4242 simile
2356 4177 2457 4256 leoni,

1502 4281 1575 4366 quia
1599 4281 1737 4348 seeundo
1769 4281 1927 4360 scribam,
1949 4281 2067 4348 scilicet
2092 4285 2229 4362 Marcum,
2252 4281 2457 4366 prosequitur

1502 4387 1755 4454 resurrectiouis
1779 4395 1973 4472 tropaeum,
1997 4393 2028 4454 et
2051 4405 2094 4456 ex
2117 4387 2223 4456 eadem
2245 4394 2353 4474 parte,
2383 4387 2459 4474 quia

1480 4523 1481 4528 ¹
1500 4493 1676 4578 plurimum
1697 4495 1888 4562 concordant
1901 4495 1924 4560 ⁷.
1955 4495 2115 4576 Tertium,
2138 4495 2245 4562 simile
2270 4495 2360 4574 boui,
2384 4493 2460 4580 quia

1500 4601 1593 4668 tertio
1616 4601 1773 4678 scribens,
1799 4599 1916 4666 scilicet
1937 4601 2054 4680 LucaS,
2077 4601 2283 4684 prosequitur
2305 4599 2460 4666 sacerao-

1502 4705 1585 4772 tium
1609 4711 1638 4772 el
1659 4705 1828 4790 passionis
1853 4705 2045 4770 rculcdium.
2069 4705 2226 4788 Quartum
2243 4723 2337 4782 vero,
2354 4703 2459 4770 simil,
2490 4741 2492 4744 ·

1501 4809 1652 4900 aquilae,
1678 4829 1757 4894 quae
1794 4809 1887 4876 babet
1919 4813 2025 4876 oculos
2048 4811 2210 4894 limpidas,
2239 4811 2313 4894 quia
2345 4817 2461 4896 quarto

1502 4917 1662 4994 scribens,
1686 4915 1804 4984 scilicet
1839 4914 1986 4996 loannes,
2008 4915 2213 5002 prosequitur
2246 4915 2461 5002 euangelicum

1501 5441 1593 5506 tulum
1615 5441 1736 5504 ipseper
1754 5439 1878 5492 virtutem
1899 5453 1963 5492 suae
1976 5439 2134 5492 tortitudinis
2150 5437 2258 5492 suurexit
2278 5445 2305 5490 ut
2324 5437 2391 5492 lca...
2406 5437 2463 5504 lpse

1481 5599 1484 5604 „
1501 5529 1579 5584 etiam
1599 5533 1660 5596 post
1677 5527 1893 5582 resurrectionem
1914 5541 1988 5582 suam
2014 5529 2160 5584 ascendens
2177 5527 2212 5580 ad
2231 5529 2319 5580 caelos
2339 5527 2366 5580 in
2385 5541 2464 5592 supe·

1501 5617 1616 5672 rioribus
1634 5623 1674 5670 est
1690 5617 1806 5670 elevatus
1826 5623 1854 5668 ut
1871 5615 1967 5684 aquila
1986 5623 2036 5668 etc.

1572 5703 1584 5736 ⁶
1604 5707 1655 5762 Cir.
1673 5705 1806 5776 umbros,
1818 5705 1854 5758 de
1871 5707 2040 5770 virginitate,
2059 5719 2082 5758 c.
2107 5707 2146 5758 18.
2165 5721 2188 5758 n.
2214 5705 2270 5758 lla.
2290 5717 2345 5770 seq.
2363 5709 2389 5758 et
2402 5707 2464 5758 Pro·

1502 5797 1554 5862 tog.
1567 5793 1676 5860 exposit.
1689 5795 1790 5858 Evang.
1802 5793 1947 5846 secumdum
1968 5795 2030 5846 Luc.
2049 5807 2073 5844 n.
2088 5793 2112 5846 7.
2132 5807 2185 5860 seq.
2194 5811 2201 5854 3
2216 5793 2334 5860 Hieron,
2355 5793 2371 5846 Ι.
2390 5791 2463 5848 Com·

1502 5889 1584 5936 nuent.
1604 5885 1629 5936 in
1649 5885 1741 5936 Erech.
1761 5883 1789 5950 i,
1807 5881 1839 5944 7;
1858 5881 1982 5948 August,
2000 5883 2028 5934 in
2046 5883 2115 5934 ioan.
2141 5883 2238 5948 Evang.
2259 5889 2290 5934 tr.
2316 5883 2358 5934 36.
2382 5897 2409 5936 n.
2428 5885 2460 5950 ὃς

1503 5973 1662 6040 Gregor.,1.
1682 5971 1819 6026 Humilia
1840 5973 1930 6024 Euecb.
1951 5973 2041 6024 homil.
2059 5973 2085 6022 2.
2105 5987 2128 6022 n.
2151 5971 2190 6024 15.
2211 5977 2235 6024 et
2255 5973 2288 6024 18
2296 5989 2302 6038 ;
2322 5971 2412 6028 homil.
2433 5973 2460 6028 1.

1504 6079 1531 6114 u.
1552 6061 1574 6114 1.
1594 6089 1629 6100 -
1649 6061 1775 6126 Superius
1793 6061 1853 6112 voci
1871 6059 2013 6116 uictoriam
2041 6061 2062 6112 H
2089 6059 2209 6126 praefigit
2228 6059 2336 6116 (lllrisli.
2356 6061 2464 6114 interius

1505 6165 1554 6216 pro
1573 6149 1612 6204 ita
1630 6149 1702 6220 quod
1721 6151 1779 6202 Vct·
1796 6163 1857 6202 cnm
1874 6149 1918 6202 ed.
1937 6151 1947 6202 1
1973 6147 2049 6218 prtia,
2063 6157 2090 6202 et
2102 6165 2151 6214 pro
2169 6149 2232 6218 quia
2249 6163 2339 6204 esuum
2358 6149 2466 6204 aruimal

1505 6241 1548 6292 est
1564 6237 1763 6308 quadriforme,
1781 6251 1834 6306 pro
1847 6251 1875 6292 co
1895 6237 1968 6308 quod
1980 6237 2112 6292 substituit
2129 6241 2203 6296 Nam
2216 6237 2285 6294 sicul
2302 6253 2391 6292 uuum
2409 6237 2466 6292 aui·

1506 6325 1564 6382 mul
1583 6329 1623 6380 cst
1639 6321 1839 6396 quadriforme,
1858 6325 1905 6380 ita.

1576 6409 1587 6442 ²
1607 6415 1676 6466 Haec
1693 6413 1853 6480 explicantur
1869 6429 1884 6466 a
1903 6415 2045 6480 Gregorio,
2063 6415 2159 6466 Hamil.
2171 6415 2198 6466 in
2212 6415 2302 6466 Eueelu
2320 6413 2379 6466 libr.
2392 6415 2409 6466 l.
2422 6415 2468 6466 bo·

1507 6505 1562 6558 mil.
1582 6503 1608 6556 1.
1628 6517 1656 6554 n.
1674 6505 1708 6556 32
1728 6503 1812 6556 Homo
1832 6503 1914 6568 igitur
1930 6509 1957 6556 et
1976 6501 2015 6556 leo
2034 6519 2047 6556 a
2067 6503 2178 6566 deutris,
2196 6501 2297 6558 uitulus
2315 6515 2381 6556 vero
2400 6517 2414 6556 a
2431 6503 2467 6554 si·

1507 6593 1596 6646 nistris
1613 6605 1672 6644 csse
1689 6589 1851 6656 perhibetur.
1869 6591 1892 6644 Α
1911 6593 2008 6646 dextris
2033 6593 2102 6646 euim
2126 6593 2208 6658 laeta,
2232 6605 2247 6644 a
2273 6591 2384 6646 sinistris
2402 6605 2466 6646 vcro

1509 6679 1591 6734 tristia
1611 6679 1765 6734 babemus...
1787 6681 1852 6748 Quia
1869 6695 1933 6748 ergo
1953 6687 1979 6734 et
1995 6681 2117 6734 nativitas
2129 6679 2323 6734 etresurrectio
2343 6679 2467 6734 laetitiam

1508 6769 1644 6834 discipulis
1664 6769 1799 6834 praebuit,
1817 6783 1886 6836 quos
1905 6769 1962 6822 elus
1980 6769 2067 6834 passio
2088 6769 2248 6824 contristavit
2258 6789 2266 6832 3
2285 6769 2363 6824 lvomo
2383 6775 2409 6822 et
2427 6769 2468 6824 lea

1508 6871 1526 6910 a
1544 6857 1656 6921 deutris,
1673 6855 1775 6910 uitulus
1793 6871 1858 6910 vero
1876 6871 1892 6910 a
1911 6857 2022 6910 sinistris
2040 6859 2099 6910 eius
2114 6857 2194 6910 tuisse
2207 6857 2393 6912 describitur...
2410 6859 2469 6912 lure

1508 6949 1598 6998 autem
1616 6945 1689 6998 loeus
1706 6943 1815 7012 aquilae
1829 6959 1881 6998 non
1896 6945 1979 7010 inuia,
1991 6947 2040 7000 sed
2051 6943 2166 7014 desuper
2178 6959 2236 6998 esse
2249 6945 2406 7002 describitur
2417 6951 2469 7006 etc.
