5908 8266
502 563 565 628 306

501 733 627 818 primo:
668 731 792 816 «Nigra
824 745 921 806 sum,
954 725 1008 794 sed
1042 725 1234 806 formosa»,
1268 725 1317 794 isti
1355 731 1459 796 autam

500 835 562 903 alhi
585 839 680 914 sunt,
700 834 754 902 sed
785 833 905 912 foetidi3
930 830 999 898 ideo
1033 833 1145 902 rnerito
1167 831 1318 900 dieantur
1343 851 1459 898 monu-

500 947 637 1014 menta:
653 937 739 1010 unde
754 937 899 1004 Matthaei
924 935 1073 1020 vigesimo
1098 937 1207 1012 tertio:
1239 963 1254 996 «
1264 935 1329 1008 Vae
1350 933 1458 1016 vohis,

501 1043 623 1108 sarthae
655 1049 687 1114 θι
721 1041 877 1112 Pharisaei
902 1041 1102 1126 hypocritae!
1130 1041 1206 1126 quia
1241 1043 1360 1114 similes
1384 1043 1461 1114 estis

502 1147 654 1232 sepulcris
688 1145 857 1226 dealbato,
880 1163 960 1232 quae
992 1147 1111 1218 alaris
1142 1155 1256 1232 parent
1280 1141 1461 1214 horninibus

501 1253 653 1334 spetiosa,
678 1253 762 1320 intus
777 1259 883 1328 aulem
907 1253 999 1338 plana
1020 1259 1096 1324 sunt
1118 1253 1243 1320 ossibus
1257 1259 1458 1320 mortuorum

475 1401 482 1418 ·
501 1365 531 1424 el
555 1357 637 1424 omni
653 1357 806 1442 spurcitia
818 1385 848 1424 ι.
866 1357 950 1424 Unde
965 1357 1208 1448 Chrysostomas
1223 1361 1251 1424 ¹:
1273 1385 1290 1418 a
1302 1357 1460 1426 iustarum
1487 1417 1489 1422 .

502 1481 634 1550 corpora
657 1463 776 1550 templa
801 1463 968 1544 dieantur,
993 1481 1126 1550 corpora
1161 1481 1237 1532 vero
1257 1469 1460 1550 pennatorum

501 1567 773 1654 sepulcraque
809 1569 892 1636 intus
926 1577 973 1636 est
1003 1569 1108 1636 anima
1129 1575 1269 1648 mortua
1295 1585 1353 1640 nea
1376 1567 1460 1638 enim

503 1673 572 1740 uiua
593 1673 734 1758 putanda
749 1679 797 1738 ast
812 1691 891 1758 qaae
917 1673 996 1740 nihil
1019 1673 1144 1752 viuum,
1163 1673 1257 1742 idest
1280 1673 1458 1758 spirituale,

503 1779 565 1862 egit
579 1779 612 1844 in
629 1793 758 1864 corrroro
774 1803 807 1844 a.
823 1777 861 1844 El
875 1787 962 1864 post:
986 1779 1082 1858 «Die,
1103 1779 1284 1864 hypoarile,
1301 1777 1323 1850 si
1342 1779 1458 1848 honam

413 1939 414 1942 ,
503 1889 551 1952 est
571 1885 690 1952 honum
704 1901 789 1962 esse,
807 1903 865 1952 aar
879 1903 941 1952 non
958 1885 1005 1952 uis
1020 1903 1087 1952 esse
1104 1885 1188 1970 quod
1204 1885 1251 1952 vis
1271 1883 1459 1970 apparere?

455 1995 456 1998 ’
503 1991 589 2074 Quod
614 1999 717 2060 autem
755 1997 847 2078 turpe
878 1999 927 2060 est
955 2011 1122 2078 apparere
1148 1991 1274 2078 turpius
1304 1997 1457 2060 estesse.

502 2099 562 2164 lut
582 2115 659 2184 ergo
683 2105 749 2166 esto
770 2097 857 2181 quod
878 2117 1029 2184 appares,
1054 2105 1110 2166 aut
1130 2117 1248 2186 appare
1270 2097 1356 2186 qaod
1377 2117 1413 2166 θε
1427 2127 1457 2166 ι.

589 2205 636 2274 En
662 2205 708 2272 his
734 2203 858 2272 lloodni
885 2205 1002 2274 remis
1025 2213 1128 2292 potest
1150 2205 1266 2294 colligi,
1293 2207 1347 2292 qni
1371 2207 1458 2274 ειιιι2

336 2323 486 2372 contrarium.
502 2311 546 2378 illi
569 2313 625 2398 qui
644 2311 758 2380 dehent
779 2309 970 2400 lappoeritae
993 2313 1142 2394 lodie-ari,
1160 2313 1277 2386 scilieet
1294 2313 1325 2378 iu
1343 2313 1459 2400 quihus

503 2427 614 2506 regnat
646 2417 864 2506 negligentia,
899 2421 1122 2508 arrogantia,
1145 2417 1391 2508 fraradaleatia.
1426 2419 1458 2488 lli

502 2535 608 2594 aulem
632 2533 705 2594 sunt
729 2525 781 2612 qai
808 2525 936 2594 minima
956 2523 1140 2612 praeierunt
1164 2527 1321 2606 maximis,
1346 2529 1460 2594 transi-

503 2633 581 2700 toria
596 2633 750 2712 aeternis,
764 2633 948 2718 apparentia
962 2633 1057 2702 veris.
1073 2633 1119 2700 Da
1133 2633 1185 2702 his
1199 2641 1305 2700 autern
1320 2633 1460 2702 iudicare

503 2759 563 2806 non
586 2747 635 2806 est
648 2739 785 2822 hominis
809 2739 993 2818 euirislihet‚
1009 2741 1063 2806 sed
1086 2739 1221 2818 Christi,
1238 2741 1291 2826 qui
1308 2757 1364 2804 eor
1379 2741 1460 2826 aspi-

503 2845 562 2926 eit,
585 2845 758 2912 seeundum
782 2843 862 2908 illud
893 2843 1014 2930 primae
1038 2843 1076 2910 ad
1100 2843 1278 2910 Corinthios
1303 2845 1458 2928 quartoi:

508 2951 638 3020 «Nolite
660 2957 732 3018 ante
755 2957 879 3034 tempus
902 2949 1059 3028 iudicare,
1082 2967 1250 3034 quousque
1273 2949 1377 3016 ueniat
1402 2951 1460 3014 Do-

503 3057 626 3134 minuS,
647 3055 701 3140 qui
726 3053 916 3122 illuminabit
938 3051 1120 3118 ahsoondita
1142 3051 1379 3118 tenebrarum»
1400 3057 1458 3116 eta.

503 3161 577 3226 Naro
603 3149 754 3226 Dominus
768 3175 831 3224 nou
848 3155 1052 3242 reprehendit
1066 3155 1238 3224 bonitatem
1256 3163 1459 3242 apparentem

503 3273 531 3332 et
557 3263 747 3344 evidentem,
769 3261 822 3328 sed
847 3261 1049 3346 sophisticam
1071 3269 1104 3328 et
1126 3281 1188 3328 non
1212 3259 1410 3328 existentem.

501 3419 503 3422 -
590 3371 644 3434 89.
671 3365 880 3454 Respondeas
915 3385 960 3434 aa
963 3373 1026 3432 tana
1057 3385 1126 3454 qna
1103 3367 1194 3434 idam
1184 3387 1265 3434 ιιι
1295 3365 1460 3452 legisperi-

273 3479 274 3482 ’
371 3491 481 3554 seeundo.
503 3475 570 3544 ιε’*
590 3481 649 3542 ete.
678 3475 841 3558 Postquam
830 3473 1044 3538 teorrrminat
1047 3491 1082 3538 us
1106 3479 1152 3540 est
1181 3491 1238 3540 vae
1268 3473 1458 3550 pharisaeis,

335 3545 483 3693 bbbbbsbbb
501 3581 554 3650 hia
575 3581 712 3648 seeundo
737 3579 905 3648 cornminat
908 3597 947 3645 ur
980 3579 1191 3664 legisperitis,
1160 3587 1248 3646 sot
1274 3581 1334 3644 hoa
1360 3579 1461 3652 trihus

336 3651 483 3750 bb‘ff‘w
501 3689 538 3756 de
563 3685 683 3754 nausis
704 3685 822 3770 primo,
840 3693 997 3770 proptera
986 3683 1146 3750 desidiam
1163 3693 1272 3752 eontra
1296 3683 1459 3752 veritatem

503 3795 600 3872 ritae;
626 3793 775 3870 seeundo,
802 3801 932 3878 propter
959 3791 1081 3876 perfid'
1068 3809 1138 3858 ιιιιιι
1163 3799 1272 3860 eontra
1296 3791 1459 3872 ueritatem

503 3899 648 3976 iustitiae,
662 3899 702 3964 ihi
713 3897 745 3964 ⁵:
763 3897 825 3962 Vae
835 3895 943 3962 vobis!
954 3897 1015 3986 qni
1029 3895 1215 3984 aedificatis
1232 3905 1460 3974 montemonta3

504 4007 615 4082 tertio,
638 4011 766 4090 propter
790 4001 965 4090 (bilariam
983 4013 1090 4072 eontra
1107 4003 1268 4070 ueritatem
1286 4003 1460 4082 doetrinae,

504 4113 564 4180 ihi:
594 4113 658 4178 Vae
682 4111 771 4178 aobis
797 4109 1008 4196 legisperitis!
1024 4111 1083 4200 qai
1109 4109 1232 4178 tulistis
1253 4111 1377 4178 elavem
1400 4117 1458 4178 eta,

503 4219 581 4286 llaea
605 4217 687 4308 enim
710 4217 827 4304 triplex
852 4217 967 4286 ueritas
992 4217 1130 4286 inaximo
1152 4217 1246 4284 dehet
1267 4235 1335 4286 esse
1360 4217 1389 4284 iu
1406 4217 1461 4284 do·

505 4325 644 4392 oloribus
668 4325 771 4410 aegis,
799 4325 851 4392 sod
876 4325 906 4390 in
932 4325 1119 4410 legisperitis
1141 4323 1220 4390 nihil
1244 4331 1311 4392 erat
1326 4323 1385 4392 nisi
1404 4325 1461 4408 hy-

505 4431 644 4516 poerlsis.

593 4537 626 4604 ln
649 4535 867 4604 comminando
889 4535 987 4622 igitar
1016 4539 1191 4622 gehennam
1214 4545 1389 4622 proptera
1378 4533 1462 4604 desi-

353 4653 495 4722 Quoaddet·
506 4643 597 4710 diona
623 4643 724 4730 primo
749 4643 960 4730 praemittitur
978 4643 1147 4710 ostentatio
1165 4653 1297 4712 ιιιιιιθιι
1294 4643 1395 4724 tatis,
1415 4661 1462 4712 se-

339 4713 495 4808 bbbbown
506 4751 608 4820 otrodo
632 4749 814 4838 adiungitur
835 4769 954 4816 nomem
944 4749 1050 4816 iaatio
1072 4751 1198 4818 ee-ilain
1199 4751 1286 4816 tatis.

594 4859 646 4922 ltu
673 4857 772 4942 (bers.
800 4859 877 4940 ld).
894 4857 998 4924 Primo
1020 4857 1118 4942 igitur
1133 4877 1215 4942 quan
1220 4865 1288 4924 tum
1304 4857 1408 4930 adt
1360 4865 1408 4922 ost
1409 4877 1461 4924 ea·

363 4957 486 5032 Derrim-
507 4963 660 5030 tottionem
695 4961 904 5030 arietaritaa's
940 4981 981 5028 ex
1006 4971 1094 5048 parte
1128 4963 1299 5048 legisperiti
1325 4961 1460 5030 dieitur:

506 5069 711 5156 Respondeas
737 5079 846 5136 atatem
865 5069 1026 5156 quidam6
1046 5087 1083 5134 aa
1100 5069 1314 5154 legisperitis,
1331 5069 1385 5152 qni
1403 5069 1462 5136 soi-

507 5175 578 5242 lle-et
612 5173 669 5240 sibi
704 5171 825 5258 peritus
860 5189 929 5240 esse
959 5171 1142 5252 videbatur,
1176 5171 1350 5240 meandum
1383 5171 1460 5238 illud

508 5278 600 5344 lsaiae
633 5279 759 5364 quinto:
797 5273 912 5344 «Vaet
938 5279 994 5360 qui
1016 5277 1091 5344 estis
1116 5277 1270 5360 sapientes
1302 5277 1332 5342 io
1364 5277 1461 5344 oeulis

507 5383 620 5450 restris
641 5390 673 5450 et
696 5399 802 5450 eoram
833 5381 1063 5466 vobismetipsis
1084 5383 1257 5466 prudentes
1273 5409 1305 5448 ι.
1329 5381 1367 5446 Ει
1387 5381 1462 5468 qaia

506 5489 582 5558 tales
604 5489 752 5558 uitiantur
774 5487 832 5556 sihi
857 5489 939 5574 duali
962 5495 995 5556 et
1016 5489 1135 5574 magni,
1160 5487 1232 5556 ideo
1258 5489 1461 5560 contumelio

497 5859 500 5866 ‘
578 5867 701 5924 1Ἠοιιιιι.
722 5867 765 5922 le.
783 5867 810 5918 in
828 5867 914 5924 hlntth.
941 5867 988 5932 93,
1007 5867 1049 5918 ii.
1074 5867 1135 5934 (Op.
1155 5867 1318 5936 imperfect),
1340 5865 1405 5920 lhid.
1426 5873 1464 5920 est

507 5957 584 6012 eliam
602 5975 657 6026 seq.
678 5957 818 6024 sententia,
835 5957 862 6008 in
881 5969 948 6024 qua,
966 5957 1033 6008 sicut
1053 5963 1077 6008 al
1089 5957 1116 6008 in
1129 5957 1231 6024 primu,
1247 5963 1329 6010 textus
1349 5957 1464 6020 origina-

508 6047 537 6100 lis
558 6049 618 6100 ltine
636 6047 702 6100 inda¹¹
715 6049 789 6112 plura
812 6045 947 6098 interserit.

578 6131 588 6164 ²
608 6135 693 6188 Codd.
713 6135 732 6188 C
746 6133 797 6188 DG
807 6135 827 6184 ll
845 6135 918 6198 siant,
941 6133 987 6198 qui
1000 6133 1078 6186 eliani
1091 6133 1199 6186 interius
1212 6147 1261 6198 pro
1274 6131 1392 6188 aeternis
1404 6133 1464 6186 sub-
1491 6149 1492 6152 ¹

507 6223 616 6278 stitururt
630 6221 774 6292 perpetuis.

578 6309 597 6352 ³,
609 6313 684 6364 Vens.
702 6311 728 6362 ὅ.
886 6347 887 6350 ,

578 6401 591 6432 ⁴*
608 6401 692 6456 Codd.
709 6401 791 6454 CDG
803 6401 824 6452 ll
842 6397 954 6466 quida-m
965 6395 1160 6466 ‘legisperitum
1181 6401 1227 6452 sed
1247 6401 1370 6466 saperius
1382 6413 1409 6452 u.
1422 6401 1463 6452 85.

507 6493 532 6542 el
552 6491 658 6542 interius
678 6505 702 6542 n.
722 6491 765 6542 ad.
783 6487 944 6540 conveniunt
960 6501 1020 6540 curn
1044 6487 1161 6552 Vulgata.

578 6577 588 6608 ⁶
609 6581 685 6632 Vere.
704 6577 756 6644 47,
773 6575 879 6628 tertium
899 6575 1011 6626 hahetur
1034 6591 1062 6626 v.
1080 6577 1128 6638 52,
1148 6575 1195 6630 uhi
1224 6591 1271 6642 pro
1292 6575 1339 6646 qai
1367 6575 1464 6632 tulistis

509 6667 553 6734 (ila
572 6669 648 6720 etiam
668 6665 745 6722 Card.
764 6665 856 6728 lingo,
875 6669 900 6718 S.
921 6665 1052 6726 atomos,
1070 6665 1125 6718 Cal.
1149 6677 1230 6716 aureo
1249 6665 1362 6718 inLur.
1379 6679 1402 6716 c.
1424 6667 1464 6718 ll.

507 6767 533 6804 n.
554 6755 601 6818 ll,
622 6743 754 6806 Gorrao'ns
771 6757 798 6804 et
815 6751 944 6818 lyranus)
964 6751 1076 6816 volgato
1098 6751 1162 6820 paria
1176 6749 1284 6808 tulistis.
1297 6753 1404 6812 lnlerius
1417 6767 1465 6818 pro

508 6839 564 6894 elisi
578 6839 728 6910 hypostasis
748 6839 829 6892 CDG
848 6839 895 6894 sed
913 6837 1073 6908 hypocrisis.

1105 549 1299 620 conanda.
1323 545 1362 618 IN
1383 545 1623 620 haldandan
1647 545 1767 622 tacta,
1789 545 1819 612 C.
1847 545 1893 614 Xl.

1524 743 1596 796 sam
1618 731 1731 812 putant
1763 725 1803 792 ah
1835 723 1939 812 aliquo
1972 721 2072 808 argui.
2103 721 2232 808 Propter
2265 719 2349 806 quod
2380 717 2481 790 addit:

1525 833 1584 902 Ait
1606 833 1673 902 illi:
1696 833 1883 920 Magister,
1899 829 1979 904 leaeo
2012 827 2130 926 diseas
2156 827 2254 896 etiam
2288 827 2383 898 nobis
2398 845 2498 894 ιοιιι

1524 937 1694 1004 tumeliam
1718 935 1806 1024 [aeis
1813 959 1827 1016 ‚·
1851 935 1934 1022 quod
1958 953 2021 1002 non
2036 933 2171 1012 dicaret,
2187 933 2247 1002 nisi
2264 951 2305 1002 eu
2324 931 2482 1004 oonscteu
2526 959 2531 962 ¹·

1524 1043 1566 1108 tia
1590 1043 1739 1124 sentiret,
1762 1061 1798 1110 εθ
1818 1043 1964 1112 similiter
1997 1041 2191 1126 transgredi,
2216 1045 2254 1120 ot
2270 1057 2311 1106 ex
2336 1037 2483 1124 superbia

1523 1147 1619 1220 nollet
1642 1149 1850 1234 reprehendi;
1873 1149 1959 1218 unde
1991 1153 2114 1234 poterat
2150 1147 2208 1214 sihi
2240 1145 2300 1214 dici
2338 1145 2420 1212 illod-
2442 1145 2481 1214 ad

1524 1257 1677 1326 Romanos
1699 1255 1875 1322 seeundol:
1907 1283 1927 1316 ι
1937 1253 2091 1334 contidla,
2106 1259 2136 1324 to
2159 1253 2263 1340 ipsum
2286 1271 2354 1322 esse
2369 1253 2480 1324 ducem

1523 1379 1707 1440 caecorum,
1733 1361 1840 1430 lumen
1862 1379 1974 1430 eorum
1995 1361 2050 1448 qul
2075 1361 2107 1428 in
2132 1361 2277 1430 tenebris
2292 1365 2385 1438 sunl,
2408 1377 2482 1426 era-

1523 1467 1658 1540 ditorem
1679 1467 1911 1554 insipientium,
1933 1469 2130 1556 magistrum·
2147 1469 2310 1538 infantium
2326 1493 2355 1532 ι.
2392 1467 2481 1550 «Qui

1524 1593 1601 1660 ergo
1622 1575 1720 1642 alium
1742 1575 1836 1644 doaes
1859 1583 1890 1644 te
1918 1577 2022 1660 ipsum
2051 1595 2114 1646 non
2138 1577 2231 1646 doaes
2246 1573 2481 1644 ».Doolriuam
2523 1655 2524 1658 Ἴ

1523 1699 1629 1748 senam
1655 1687 1766 1766 putant
1790 1681 2040 1760 contumeliam,
2056 1683 2147 1766 quia,
2163 1688 2199 1750 ut
2213 1681 2331 1748 dieitur
2352 1681 2482 1750 Prover-

1523 1787 1655 1854 hiorum,
1673 1785 1794 1856 desino
1815 1787 1963 1868 aereum,
1991 1805 2088 1856 «non
2110 1787 2222 1872 recipit
2241 1787 2358 1856 stultos
2384 1787 2482 1856 rerba

1524 1893 1728 1978 prudentiae,
1751 1893 1810 1960 nisi
1835 1891 2025 1970 audireris,
2048 1907 2130 1976 quae
2156 1897 2323 1962 versantur
2341 1893 2369 1958 in
2388 1893 2481 1962 eorda

1525 2017 1626 2072 suo».
1652 1999 1688 2066 Et
1712 2015 1787 2070 uero
1817 1999 1887 2066 talis
1919 2003 1986 2066 erat
2016 1997 2152 2078 stultns,
2174 1997 2229 2084 qui
2258 1997 2481 2080 reputandae

1523 2105 1699 2184 eruditum,
1734 2105 1882 2192 quoniam
1919 2105 2161 2174 Prurerntorurn
2189 2103 2342 2190 vigesimo
2370 2111 2480 2172 sexto:

1529 2241 1546 2276 a
1561 2213 1671 2282 Vidisti
1694 2213 1855 2286 homiuem
1878 2213 2049 2300 sapientem
2074 2213 2130 2282 sihi
2158 2211 2288 2282 ‘viderit
2308 2211 2406 2296 Magis
2427 2211 2481 2280 illo

1524 2339 1611 2408 spem
1634 2321 1761 2392 habehit
1786 2321 1903 2390 stultus
1917 2349 1947 2386 ι.

1614 2429 1667 2494 dl.
1690 2429 1793 2512 (Vens,
1816 2429 1895 2510 aa).
1920 2427 2061 2494 Seoando
2078 2445 2154 2494 uero
2168 2429 2323 2510 quantum
2341 2423 2377 2490 ad
2396 2443 2481 2494 eom·
2495 2435 2529 2482 De
2540 2433 2646 2482 sonnio·

1525 2531 1737 2604 minationem
1749 2533 1955 2602 aeternitatis
1972 2537 2101 2618 propter
2111 2531 2259 2600 desidiam
2277 2531 2355 2596 hane
2369 2531 2480 2618 agendi

1524 2639 1656 2708 dieitur:
1682 2641 1726 2706 Αι
1748 2639 1800 2706 ille
1822 2639 1889 2706 ait:
1918 2641 1955 2706 m
1979 2637 2067 2704 uobis
2099 2635 2292 2724 legisperitis
2313 2637 2400 2702 aaa!
2421 2637 2481 2704 soi-

1524 2745 1598 2810 lieet
1618 2743 1825 2814 damnationis
1859 2751 2014 2814 aeternae.
2041 2741 2076 2804 Et
2100 2741 2178 2804 ratio
2203 2737 2298 2804 huius
2321 2747 2383 2814 est,
2408 2741 2481 2824 quia

1504 2849 1623 2936 ¹multa
1646 2847 1791 2912 dicebaut
1812 2851 1845 2912 et
1877 2863 1979 2930 panea
1999 2843 2164 2922 laaiahant.
2191 2881 2235 2894 „-
2264 2843 2334 2908 ldeo
2356 2843 2479 2910 subdit:
2521 2903 2522 2906 ,

1527 2951 1615 3034 Qtaio
1637 2951 1786 3018 erraretis
1807 2947 1953 3016 domines
1978 2949 2148 3028 oneribus,
2165 2969 2247 3038 qaae
2261 2957 2401 3032 portare
2414 2969 2481 3016 aaa
2547 3037 2550 3042 „

1523 3065 1682 3140 possunt,
1705 3055 1738 3122 id
1760 3063 1807 3122 est
1829 3057 2004 3142 praereptis
2032 3063 2061 3122 et
2087 3055 2305 3122 traditionibus
2330 3053 2481 3140 supersti-

1523 3161 1611 3226 tiosis
1632 3169 1665 3226 θι
1686 3161 1869 3240 inutilibus,
1893 3167 1929 3228 ut
1953 3161 2063 3228 marito
2088 3161 2211 3228 aleator
2240 3159 2319 3226 illud
2347 3161 2481 3228 halaam

1523 3267 1643 3334 deaimo
1668 3267 1820 3354 quintal:
1848 3269 1908 3336 lloa
1936 3275 1985 3334 est
2015 3287 2113 3348 οιιιιε,
2144 3265 2259 3354 «qaod
2290 3285 2394 3352 oeque
2423 3285 2481 3336 nos

1524 3391 1626 3458 neque
1650 3379 1755 3458 potres
1779 3373 1875 3440 nostri
1902 3383 2030 3460 portare
2053 3375 2258 3458 potuimus».
2290 3373 2373 3440 Unde
2406 3373 2481 3440 llat-

1525 3479 1608 3548 lhaei
1628 3479 1779 3566 vigesimo
1802 3479 1914 3548 tertio:
1934 3507 1950 3540 «
1963 3481 2094 3568 illigant
2115 3499 2213 3552 onera
2234 3479 2343 3566 grauia
2365 3489 2398 3548 et
2423 3481 2481 3548 im-

1525 3585 1690 3672 portahilia
1714 3593 1744 3654 et
1772 3587 1936 3672 imponunt
1968 3587 1997 3654 in
2025 3589 2174 3656 humeros
2204 3587 2368 3654 hominurn
2386 3611 2417 3668 »;
2441 3587 2481 3654 ad

1525 3709 1608 3778 qaae
1626 3691 1743 3758 seilicet
1771 3691 1884 3776 aliquis
1913 3711 1974 3758 non
2001 3699 2145 3770 tenetur,
2168 3699 2199 3758 et
2223 3691 2283 3778 ipsi
2304 3691 2415 3760 dieunt
2437 3699 2481 3758 ιθ-

1524 3797 1605 3866 neri.
1624 3837 1670 3846 —-
1688 3797 1725 3866 Et
1744 3799 1817 3884 quia
1838 3800 1916 3866 haee
1934 3815 2032 3866 onera
2046 3799 2255 3884 imponebant,
2274 3799 2427 3866 doeebant
2442 3799 2480 3878 ²⁰,

1525 3905 1578 3972 sed
1604 3923 1666 3970 non
1682 3905 1863 3990 portabant
1885 3905 2044 3986 laalendo;
2067 3905 2169 3974 addit:
2194 3909 2235 3972 m
2250 3903 2317 3990 ipsi
2341 3925 2408 3972 arto
2429 3905 2481 3972 di·

1523 4009 1593 4096 pt'to
1616 4017 1722 4076 aestro
1744 4029 1809 4076 rtoa
1834 4011 1972 4096 tangitis
1993 4013 2161 4076 sarcinas.

1616 4115 1668 4184 92.
1691 4115 1768 4182 Nota
1793 4115 1950 4200 signanter
1975 4115 2058 4202 quod
2081 4115 2178 4198 dicit:
2199 4117 2268 4182 Uno
2290 4115 2393 4202 dipito
2415 4135 2481 4182 non
2501 4129 2631 4176 noenum.

1526 4221 1664 4308 tangitis
1672 4243 1684 4300 ‚·
1706 4241 1767 4288 non
1793 4221 1883 4288 dicit:
1909 4241 1974 4290 non
1993 4223 2159 4306 portatis,
2180 4223 2255 4307 qula
2288 4229 2392 4306 posset
2414 4241 2481 4290 esse

1524 4329 1688 4396 exeusatio
1703 4329 1742 4394 de
1757 4327 1947 4414 impotentia.
1967 4329 2158 4414 Frequenter
2169 4327 2279 4398 dootor
2292 4325 2382 4398 donet
2399 4327 2483 4414 quod

1524 4437 1626 4502 laeena
1649 4455 1716 4502 aare
1736 4445 1857 4522 potest:
1872 4443 2091 4502 verumtamen
2112 4445 2237 4506 nonest
2252 4433 2395 4502 doetrina
2415 4433 2483 4502 eius

1526 4541 1770 4622 contemnenda,
1788 4541 1812 4608 si
1840 4541 1940 4608 faeere
1968 4541 2056 4620 uult,
2081 4541 2325 4628 qaiaroluntas
2349 4541 2374 4608 ei
2400 4557 2484 4608 aorn-

1526 4653 1657 4734 putatar
1671 4667 1728 4734 pro
1739 4649 1828 4716 faeta.
1843 4647 1928 4716 Unde
1938 4649 2033 4732 primi
2046 4645 2163 4734 Regum
2175 4647 2337 4732 trigesimo
2346 4649 2386 4714 11:
2406 4649 2518 4738 «he-0,

1525 4772 1590 4839 qua
1613 4773 1686 4840 pars
1701 4755 1761 4820 erit
1778 4753 1992 4820 descendentis
2012 4755 2049 4820 ad
2073 4755 2229 4838 proelium
2245 4759 2278 4820 et
2292 4753 2484 4820 remanentis

1526 4859 1563 4926 ad
1580 4859 1730 4938 sarcinas
1746 4867 1776 4924 et
1794 4859 1935 4926 similiter
1950 4857 2089 4924 divident
2102 4883 2142 4938 ι;,
2158 4865 2186 4926 et
2212 4859 2271 4924 hoo
2292 4858 2408 4926 dioilm*
2424 4875 2482 4942 pro

1526 4965 1620 5042 uiris,
1643 4963 1698 5048 qui
1724 4963 1795 5030 lassi
1818 4963 2039 5042 substiterant;
2062 4963 2115 5030 sad
2141 4963 2193 5048 qui
2221 4981 2284 5030 non
2309 4965 2388 5032 vult,
2405 4963 2483 5048 digi·
2514 5003 2515 5006 =

1526 5075 1596 5136 tum
1618 5069 1656 5134 ad
1681 5069 1818 5136 sarsinas
1847 5085 2019 5152 apponere,
2049 5067 2257 5146 manifestum,
2290 5069 2373 5152 quod
2405 5067 2483 5136 nihil

1526 5175 1641 5240 laboris
1665 5175 1734 5240 uult
1753 5173 1920 5240 sustinere.
1943 5175 1980 5240 Et
1995 5175 2080 5252 talis,
2102 5175 2168 5240 siva
2182 5173 2321 5258 imponat
2345 5195 2402 5262 per
2417 5193 2483 5240 tuo-

1526 5281 1602 5348 dum
1625 5279 1785 5366 magistri,
1808 5279 1872 5346 sire
1895 5297 1952 5364 per
1977 5279 2105 5346 modum
2128 5279 2277 5364 praelati,
2293 5281 2421 5350 omuino
2435 5285 2484 5348 est

1527 5385 1784 5470 reprehensibilis
1800 5401 1857 5452 nec
1876 5393 1924 5452 est
1938 5385 2075 5452 imitator
2092 5385 2217 5468 Christi,
2234 5387 2272 5452 de
2288 5403 2352 5472 quo
2366 5387 2483 5454 dieitur

1526 5493 1659 5558 heluam
1685 5493 1845 5576 primur:
1873 5491 2007 5578 «Coepit
2033 5495 2116 5560 lesus
2138 5495 2241 5560 farere
2268 5501 2299 5560 et
2321 5493 2433 5560 dooere
2450 5519 2482 5558 ι.

1746 5723 1794 5732 -ι

1598 5869 1610 5902 ⁶
1627 5871 1710 5928 Codd.
1730 5873 1843 5928 Clldll
1863 5873 1897 5926 El
1915 5867 2077 5942 respondeas
2098 5869 2225 5942 quidam·
2237 5871 2286 5924 clu.
2301 5873 2387 5922 tamen
2404 5883 2483 5934 supra

1527 5975 1554 6014 n.
1572 5963 1616 6016 89.
1633 5991 1669 6002 -·-
1687 5963 1804 6016 Subinde
1827 5963 1953 6026 allegatur
1974 5963 2028 6014 lsai.
2048 5963 2076 6030 5,
2099 5963 2140 6016 ll.

1599 6047 1610 6080 ‘³
1630 6053 1703 6104 vers.
1727 6053 1767 6104 ιι.
1789 6065 1845 6118 seq.
1864 6059 1888 6104 et
1903 6053 1962 6104 dein
1982 6067 2007 6104 ι.
2028 6053 2070 6106 ιι.

1600 6135 1704 6194 ⁸Vers.
1727 6139 2003 6206 acutorumque
2023 6141 2069 6202 26,
2091 6141 2132 6194 la.

1599 6221 1704 6280 ⁹Vers.
1726 6228 1771 6294 tlt,
1793 6233 1852 6294 post
1868 6241 1947 6294 quem
1970 6227 2118 6290 blatteas,
2138 6225 2163 6280 4.

1601 6311 1622 6344 ¹⁰
1640 6315 1705 6368 Cod.
1724 6317 1744 6366 ll
1763 6313 1895 6380 docenda,
1918 6317 1974 6368 ιιι.
1992 6313 2112 6370 dicendo.

1601 6401 1621 6432 ¹¹
1641 6405 1716 6456 Vere.
1736 6401 1783 6466 ιι,
1802 6405 1826 6456 iu
1847 6417 1899 6472 quo
1915 6419 1963 6470 pro
1976 6403 2099 6458 similiter
2112 6405 2131 6458 A
2142 6401 2162 6456 C
2172 6403 2192 6454 D
2204 6397 2297 6456 silani.
2308 6425 2345 6440 -
2357 6399 2484 6464 Superius

1529 6493 1588 6546 Vnt.
1608 6493 1701 6560 oniiait
1721 6489 1785 6560 qaia
1800 6495 1887 6560 petest
1910 6505 1966 6546 essa
1992 6491 2131 6548 amaasatio
2161 6491 2190 6544 de
2210 6487 2365 6560 impotentia
2384 6487 2417 6556 (H
2436 6487 2484 6544 im·

1525 6579 1722 6648 passibilitate).
1742 6579 1794 6632 Clr.
1813 6581 1839 6632 tl.
1861 6581 1929 6632 Selii.
1947 6581 1977 6632 d.
1994 6581 2039 6632 ld.
2057 6593 2080 6632 a.
2102 6581 2124 6632 ι.
2138 6593 2166 6644 q.
2178 6579 2203 6630 l.
2217 6585 2241 6632 at
2252 6591 2277 6628 o.
2293 6579 2316 6630 d.
2331 6591 2377 6644 pal·
2392 6583 2484 6632 totum.

1601 6667 1623 6698 ¹²
1642 6671 1722 6722 Vere..
1738 6671 1767 6730 l,
1787 6669 1828 6722 rui
1854 6667 2048 6734 subiunguntur
2064 6669 2139 6726 Daut.
2161 6665 2208 6734 25,
2236 6665 2277 6720 t3.
2295 6673 2320 6720 at
2341 6671 2417 6730 tirou.
2434 6667 2485 6730 ib,

1532 6759 1578 6822 td,
1599 6755 1643 6812 ubi
1657 6773 1711 6824 ,pro
1730 6761 1877 6824 ostreaque
1895 6755 2072 6812 abominabile
2091 6755 2174 6810 CDG
2190 6753 2364 6816 abominatio.
2382 6783 2419 6798 ·-
2437 6755 2484 6810 Su·

1529 6845 1620 6910 perias
1637 6861 1687 6912 pro
1705 6843 1922 6914 reprehensibilis
1940 6845 1992 6898 cn
2009 6843 2119 6916 duplata.
