5900 8266
1037 555 1230 624 COMMENT.
1253 559 1552 628 1133113111311
1575 555 1692 624 tuctu
1718 553 1748 622 C.
1775 555 1821 622 M.

446 731 522 800 illud
548 732 640 799 133133
662 733 901 820 quadragesimo
924 751 1004 798 nono
1019 733 1045 798 ¹:
1067 731 1242 818 «Nonquia
1262 733 1402 800 oblivisci

446 847 550 924 potest
563 837 679 904 mulier
692 839 843 904 infantem
860 855 952 906 suum
964 831 980 916 ,'
995 843 1032 904 ut
1047 857 1109 904 non
1132 839 1319 904 misereatur
1340 841 1404 904 lilio

446 945 528 1012 uteri
554 945 633 1010 sui»
664 949 721 1012 313.
731 965 740 1024 ;‘
760 949 793 1010 31
815 943 897 1008 intra
920 943 1045 1010 eodem:
1075 943 1134 1010 «Si
1154 961 1224 1024 voa,
1245 961 1317 1010 curn
1337 943 1404 1012 sitis

446 1051 539 1130 mali,
563 1051 661 1118 nostis
691 1051 772 1116 bona
796 1051 867 1116 data
888 1049 966 1114 dare
995 1049 1066 1114 tiliis
1092 1051 1242 1116 vestris»
1276 1057 1334 1116 etc.
1367 1049 1404 1114 Et

446 1155 624 1222 Bernartius
639 1157 675 1220 2:
703 1153 868 1234 «Oratio,
893 1171 975 1238 quae
1003 1159 1134 1236 paterno
1166 1155 1315 1222 dulcescit
1348 1173 1404 1220 no·-

444 1261 549 1338 mine,
578 1261 720 1326 omnium
743 1259 928 1342 petitionum
959 1255 1103 1324 mearum
1131 1259 1402 1344 impetrandarum

446 1365 520 1430 mibi
548 1365 691 1432 fiduciam
717 1367 902 1450 praestat».

536 1471 564 1536 6.
599 1469 826 1552 Sanctificetur·
858 1471 1202 1536 concatenabat
1234 1469 1419 1536 invocatio-¹

278 1591 515 1656 strumoso-nem
540 1575 681 1660 adiungit
699 1573 897 1660 petitionem.
923 1575 999 1642 Petit
1022 1583 1126 1642 autem
1158 1573 1217 1640 tria
1246 1575 1404 1658 principa-

303 1647 362 1690 laotb
376 1645 426 1690 tria.

444 1681 514 1746 liter
532 1681 562 1746 in
587 1681 646 1748 bac
663 1681 811 1748 oratione.
833 1681 870 1746 Et
885 1681 918 1748 in
938 1681 997 1748 hoc
1013 1681 1203 1772 concordant
1228 1681 1402 1746 Matthaeus

444 1791 477 1852 et
499 1787 612 1866 Lucas,
635 1787 690 1852 sed
713 1785 863 1852 disserunt
877 1789 909 1852 in
932 1787 1160 1882 explicatione,
1182 1785 1403 1870 quiapropter

443 1909 571 1984 causam
603 1891 890 1976 praeassignatam³
916 1893 1090 1960 Matthaeus
1119 1893 1255 1976 assignat
1280 1891 1403 1976 petitio-

443 2013 500 2062 nes
524 1999 623 2080 magis
653 1997 816 2082 explicitas
825 2023 833 2078 3
859 1999 942 2064 unde
967 1999 1141 2064 Matthaeus
1165 1997 1250 2080 ponit
1267 2005 1401 2080 septem,

444 2101 545 2168 Luras
566 2103 723 2188 quinque,
744 2101 798 2168 sed
819 2101 852 2168 in
869 2101 920 2168 his
941 2101 1082 2188 quinque
1100 2109 1218 2186 septem
1234 2101 1311 2168 illae
1327 2107 1403 2168 suut

445 2209 603 2292 implicite.

536 2317 564 2378 7.
589 2313 706 2380 Harum
725 2317 828 2380 autem
854 2311 1032 2392 distinctae,
1052 2313 1133 2378 ordo
1151 2311 1403 2400 31331113133113

298 2433 428 2478 t’ottttoonm
446 2425 530 2502 patet
554 2419 607 2484 sic.
637 2419 659 2482 1
684 2419 748 2484 Deo
779 2411 861 2484 enim
884 2417 976 2482 Patre
998 2417 1058 2482 tria
1090 2425 1164 2482 suut
1193 2417 1401 2502 postulanda:

303 2487 420 2538 distinctio,
488 2527 493 2536 ,

287 2539 583 2610 cauponatu-primum
607 2529 636 2590 31
660 2523 831 2608 principale
856 2527 902 2590 est
926 2523 1165 2590 consummatio
1185 2523 1329 2608 pieriae,
1355 2541 1402 2590 se-

316 2595 403 2638 uentia.

445 2629 583 2698 orandum
608 2635 655 2696 est
678 2629 880 2696 corasercatt'o
897 2629 913 2668 4
933 2629 1082 2714 prutina,
1108 2629 1236 2694 13311333
1256 2635 1304 2694 331
1325 2649 1402 2694 333-

446 2737 578 2802 3333113
603 2737 726 2800 ueniae.
751 2735 788 2800 Et
803 2733 863 2800 ista
885 2735 945 2800 tria
967 2735 1205 2804 ordinatasunt
1229 2735 1401 2800 secandum

330 2871 333 2878 ⁴
445 2843 578 2930 gradum
603 2851 632 2910 et
664 2843 804 2910 ordinem
833 2841 960 2910 maioris
990 2841 1160 2928 dignitatis
1186 2881 1227 2890 -
1250 2841 1294 2908 dd
1325 2861 1403 2908 con-

444 2951 699 3016 sarcinationem
725 2949 855 3036 pieriae
875 2957 983 3016 autem
1004 2949 1067 3016 333
1085 2955 1294 3040 concurrunt,
1322 2947 1402 3016 scili·

446 3061 495 3122 cet
520 3055 658 3140 perlecta
688 3055 807 3122 notitia
828 3061 861 3122 et
877 3049 1029 3140 ’33313313
1058 3057 1260 3134 3333333113,
1293 3061 1323 3122 31
1355 3073 1407 3130 33-Ὶ

445 3159 583 3224 cundum
616 3161 691 3226 haec
724 3169 798 3226 sunt
824 3161 907 3228 duae
935 3163 1056 3244 primae
1088 3161 1261 3246 petitiones
1292 3197 1333 3208 -
1358 3161 1402 3226 td

445 3265 724 3330 conseruationem
760 3273 866 3334 autern
904 3265 1068 3352 pratiae⁵
1106 3265 1221 3332 suflicit
1240 3265 1403 3332 continua

446 3371 695 3448 subministratio
728 3373 868 3440 caelestis
897 3373 1080 3450 alimoniae,
1112 3379 1143 3438 et
1173 3371 1250 3438 haec
1284 3373 1401 3456 petitur

446 3475 477 3540 in
502 3475 594 3540 tertia
617 3475 774 3558 petitione.
794 3515 836 3526 —
853 3478 894 3543 dd
919 3477 1186 3544 concionationem
1209 3477 1323 3544 ueniae
1339 3477 1402 3544 duo

446 3587 655 3660 concurrunt,
678 3583 1101 3666 3311133133313313331333
1123 3589 1155 3648 31
1178 3583 1313 3648 remotio
1324 3601 1402 3668 poc-

445 3705 523 3764 nae,
549 3691 578 3754 et
602 3687 679 3752 haec
702 3691 855 3770 petuntur
878 3687 1000 3754 duabus
1019 3687 1138 3754 ultimis
1163 3687 1365 3772 petitionibus
1376 3687 1399 3752 ⁰.

536 3791 593 3856 Sed
617 3791 764 3874 quoniam
790 3791 942 3880 perfectio
966 3793 1167 3858 reuerentiae
1191 3811 1254 3856 non
1280 3799 1401 3856 tantum

402 3877 404 3880 ⁵
446 3897 619 3964 attenditur
640 3895 674 3962 in
689 3895 817 3976 affectu,
842 3897 895 3964 sed
920 3897 1010 3964 etiam
1036 3897 1067 3964 in
1091 3897 1219 3976 31133133
1236 3897 1305 3964 1333
1322 3895 1416 3964 dua-·

413 4041 414 4044 =
446 4001 506 4068 bus
528 4001 637 4084 primis
662 4001 864 4086 petitionibus
886 4003 1061 4070 Matthaeus
1092 4003 1233 4084 adiungit
1255 4001 1400 4086 tertiam,

446 4109 563 4176 scilicet
582 4133 599 4166 3
612 4109 677 4174 Fiat
694 4109 839 4174 voluntas
855 4117 911 4174 tua
923 4137 951 4174 3.
971 4111 1162 4186 -1133333,
1178 4109 1401 4192 331333333113

443 4231 567 4300 poenae
589 4213 760 4280 attenditur
785 4231 846 4278 non
872 4213 972 4280 solum
1001 4221 1155 4300 quantum
1178 4213 1218 4280 ad
1247 4213 1401 4298 repulsio-

446 4337 516 4384 nem
534 4317 755 4396 tentationum,
780 4317 831 4384 sed
851 4317 941 4386 etiam
965 4325 1118 4404 quantum
1142 4317 1179 4384 ad
1196 4317 1402 4384 remotionem

444 4419 647 4492 afflictionum
680 4429 709 4490 et
741 4423 996 4504 tribulationum
1028 4423 1098 4490 ideo
1126 4423 1251 4518 duabus
1283 4423 1402 4490 ultimis

445 4531 645 4616 petitionibus
670 4531 1007 4616 Matthaeusadiungit
1030 4531 1209 4614 septimam:
1238 4555 1254 4590 a
1280 4529 1338 4596 Sed
1365 4531 1409 4596 11-Ι

445 4637 520 4702 11333
544 4653 601 4702 nos
623 4653 641 4700 a
666 4633 770 4702 nalal
788 4661 819 4700 s
835 4671 880 4684 --
896 4635 933 4700 Et
955 4635 999 4702 sic
1022 4641 1108 4720 patet
1126 4633 1325 4722 sufficientia
1349 4653 1403 4720 pe·

445 4741 590 4810 titionum
615 4741 786 4808 secundum
812 4747 986 4826 utrumque
1008 4739 1245 4826 Evangelistarn.

279 4865 435 4910 3333333.
498 4909 499 4912 ,
535 4851 565 4914 8.
588 4849 676 4914 Patet
697 4849 792 4914 etiarn
815 4849 913 4916 buius
932 4849 1082 4938 orationis
1105 4847 1269 4914 nobilitas.
1288 4849 1403 4932 Quam-

308 4919 342 4962 uis
359 4919 435 4962 nobill-

308 4977 348 5016 os.
445 4975 540 5042 quam
564 4955 605 5022 sit
628 4955 828 5034 brevissima,
859 4955 995 5024 continet
1017 4955 1050 5022 in
1073 4943 1108 5022 se
1137 4971 1263 5020 omnem
1288 4955 1402 5020 oratio-

516 5321 526 5352 ¹
549 5325 621 5376 Mers
641 5323 684 5376 15.
702 5329 729 5378 31
746 5325 807 5378 3313
825 5327 886 5378 Luc.
909 5325 955 5386 ll,
978 5325 1019 5374 13.
1403 5385 1404 5388 ¹

516 5407 527 5440 ²
548 5413 632 5464 Serm.
651 5413 694 5466 15.
715 5413 742 5464 13
760 5411 831 5466 Cant.
854 5429 878 5466 n.
897 5413 928 5464 2:
941 5413 999 5464 Mihi
1012 5413 1125 5464 dictatur
1137 5411 1235 5480 oratio,
1248 5405 1323 5466 33133
1337 5413 1404 5478 prin-

445 5501 545 5566 cipium
564 5501 671 5554 nomine
688 5503 764 5556 dulce
784 5509 893 5568 paterno
906 5501 1072 5568 sequentium
1085 5499 1287 5555 obtinendarum
1301 5503 1404 5568 petitio-

446 5601 510 5640 num
527 5585 636 5654 praebet
654 5589 790 5644 fiduciam.
810 5617 846 5630 --
866 5589 924 5642 Mat.
943 5587 1020 5644 Beda.

515 5671 527 5704 ³
547 5677 623 5730 Num.
641 5677 667 5728 5.
686 5707 721 5716 -
741 5679 829 5732 Glossa
851 5677 993 5734 333133νὶ3
1011 5677 1053 5744 (ev
1071 5675 1152 5744 Beda)
1179 5677 1250 5742 apud
1270 5677 1403 5744 Lyrannm

447 5767 473 5818 in
492 5767 554 5818 Luc.
575 5767 666 5828 1113
686 5767 768 5820 Lucas
794 5781 844 5818 non
864 5773 981 5830 septem,
999 5767 1048 5820 sed
1064 5767 1182 5832 quinque
1200 5767 1290 5830 ponit,
1308 5771 1334 5818 et
1353 5769 1403 5820 boc

446 5863 525 5902 causa
545 5851 690 5902 brevitatis.
708 5853 736 5902 ln
759 5853 975 5920 quinquaqinta
998 5853 1092 5918 pontt,
1104 5859 1203 5918 septem
1224 5855 1263 5906 illa
1289 5853 1404 5920 intelligit

376 5919 383 5956 ¹
447 5937 581 5990 concinent.
602 5939 675 5990 roem
693 5937 756 5992 uren
773 5929 898 6004 August,
920 5941 1051 5992 333331.
1068 5953 1091 5994 a
1113 5941 1172 5994 33.
1190 5955 1218 5992 ιι.
1242 5941 1286 5992 33.
1303 5969 1339 5980 -
1359 5943 1404 5992 su-

446 6025 535 6090 perius
560 6023 641 6078 acb
665 6025 788 6078 omittunt
812 6025 845 6080 Et
869 6025 967 6082 131333
993 6029 1035 6094 (in
1060 6029 1081 6080 b
1106 6029 1222 6082 3333333
1247 6043 1342 6082 manus
1361 6029 1404 6082 ad·

446 6115 513 6168 didit
531 6113 586 6178 Et).

504 6199 528 6236 ν*
548 6203 605 6256 ilat.
625 6217 686 6254 cum
710 6201 839 6270 nonnullis
866 6203 943 6256 codd.
966 6203 1179 6274 consummatio;
1197 6205 1268 6256 idern
1294 6205 1405 6256 recurrit

446 6291 579 6358 aliquanto
597 6289 711 6340 interius

516 6375 809 6446 1(13333331311333.
832 6373 950 6430 Subinde
975 6389 1023 6442 pro
1046 6375 1259 6430 subministratio
1285 6379 1306 6430 G
1328 6375 1415 6430 33131»

445 6465 557 6532 stratio,
578 6469 637 6520 Mat.
653 6463 802 6520 3313333113.

518 6551 529 6582 ⁶
549 6553 615 6608 Cod.
631 6555 652 6606 b
671 6553 756 6606 33313
774 6551 882 6608 Dimitte
900 6549 978 6608 33113
1000 6557 1110 6622 peccata
1127 6557 1242 6620 333133,-
1259 6555 1285 6606 31
1303 6565 1336 6604 33
1354 6565 1404 6608 nos

447 6643 569 6698 inducas.
674 6693 676 6698 ,
1033 6705 1035 6708 ,

517 6727 527 6760 ²
548 6731 597 6786 Cir.
618 6733 705 6784 Glossa
727 6729 1237 6796 3331333333ιά13333333131333.
1257 6729 1344 6794 113.
1364 6729 1406 6798 (ex

447 6821 530 6884 lleda,
550 6821 595 6886 qui
615 6821 732 6886 sequitur
750 6821 876 6892 August,
893 6821 1024 6874 Euchirid.
1045 6837 1067 6876 3.
1087 6821 1146 6874 115.
1167 6835 1222 6888 333.
1241 6833 1267 6872 u.
1289 6817 1351 6886 aa).

2360 565 2424 628 279

1469 751 1540 800 nem
1562 739 1595 802 et
1615 733 1721 800 omnia
1749 731 1950 818 postulanda:
1973 731 2120 816 quoniam
2147 739 2256 818 petens
2279 741 2334 802 331
2348 733 2426 820 petit

1469 839 1665 904 amotionem
1687 837 1789 916 annii,
1820 843 1875 904 aut
1904 835 2106 902 cellatione-m
2130 835 2243 902 53318.
2270 837 2298 904 Si
2324 839 2424 916 niati,

1469 949 1524 1010 aut
1546 943 1617 1026 mali
1643 943 1778 1028 cnlpae,
1800 949 1857 1010 aot
1888 942 1959 1010 mali
1980 961 2122 1028 poenae:
2149 951 2204 1010 ant
2225 943 2316 1022 mali,
2341 943 2425 1028 quod

1467 1049 1631 1132 patirnar,
1656 1057 1711 1116 aut
1726 1049 1813 1126 mali,
1840 1049 1922 1134 quod
1938 1049 2073 1136 opinans
2087 1051 2115 1128 9;
2141 1057 2170 1116 31
2186 1049 2230 1114 313
2255 1057 2330 1114 3331
2343 1049 2424 1114 3333

1470 1153 1642 1234 petitiones.
1667 1153 1726 1218 Sed
1749 1153 1866 1218 malum
1889 1171 2013 1240 poeitae
2035 1159 2138 1238 potest
2160 1153 2334 1218 subdividi:
2349 1151 2427 1236 quia

1469 1259 1623 1342 quoddam
1641 1268 1687 1326 est
1705 1259 1833 1324 occasio
1849 1261 1976 1344 cnlpae,
1991 1267 2025 1326 31
2039 1261 2085 1326 313
2099 1267 2148 1326 331
2159 1261 2311 1336 13313113
2325 1255 2426 1342 quod-

1469 1363 1541 1430 dant
1557 1371 1743 1432 manutenet
1769 1365 1929 1432 rationem
1951 1385 2094 1450 poenae,
2117 1371 2150 1432 31
2171 1365 2217 1432 313
2234 1363 2424 1440 tribulatis·

1469 1475 1498 1534 et
1523 1471 1566 1534 sic
1596 1487 1637 1536 ex
1665 1471 1718 1534 illa
1739 1471 1888 1554 petitione
1917 1471 2088 1538 eliciuntur
2117 1471 2200 1538 duae
2222 1471 2359 1536 ultimae.
2394 1469 2422 1534 Si
2484 1463 2485 1466 ’

1469 1581 1573 1642 autem
1598 1577 1734 1660 petimus
1757 1577 1896 1642 bortum:
1925 1585 1981 1644 aut
2003 1585 2195 1654 aeternam,
2219 1587 2275 1642 aut
2304 1585 2424 1660 tenipu-

1469 1681 1548 1746 3313.
1572 1683 1602 1748 Si
1626 1691 1813 1760 aeternnm,
1839 1691 1893 1748 aut
1916 1688 2070 1766 exparte
2095 1681 2287 1762 1313333133,
2312 1689 2367 1750 aut
2383 1701 2424 1750 en

1467 1793 1556 1872 parte
1580 1783 1736 1872 31133133,
1761 1795 1792 1852 31
1823 1789 1866 1854 313
1891 1789 1971 1854 3333
1993 1789 2167 1870 petitiones
2199 1789 2258 1856 Sed
2287 1789 2424 1876 affectas
2497 1857 2500 1864 ,

1469 1891 1561 1966 habet
1586 1891 1724 1958 ordinari
1746 1897 1893 1974 respectu
1923 1891 2108 1976 ncaiestatis
2140 1899 2169 1958 et
2194 1901 2340 1976 respectu
2371 1891 2424 1960 bo-

1468 1997 1604 2074 nitatis,·
1626 2003 1659 2062 31
1679 1997 1725 2062 313
1740 1997 1794 2062 1113
1816 1997 1924 2080 petitio
1940 1997 2041 2080 prima
2064 1997 2216 2062 divisione
2231 1999 2421 2080 geminatur,

1468 2101 1520 2168 333
1544 2101 1755 2168 subdivisione
1787 2101 1974 2186 triplicatur.
1998 2101 2029 2166 Si
2052 2119 2128 2168 vero
2156 2101 2276 2186 petitur
2304 2103 2423 2168 bonum

1463 2205 1659 2292 1333333313,
1682 2215 1738 2272 331
1754 2205 1874 2272 ratione
1898 2205 2101 2286 accedisset
2125 2205 2244 2272 ratione
2262 2209 2422 2290 corporis

1468 2313 1527 2380 Sed
1549 2313 1623 2398 quia
1647 2311 1818 2398 corporale
1839 2313 1955 2378 bonnam
1976 2329 2038 2378 nort
2060 2311 2154 2380 debet
2174 2311 2346 2378 desiderari
2361 2313 2444 2378 nisi

1467 2425 1598 2502 propter
1611 2417 1805 2502 spirituale·
1830 2417 1899 2484 ideo
1921 2423 1984 2482 tam
2001 2417 2175 2484 secundum
2196 2419 2308 2482 bucam
2327 2435 2421 2502 quam

1467 2525 1659 2590 Matthaeum
1680 2541 1744 2590 una
1768 2523 1802 2590 131
1826 2523 1932 2608 petitio
1958 2525 1994 2590 de
2020 2529 2165 2608 utroque.
2182 2561 2226 2572 --
2242 2523 2280 2588 Et
2300 2521 2346 2590 sic
2368 2541 2424 2606 pa-

1469 2635 1512 2696 tet
1535 2629 1734 2716 sufficientia
1756 2629 1945 2696 divisionum
1970 2647 2027 2714 per
2049 2629 2191 2696 mamhra
2219 2629 2360 2714 opposita
2392 2633 2423 2696 31

1466 2733 1659 2814 immediata,
1681 2743 1713 2800 et
1736 2741 1820 2820 patet
1845 2733 2023 2800 concordia
2045 2733 2127 2800 inter
2146 2735 2367 2820 Evangelistas,
2393 2739 2424 2800 et

1466 2845 1551 2924 patet
1574 2839 1763 2908 diversitatis
1787 2839 2034 2926 3333333310.

1557 2947 1587 3010 9.
1612 2947 1690 3012 Sunt
1711 2945 1806 3030 igitur
1831 2945 1971 3030 quinque
1986 2945 2152 3028 petitiones
2171 2947 2345 3012 secundum
2361 2947 2421 3010 Lu·
2435 2935 2596 3020 uituperare

1445 3071 1553 3150 poam,
1577 3053 1753 3118 ordinatae
1785 3051 1958 3118 secundum
1985 3051 2176 3118 nobilitatem
2210 3051 2358 3118 maiorem
2393 3058 2423 3118 et

1468 3159 1630 3226 minorem.
1659 3161 1687 3224 ln
1713 3157 1813 3244 prima
1838 3159 1956 3244 petitur
1979 3157 2116 3244 perfecta
2141 3157 2258 3236 notitia
2287 3157 2424 3226 313333-

1468 3265 1584 3350 pientia
1607 3267 1638 3330 in
1663 3265 1840 3354 intellectu;
1871 3265 2079 3344 insecundo,
2110 3265 2248 3350 perlecta
2277 3283 2424 3330 cancren-

1469 3373 1515 3438 tia
1539 3373 1577 3436 in·
1603 3373 1730 3450 aliectu;
1762 3371 1927 3450 13133113,
1961 3371 2160 3460 sufficientia
2189 3371 2221 3436 in
2254 3371 2358 3450 victu;
2392 3371 2422 3436 in

1467 3483 1596 3562 quarta,
1619 3477 1827 3562 indaclpentia
1845 3477 1875 3542 in
1901 3483 2004 3556 reatu;
2030 3477 2060 3542 in
2079 3477 2203 3562 quinta,
2226 3475 2367 3542 uictoria
2392 3475 2422 3542 in

1469 3583 1626 3650 conflictu.
1658 3621 1698 3634 -·
1727 3583 1763 3650 Et
1786 3583 1816 3649 in
1843 3583 1892 3650 his
1915 3583 2054 3668 quinque
2079 3583 2280 3668 implicantur
2303 3589 2423 3668 septem
2444 3601 2575 3646 uocatum.

1467 3691 1646 3772 petitiones,
1670 3707 1706 3756 ac
1729 3707 1787 3774 per
1802 3691 1861 3754 hoc
1884 3695 2001 3772 septem
2021 3689 2166 3766 virtutes
2192 3697 2310 3772 septem
2327 3689 2422 3768 3333,

1466 3799 1585 3878 septem
1608 3793 1815 3862 beatitudines
1840 3799 1869 3860 et
1886 3813 1995 3860 orrcnes
2021 3793 2190 3878 petitiones
2210 3795 2294 3862 Unde
2317 3795 2424 3862 Glossa

1466 3899 1541 3964 dicit
1571 3917 1667 3982 super
1698 3899 1776 3966 11133
1805 3897 1950 3964 Matthaei
1983 3903 2073 3964 sento
2092 3901 2135 3962 11:
2168 3899 2368 3964 1111333333
2402 3919 2424 3964 a

1466 4003 1573 4076 33313.Ι
1604 4027 1618 4060 «
1634 4003 1718 4068 Nihil
1738 4003 1841 4082 deest,
1864 4003 1948 4086 quod
1965 4003 2004 4068 win
2030 4001 2079 4068 his
2102 4009 2221 4088 septem
2243 4003 2424 4088 petionibus

1467 4125 1530 4174 non
1544 4107 1750 4186 contineatur,
1769 4111 1836 4174 3133
1850 4107 1889 4174 ad
1904 4113 2114 4192 praesentem,
2126 4095 2127 4110 ³
2141 4111 2206 4174 sive
2222 4109 2259 4174 33
2282 4109 2423 4176 futuram

1467 4213 1622 4300 pertineat
1646 4215 1739 4280 vitam
1756 4241 1787 4280 ».

1559 4323 1608 4386 10.
1634 4321 1737 4386 Primo
1759 4321 1857 4406 igitur
1879 4327 2033 4406 quantum
2056 4321 2096 4402 ad
2116 4321 2271 4388 notitiam
2294 4321 2358 4388 sive
2375 4339 2424 4388 sa·
2443 4339 2583 4396 reoccupa-

1460 4425 1615 4512 ,pientiam
1650 4427 1685 4492 ia
1721 4425 1879 4492 1313113313
1911 4425 2001 4492 dicit:
2039 4425 2271 4510 Sanctificetur
2306 4447 2424 4494 nomen
2485 4405 2531 4438 Μ’

1468 4539 1582 4610 taam,
1607 4531 1637 4596 id
1662 4537 1709 4598 est
1739 4537 1882 4598 sanctum
1914 4521 2062 4616 appareat
2085 4551 2203 4598 nonccn
2227 4537 2340 4612 tuaac,
2363 4533 2424 4600 hoc

1467 4643 1514 4702 est
1538 4643 1599 4702 tua·
1616 4637 1742 4714 notitia;
1766 4637 1851 4704 unde
1865 4637 1898 4702 in
1916 4637 2035 4702 Psalmo
2045 4635 2091 4702 12:
2118 4661 2135 4696 «
2151 4637 2247 4704 Motus
2264 4639 2294 4702 in
2312 4637 2424 4704 iudaea

1467 4743 1568 4820 Deus,
1594 4741 1624 4808 in
1650 4741 1743 4810 lsrael
1766 4759 1914 4828 magnum
1937 4759 2050 4810 nomen
2075 4743 2144 4810 eius
2160 4771 2189 4808 ».
2209 4743 2243 4808 Et
2268 4745 2346 4810 haec
2368 4763 2424 4812 no

1468 4849 1536 4918 11113
1558 4849 1667 4932 incipit
1689 4849 1721 4916 in
1744 4849 1861 4934 gratia,
1886 4849 1939 4916 sed
1975 4857 2214 4916 consummatur
2249 4849 2282 4916 in
2303 4849 2422 4936 gloria;

1468 4956 1505 5021 de
1530 4975 1594 5040 quo
1617 4955 1785 5022 Malachiae
1817 4955 1935 5038 primu:
1967 4957 2042 5022 «hh
2065 4963 2140 5022 ortu
2163 4957 2235 5038 solis
2260 4973 2361 5042 usque
2385 4957 2426 5024 ad

1539 5323 1619 5378 8Cir.
1645 5325 1776 5390 Breviloq.
1800 5339 1827 5388 p.
1858 5323 1889 5374 V.
1915 5337 1935 5374 3.
1961 5323 2001 5374 tt.
2020 5351 2056 5362 -
2072 5323 2163 5376 Glossa
2186 5321 2368 5378 interlinearis
2397 5323 2424 5374 in

1466 5415 1552 5466 Mattb.
1572 5413 1652 5476 6,(11
1671 5411 1716 5468 Sic
1739 5425 1869 5482 arpenas
1894 5409 2022 5476 orabitis,
2046 5411 2081 5464 de
2107 5413 2180 5464 rnalis
2205 5413 2374 5464 removendis
2400 5417 2425 5464 31

1467 5497 1543 5554 bouis
1565 5499 1742 5566 acquirendis.
1760 5527 1798 5540 -·
1820 5499 1947 5566 Superius
1973 5513 2022 5566 pro
2048 5497 2221 5568 Quamquam
2243 5497 2321 5566 pauci
2347 5497 2427 5552 codd.

1469 5587 1605 5656 Quoniam
1622 5587 1679 5644 3131.

1538 5675 1692 5744 leugas,
1711 5663 1936 5732 1331113131).
1957 5691 1980 5730 3.
1999 5677 2025 5730 1.
2043 5693 2070 5730 n.
2093 5677 2121 5728 l:
2148 5675 2257 5728 Datobus
2283 5677 2352 5728 enim
2372 5689 2426 5732 mo·

1467 5765 1507 5820 dis
1525 5767 1658 5832 appellare
1676 5767 1790 5818 solemus
1807 5767 1920 5818 malum:
1940 5779 2005 5830 nno,
2027 5779 2087 5818 cum
2101 5767 2168 5818 33313
2185 5777 2320 5830 quemque
2335 5763 2426 5818 recissa

1468 5855 1595 5920 dicimus;
1613 5855 1676 5918 alio,
1693 5869 1753 5908 curn
1775 5855 1836 5906 mali
1854 5853 1954 5920 aliquid
1973 5867 2030 5906 esse
2047 5867 2212 5920 perpessum.

1539 5939 1560 5972 ²⁰
1579 5941 1629 5996 Cir.
1650 5943 1720 5994 Alex.
1739 5943 1807 6008 1131,
1829 5943 1854 5994 S.
1872 5955 1900 6004 p.
1920 5941 1962 5994 tv,
1980 5955 2006 6006 q.
2033 5941 2074 5992 10.
2099 5947 2128 5992 13.
2149 5941 2181 5992 33
2206 5941 2295 5992 Oltlcio
2315 5941 2426 6002 missae,

1467 6045 1495 6094 p.
1516 6029 1578 6096 MS
1599 6031 1626 6096 1,
1646 6029 1691 6082 ubi
1712 6029 1835 6096 qoaehio
1853 6029 2014 6094 praecedunt
2033 6035 2057 6082 et
2070 6031 2218 6094 sequuntur
2235 6027 2355 6082 diffusius
2366 6041 2427 6092 pro·

1468 6115 1613 6182 ponuntur,
1625 6115 1755 6182 simulque
1775 6115 1824 6168 loci
1849 6115 1987 6168 doctorum
2004 6115 2167 6178 indicentur,
2184 6115 2232 6180 qni
2250 6115 2285 6168 33
2303 6115 2427 6166 Oratione

1468 6203 1599 6256 dominica
1618 6209 1803 6256 tractaverunt.

1461 6325 1464 6332 .
1541 6291 1560 6322 ¹¹
1581 6295 1657 6346 Vers.
1672 6291 1713 6342 te.
1732 6291 1821 6344 Glossa
1835 6295 1873 6342 ost
1885 6289 2028 6342 ordinaria
2041 6279 2112 6354 apud
2130 6291 2277 6356 Lyranum;
2294 6293 2344 6342 313.
2362 6289 2428 6344 ibid.

1469 6371 1559 6430 Glossa
1578 6377 1722 6430 ordinaria
1739 6379 1764 6428 in
1785 6393 1810 6430 v.
1829 6379 1856 6430 9.
1873 6379 1941 6430 Vide
1960 6379 2079 6442 August,
2093 6379 2171 6442 Epist.
2186 6379 2245 6430 133.
2267 6377 2425 6444 (31133121.)

1469 6483 1492 6522 3.
1512 6469 1554 6520 li.
1574 6479 1599 6520 n.
1619 6469 1664 6520 13.
1680 6481 1737 6534 333.
1743 6485 1750 6528 ;
1772 6469 1800 6520 ll.
1817 6465 1853 6520 de
1870 6467 1956 6518 Serra.
1971 6465 2071 6520 [lumini
2091 6467 2115 6518 in
2131 6467 2426 6530 montanasque.

1469 6561 1495 6610 et
1513 6559 1598 6608 Serm.
1616 6555 1705 6610 5659.
1726 6553 1799 6622 (31133
1818 6553 1861 6608 18.
1879 6561 1907 6608 31
1932 6555 1959 6606 9.
1984 6555 2018 6608 33
2046 6555 2174 6620 Diversis
2193 6557 2322 6610 1113133
2341 6557 2430 6610 llomi·

1469 6645 1515 6696 lias
1535 6643 1577 6696 511.
1596 6649 1621 6698 31
1642 6643 1702 6698 135.
1725 6645 1758 6698 de
1778 6647 1929 6712 Tempore).
1948 6671 1985 6684 -
2003 6645 2129 6710 Superius
2149 6659 2196 6712 pro
2217 6659 2307 6700 333333
2323 6643 2430 6714 perdia·

1469 6745 1516 6786 nes
1536 6731 1618 6788 ACD
1635 6737 1736 6802 septen
1749 6731 1902 6802 petitiones.

1540 6819 1563 6852 ¹²
1581 6823 1677 6878 Psalm.
1694 6823 1739 6888 te,
1757 6823 1785 6880 2.
1802 6851 1839 6864 -
1857 6823 1981 6892 Sequitur
1998 6823 2106 6880 Malach.
2126 6825 2158 6892 l,
2177 6823 2221 6880 11.

2480 3029 2509 3060 nu
2513 3031 2540 3062 111.
