5908 8266
1185 521 1841 592 1999914191444111933.5491910919
1876 605 1877 608 Ἴ
2443 521 2511 586 755·

803 613 867 664 GAZ
2155 613 2217 664 GEN

521 701 568 754 sed
590 701 666 752 intrat
681 697 708 750 49
728 701 855 766 gaudium
875 697 935 754 toto.
956 707 996 738 -·
1009 697 1035 752 49
1049 697 1159 752 heatitu·
1203 731 1206 734 -
1249 729 1284 738 -
1302 691 1334 750 ln*
1356 697 1572 762 generationibus
1603 697 1674 750 ordo'
1697 697 1834 750 mulierum
1871 699 1920 752 viis
1940 703 1965 752 et
1988 697 2097 762 sepibus
2123 703 2251 750 vocantur
2269 697 2302 750 ad
2328 709 2437 750 coenam
2456 695 2509 748 374

521 789 641 842 dineost
660 787 867 840 9999999477
889 787 920 838 46
1050 849 1051 854 ¹
1196 787 1224 838 in
1243 787 1386 854 scripturis
1412 801 1465 840 non
1491 789 1602 840 retertur
1632 787 1674 840 711
1694 787 1727 840 85
1747 787 1781 842 58
1799 817 1836 826 -
1873 787 1905 838 49
1924 813 1959 826 -
1981 787 2174 850 compelluntur
2202 787 2296 838 intrare
2325 799 2374 850 per
2396 785 2508 838 commi·

575 905 609 916 υ-
627 875 756 928 iustorum
772 875 867 928 dehent
881 889 938 928 esse
952 873 1101 928 commuuio
1114 877 1159 928 711
1197 877 1385 930 Generationes
1403 877 1427 928 in
1458 877 1609 942 genealogia
1631 875 1724 930 Christi
1742 889 1759 928 a
1777 877 1836 928 blat-
1871 875 2006 928 nationem
2024 877 2190 932 aeternorum
2208 871 2398 938 suppliciorum
2418 871 2479 926 ioht.

523 965 573 1018 598
605 963 639 1016 45
659 991 691 1000 -
713 967 762 1018 Lex
790 961 904 1016 caritatis
926 967 979 1028 est,
1007 967 1036 1014 ut
1064 963 1160 1026 gaudia
1199 967 1275 1018 thaeo
1292 971 1318 1018 et
1337 967 1407 1018 Luca
1423 961 1575 1018 differenter
1592 963 1778 1018 describuntur
1800 965 1835 1016 86
1896 991 1959 1006 .-
1976 961 2096 1024 altigatae
2115 965 2190 1012 erant
2206 959 2314 1012 ionibus
2339 953 2514 1024 peccatorum

522 1045 707 1106 universorum
725 1051 775 1104 sint
794 1051 960 1114 communia,
987 1063 1040 1102 nou
1058 1051 1161 1114 privata
1199 1051 1232 1104 59
1250 1079 1287 1100 ·-
1305 1053 1512 1106 Generationum
1529 1067 1656 1106 numerus
1673 1053 1700 1104 in
1714 1053 1837 1118 genealo-
1871 1051 1914 1102 711
1942 1049 1990 1100 489
2022 1047 2054 1098 46
2073 1075 2106 1086 ·-
2133 1045 2257 1100 carebant
2281 1045 2353 1098 omni
2382 1047 2511 1110 regimine

524 1141 573 1194 388
602 1143 633 1194 i8
655 1159 687 1180 -‘-
707 1141 804 1194 Caritas
824 1141 896 1204 cogit
909 1141 941 1192 de
955 1141 1027 1192 hono
1045 1141 1162 1204 gaudere
1196 1141 1241 1208 ¹gia
1268 1141 1360 1196 Christi
1381 1143 1457 1210 plura
1475 1137 1657 1208 significatio.
1675 1143 1710 1194 60
1742 1179 1744 1188 .
1873 1135 2024 1202 disciplinae
2041 1133 2344 1198 neritia-:Populus
2360 1135 2511 1200 gentilisad

525 1231 627 1282 40959
649 1257 682 1270 -
720 1227 852 1282 Debemus
869 1229 977 1282 caritate
994 1231 1163 1294 congaudere
1223 1271 1225 1276 ,
1253 1259 1287 1270 ·-
1305 1231 1444 1286 Generatio
1469 1231 1626 1298 spiritualis,
1646 1237 1771 1298 quaeest
1788 1243 1837 1296 per
1861 1225 2016 1280 lEcclesiam
2034 1223 2146 1276 ueniens
2165 1223 2275 1276 soluitur
2294 1222 2511 1277 devinculoser·

524 1321 557 1372 (19
576 1319 729 1372 exaltatione
745 1315 840 1370 Christi
858 1317 892 1370 71
912 1315 963 1370 444
982 1317 1017 1370 49
1200 1319 1313 1372 uerbum
1333 1321 1410 1388 ritae,
1427 1323 1578 1386 praefertur
1600 1319 1763 1384 generationi
1781 1333 1837 1372 car·
1873 1315 1963 1368 vitetis
1981 1311 2144 1366 idololatriae
2161 1319 2188 1366 et
2206 1311 2439 1366 exsaturasset
2505 1389 2507 1394 ,

539 1443 540 1446 ¹
577 1409 785 1482 Gazonarnscruu
801 1431 840 1444 -
855 1405 984 1460 dicituro
1004 1411 1163 1474 gaza,quod
1200 1407 1314 1468 9914711
1343 1411 1394 1460 498
1412 1409 1447 1462 39
1465 1437 1501 1450 -
1520 1409 1699 1462 Generatiouis
1716 1407 1838 1474 spiritua·
1876 1435 1878 1438 -
1925 1401 2090 1454 —Gentiles
2108 1405 2184 1454 erant
2210 1399 2236 1450 iu
2264 1399 2349 1462 bivio,
2369 1401 2431 1468 quia
2457 1401 2514 1452 non

525 1501 563 1550 est
582 1495 705 1558 divitiae,
724 1501 749 1546 et
768 1509 782 1546 a
800 1495 925 1560 phylaxe,
952 1497 1026 1564 qood
1049 1501 1089 1550 est
1111 1513 1164 1552 ser·
1200 1497 1232 1550 lis
1249 1497 1388 1564 conceptio
1406 1497 1434 1550 fit
1453 1499 1476 1550 iu
1490 1497 1557 1564 tide,
1572 1503 1661 1562 partus
1673 1497 1838 1562 therope-
1873 1489 2049 1558 sequebantur
2068 1489 2186 1556 aliquam
2201 1493 2298 1542 certam
2312 1489 2384 1542 viam
2395 1489 2439 1542 711
2458 1487 2510 1540 499

511 1573 589 1636 ‘rare
608 1583 640 1636 71
661 1583 712 1636 359
731 1583 775 1636 96.
791 1585 836 1637 711
855 1585 930 1636 5904
951 1615 984 1624 -
998 1589 1053 1638 erat
1065 1585 1091 1638 in
1103 1585 1163 1642 des·
1200 1585 1341 1648 rationem,
1358 1585 1462 1640 lactatio
1480 1585 1508 1636 in
1526 1585 1662 1638 dilectione
1681 1591 1707 1638 et
1724 1583 1839 1638 contem·
1875 1579 1907 1632 48
1921 1579 2086 1642 -Populus
2105 1579 2216 1642 gentilis,
2228 1583 2370 1644 autequam
2389 1577 2422 1630 ad
2442 1575 2511 1630 Chri·

423 1711 424 1714 ,
492 1661 494 1666 ’
526 1679 580 1726 tera
600 1677 674 1738 parte
692 1673 896 1738 temptavisse
914 1675 1065 1728 944-99
1084 1675 1164 1738 aean·
1201 1675 1313 1738 piatione
1334 1673 1390 1732 nor,
1404 1675 1437 1726 aa
1460 1703 1491 1712 --
1513 1675 1537 1726 9
1562 1671 1647 1726 9994
1673 1671 1777 1726 acrinus
1794 1687 1838 1738 ge·
1874 1673 1945 1720 stum
1968 1667 2078 1732 veniret,
2094 1667 2156 1718 toris
2186 1671 2240 1720 991
2258 1663 2322 1720 toto.
2339 1693 2377 1704 -
2393 1665 2510 1744 coporos

526 1765 608 1830 tatum
635 1761 670 1814 ad
698 1761 843 1816 oblationes
865 1769 1026 1828 spontaneas
1046 1761 1164 1818 iota-
1201 1763 1341 1816 necationis
1358 1761 1501 1828 spiritualis
1522 1763 1684 1818 insinuantur
1706 1761 1838 1826 susceptio
1874 1755 1976 1820 gentilis
2000 1753 2084 1808 Stoboi
2110 1755 2206 1820 14940118
2223 1753 2252 1806 in
2269 1753 2357 1816 bivio,
2377 1753 2438 1822 quio
2455 1767 2510 1804 110ss

527 1849 665 1904 dicebatur
675 1850 763 1918 loeus,
777 1851 822 1906 ubi
836 1849 933 1906 flebant
946 1851 1091 1908 oblationes
1101 1849 1163 1906 thid.
1202 1849 1314 1914 gratiae,
1338 1849 1485 1902 exercitatio
1516 1849 1616 1902 activae
1644 1853 1669 1902 et
1697 1849 1839 1902 consolatio
1874 1855 1955 1894 119491
1980 1841 2041 1896 fidei
2071 1843 2194 1908 vitaeque
2222 1843 2293 1894 viam
2323 1841 2439 1910 tenebat,
2462 1841 2511 1894 sed

431 1929 432 1934 ἵ
526 1967 560 1976 -
580 1945 618 1992 est
637 1941 725 2008 locus,
744 1941 789 1992 ubi
808 1945 864 1994 erat
882 1939 1068 2006 repositorium
1088 1953 1164 2004 pecu·
1202 1937 1418 2000 contemplativae
1438 1935 1500 1992 itio.
1519 1937 1715 2002 *spiritualis
1731 1951 1785 1990 999
1811 1939 1839 1990 ut
1875 1929 1995 1994 pluribus
2013 1929 2146 1984 erroribus
2163 1929 2330 1984 deserviebat
2341 1927 2402 1984 ibid.
2415 1933 2511 1996 *ber

526 2027 588 2080 uiae
605 2029 649 2080 Vll
667 2027 720 2080 590
739 2029 749 2080 4
770 2059 801 2068 -
815 2029 943 2092 accipitur
962 2029 1101 2094 aliquando
1113 2041 1164 2090 pro
1202 2023 1257 2074 sine
1270 2029 1370 2088 septem
1385 2025 1462 2076 donis
1473 2023 1587 2088 Spiritus
1603 2023 1690 2076 sancti¹
1704 2023 1736 2076 71
1742 2039 1743 2042 ’
1757 2025 1808 2076 519
1824 2023 1838 2074 4
1876 2017 1994 2082 diversas
2012 2023 2094 2068 sectas
2112 2023 2139 2068 et
2156 2017 2213 2072 rias
2230 2017 2432 2072 idololatrabant
2449 2017 2511 2072 ibid.

528 2117 594 2180 loco,
603 2115 629 2166 in
641 2131 694 2182 quo
704 2115 880 2180 reponebatur
892 2113 1011 2180 pecunia,
1025 2113 1164 2182 aliquando
1202 2111 1291 2162 -Per
1301 2111 1497 2176 generationem
1505 2111 1665 2176 spiritualem
1673 2111 1839 2176 praedicator
1875 2131 1909 2144 ·-
1929 2105 2043 2168 Populus
2063 2107 2180 2170 gentium
2194 2119 2291 2158 seruos.
2300 2111 2354 2158 erat
2367 2119 2418 2158 999
2432 2105 2510 2158 unitis

527 2215 576 2266 pro
596 2203 675 2256 domo
699 2203 837 2256 levitarum
864 2209 891 2254 et
916 2203 1098 2266 sacerdotum,
1121 2203 1165 2256 aii·
1203 2199 1263 2264 plus
1280 2199 1393 2252 allicitur
1410 2199 1444 2252 ad
1459 2199 1526 2252 hiios
1543 2203 1683 2264 generatos
1701 2213 1749 2264 per
1766 2213 1839 2264 prae·
1876 2191 1980 2244 Domini
2000 2197 2024 2244 94
2041 2191 2100 2254 Dii,
2122 2191 2169 2244 sed
2189 2195 2329 2244 4440404019
2348 2193 2512 2246 vitiot'um'si

527 2291 633 2356 quaudo
653 2305 702 2356 pro
720 2293 822 2356 porticu
842 2293 866 2342 st
885 2289 1026 2356 aliquando
1043 2289 1164 2356 proipsa
1202 2287 1357 2340 dicationem
1379 2287 1507 2354 quemad
1522 2293 1642 2352 parentes
1658 2287 1776 2340 carnales
1793 2287 1838 2340 711
1875 2279 2032 2338 daemonum
2054 2275 2086 2332 77-
2105 2279 2511 2344 50-709170839971194009

527 2391 602 2442 area,
621 2381 691 2446 quae
710 2377 833 2438 seruabat
849 2377 992 2432 oblationes
1004 2375 1067 2432 40444.
1079 2407 1113 2416 -
1126 2385 1165 2434 est
1205 2375 1254 2426 498
1269 2377 1300 2428 39
1315 2375 1506 2440 —spiritualis
1523 2375 1751 2428 commendatore
1769 2373 1839 2428 Chri·
1876 2365 1918 2418 4117
1940 2365 2116 2432 8496447701ὶί
2135 2365 2241 2420 deditus
2260 2371 2327 2432 erat,
2345 2367 2393 2422 sed
2411 2379 2460 2432 pro
2485 2367 2511 2420 li·

528 2479 603 2532 arca,
631 2465 731 2520 habens
759 2469 874 2520 foramen
903 2467 1033 2532 desuper,
1061 2467 1089 2518 in
1112 2481 1164 2536 qua
1204 2467 1242 2516 sto
1258 2463 1308 2516 997
1328 2465 1360 2516 63
1612 2505 1613 2508 ,
1877 2453 1932 2506 bitu
1951 2455 2151 2508 immundorum
2169 2453 2309 2518 8977411170
2327 2455 2361 2506 id
2375 2455 2512 2506 79440846·

529 2553 667 2608 mittebant
693 2557 843 2610 sacerdotes
860 2557 998 2620 pecunias,
1019 2569 1088 2624 quae
1104 2569 1167 2610 con·
1238 2551 1505 2606 Genesaram—est
1522 2551 1597 2620 quasi
1616 2565 1695 2606 auras
1710 2541 1841 2618 generans
1878 2541 2002 2608 ptahauu
2027 2539 2226 2596 9004θὸ7777
2247 2545 2283 2584 -·’
2301 2541 2449 2608 agebamus
2474 2555 2512 2596 80·

527 2641 1167 2712 949995991199499999949991999144544.
1205 2641 1237 2696 71
1259 2641 1308 2696 519
1329 2645 1344 2696 9
1362 2671 1400 2682 -
1421 2641 1519 2696 dicitur
1542 2655 1617 2694 mare
1644 2641 1718 2696 iuxta
1739 2655 1840 2698 morem
1878 2633 1994 2686 40071401
2012 2633 2226 2698 193948903774ῑὶ
2246 2631 2512 2686 64694419771417040·

527 2761 530 2768 «
583 2741 685 2790 Gnoson
712 2743 795 2790 -91
824 2735 880 2790 eius
907 2737 990 2790 relius
1018 2741 1056 2788 est
1083 2737 1167 2800 ligura
1207 2731 1361 2786 ludaeorum
1382 2731 1427 2786 594
1454 2733 1485 2784 43
1878 2727 1978 2788 l>tatum
2000 2723 2051 2774 482
2071 2721 2103 2776 79

428 2891 431 2896 1
529 2813 623 2880 Christi
644 2828 684 2880 711
706 2827 756 2880 596
776 2823 808 2878 34
971 2847 999 2856 =
1259 2823 1359 2874 Ganrns
1376 2849 1411 2862 -··
1430 2821 1541 2874 Gentiles
1565 2821 1688 2876 dicuntur
1709 2821 1870 2884 nationesf
1931 2825 2036 2866 -uon
2056 2815 2165 2878 possunt
2185 2809 2514 2876 icsnmvideretnmpro-

583 2917 702 2968 0999994
721 2945 756 2954 -
776 2915 947 2966 Tormentum
966 2915 1167 2978 gehennaenon
1206 2909 1269 2976 qnia
1286 2923 1339 2962 non
1355 2911 1455 2978 renati,
1481 2911 1528 2964 sed
1556 2911 1584 2964 in
1609 2911 1752 2964 nativitatis
1778 2909 1841 2962 uitio
1875 2907 1937 2968 -pter
1962 2899 2187 2966 perturbationem
2210 2901 2439 2966 phantasmatum,
2457 2903 2513 2950 tom

529 3009 618 3070 tanget
646 3005 727 3058 iustos
745 3005 780 3056 Vt
800 3005 850 3056 495
869 3017 897 3054 v.
917 3003 926 3054 4
953 3031 986 3040 --
1005 3003 1167 3058 aecedentes
1207 3005 1392 3064 permanentes
1409 2999 1443 3052 Vt
1463 2999 1513 3052 194
1535 3013 1562 3052 v.
1589 2999 1622 3052 14
1649 3025 1686 3040 ·-
1700 2999 1842 3064 sagiones
1879 2997 1986 3058 propter
2005 2991 2136 3046 derectum
2154 2989 2277 3042 naturalis
2291 2987 2362 3070 tucis
2375 2987 2419 3040 vu
2432 2985 2512 3040 tota

530 3091 665 3144 aChristo
683 3097 817 3144 merentur
844 3091 1004 3156 supplicium
1031 3093 1167 3154 gehennoe
1206 3095 1312 3154 paratae
1325 3091 1357 3142 ad
1376 3103 1488 3142 messem
1509 3093 1569 3142 sont
1586 3087 1764 3142 multitudines
1781 3101 1842 3154 gen·
1879 3109 1912 3118 -
1932 3093 1979 3146 094
1999 3079 2078 3134 fldem
2096 3077 2191 3132 Christi
2217 3081 2353 3132 elevantur
2372 3077 2405 3130 id
2426 3077 2511 3142 495747

530 3179 582 3230 559
601 3181 616 3230 5
636 3207 670 3220 -
689 3181 840 3232 Gehennale
856 3177 1017 3244 supplicium
1030 3181 1114 3232 solum
1130 3185 1168 3234 est
1205 3177 1287 3230 141499
1307 3179 1358 3230 998
1379 3177 1412 3228 55
1430 3203 1466 3218 -
1484 3175 1655 3242 designantur
1673 3191 1720 3242 per
1736 3179 1840 3230 Petrum
1879 3169 2056 3224 oontttssndttm
2075 3167 2137 3222 ibid·
2154 3197 2192 3208 -
2208 3167 2319 3222 libenter
2341 3170 2515 3232 susceperunt

529 3265 801 3320 14999499711311
828 3267 843 3316 8
1205 3265 1257 3316 507
1288 3267 1321 3316 46
1350 3293 1388 3304 -
1416 3265 1590 3328 designantur
1617 3261 1673 3330 per'
1695 3265 1840 3316 zachaeum
1879 3259 2010 3314 Christum
2028 3259 2080 3310 475
2099 3259 2133 3310 40
2150 3283 2188 3298 -
2204 3257 2319 3310 Gentiles
2330 3269 2392 3310 cum
2410 3255 2515 3310 curiosi·

548 3373 550 3380 1
583 3355 694 3406 Graues
712 3381 746 3394 -
766 3355 892 3406 09494999
918 3353 1005 3418 magis
1031 3355 1104 3408 audit
1122 3369 1167 3420 ge·
1205 3355 1248 3406 711
1278 3353 1328 3406 473
1351 3351 1368 3404 7
1394 3383 1429 3392 -
1455 3353 1626 3418 designantur
1652 3367 1701 3418 per
1726 3355 1842 3406 Naaman
1879 3353 1930 3400 tote
1948 3349 2059 3402 veniunt
2075 3347 2110 3400 ad
2129 3347 2281 3412 sapientiam
2296 3345 2466 3400 hamiendam
2482 3345 2514 3398 71

530 3441 622 3494 94499
644 3439 1165 3508 99914499999999999497140943
1205 3441 1299 3504 Syrum
1330 3439 1381 3492 474
1406 3439 1422 3490 7
1444 3441 1543 3508 -qui
1571 3439 1721 3492 obedienter
1746 3441 1842 3504 ample·
1880 3435 1912 3488 97
1942 3437 1957 3490 7
1985 3463 2020 3476 --
2047 3437 2160 3490 Gentiles
2189 3439 2343 3502 quaerentes
2374 3433 2514 3486 0994999

584 3531 740 3582 09944999
755 3527 899 3580 -Tribus
910 3527 1056 3580 rationibus
1075 3541 1167 3592 geuea·
1205 3533 1308 3580 9199499
1328 3527 1438 3592 vestigia
1457 3523 1604 3580 dominieae
1616 3527 1761 3592 passionis,
1777 3527 1841 3592 ligo·
1878 3525 2022 3586 confirmati
2040 3529 2098 3578 sunt
2120 3525 2143 3576 in
2161 3523 2213 3578 tide
2234 3523 2282 3574 417
2306 3523 2337 3574 36

530 3619 599 3682 logia
617 3615 770 3680 temporalis
786 3615 881 3670 Christi
895 3613 1050 3668 describitur
1069 3617 1111 3668 711
1133 3617 1166 3670 85
1204 3621 1293 3668 rantur
1321 3615 1347 3668 in
1377 3615 1483 3668 Simone
1516 3613 1650 3680 Cyrenaeo
1679 3615 1730 3670 579
1754 3615 1786 3668 30
1806 3641 1842 3654 -
1930 3639 1965 3654 ω-
1991 3613 2118 3666 Gentibus
2141 3615 2206 3666 iacta
2231 3615 2271 3664 est
2298 3611 2423 3664 revelatio
2450 3609 2514 3664 Scri·

530 3703 563 3756 59
578 3703 719 3758 -Christi
731 3703 828 3770 duplex
839 3709 893 3766 cst,
911 3703 1008 3756 scilicet
1019 3703 1164 3760 secundum
1203 3703 1386 3768 promptitudo
1406 3703 1527 3768 gentium
1556 3703 1589 3756 ad
1607 3703 1689 3756 fidem
1712 3703 1841 3768 liguratur
1878 3705 2015 3766 plurarem
2044 3703 2086 3756 711
2116 3701 2161 3754 584
2193 3699 2226 3754 55
2255 3727 2289 3738 -
2313 3699 2425 3752 Gentiles
2443 3703 2515 3752 erant

529 3793 627 3858 Legem
656 3799 680 3844 ot
708 3793 853 3846 secundum
882 3799 1002 3846 naturam
1025 3793 1167 3848 8659-
1205 3793 1231 3844 49
1251 3791 1403 3845 centurione
1421 3791 1472 3844 589
1493 3793 1531 3844 57.
1545 3819 1580 3832 -
1598 3793 1635 3844 ad
1652 3793 1752 3844 991199
1770 3789 1840 3844 Chri·
1878 3791 2019 3858 propinqui
2037 3791 2073 3844 ad
2090 3791 2186 3856 iidem,
2201 3789 2285 3856 parati
2305 3787 2337 3842 ad
2351 3787 2511 3842 credendum

530 3881 687 3946 Genealogia
707 3883 846 3936 mulierum
862 3895 915 3934 noo
929 3881 1034 3946 ponitur
1052 3883 1080 3934 in
1097 3883 1165 3934 Scri·
1203 3881 1233 3934 sti
1253 3881 1592 3946 redeuutessigniiicautur
1622 3879 1647 3932 in
1672 3881 1776 3946 leproso
1795 3881 1840 3932 Sa·
1877 3879 2032 3934 nuntiatoris
2051 3881 2083 3934 71
2102 3881 2153 3932 998
2174 3879 2208 3932 55
2225 3907 2262 3916 -
2279 3877 2513 3944 Gentilispopulus

425 3975 426 3978 ’
526 3973 693 4036 pturasacra
713 3969 746 4020 85
767 3971 798 4024 58
813 3969 1067 4036 *0994999999
1085 3971 1165 4036 expri·
1203 3967 1331 4022 99941999
1344 3967 1518 4022 tabithae
1531 3967 1615 4020 33-
1633 3969 1778 4032 ligurantur
1789 3981 1838 4032 per
1878 3969 1977 4022 tardius
2006 3968 2114 4022 veniens
2140 3967 2252 4022 credidit
2275 3967 2326 4020 507
2357 3967 2388 4018 48
2416 3993 2451 4004 ·-
2476 3967 2514 4042 Do

530 4061 639 4110 munior
665 4057 693 4108 in
720 4057 873 4122 genealogia
899 4057 1008 4120 Christi,
1025 4057 1166 4124 important
1203 4057 1339 4108 mulierem
1367 4057 1560 4110 samaritanam
1588 4057 1623 4108 71
1649 4057 1684 4108 97
1702 4071 1728 4108 y.
1748 4057 1773 4108 7.
1796 4055 1839 4108 711
1879 4057 2001 4120 gentibus
2017 4057 2137 4112 conversi
2154 4057 2189 4110 ad
2206 4055 2286 4110 ritum
2305 4055 2460 4108 ludaeorum
2478 4053 2514 4108 di·

525 4143 636 4212 aliquod
653 4145 792 4224 mysticum
813 4145 846 4196 87
865 4145 900 4198 69
1204 4143 1255 4196 489
1274 4145 1306 4196 99
1326 4171 1361 4182 -—
1380 4145 1561 4208 signiocantur
1573 4159 1621 4210 per
1634 4143 1753 4210 quinque
1765 4157 1839 4198 mnas
1879 4143 2004 4198 cebantur
2020 4145 2145 4210 proselyti
2165 4143 2216 4198 417
2236 4145 2268 4198 33
2287 4143 2473 4196 -adorantes
2486 4143 2514 4196 in

527 4247 529 4252 ·
582 4233 719 4286 (19999499
734 4239 775 4272 ·-”-’
789 4237 830 4286 est
846 4245 896 4298 per
912 4231 1041 4300 originem
1057 4232 1099 4286 uel
1118 4247 1166 4298 per
1205 4229 1255 4284 489
1274 4231 1629 4296 99-41499919919199999,
1642 4231 1704 4300 quia
1717 4231 1842 4286 inhdam
1879 4235 1976 4300 templo
1996 4231 2199 4288 exaudiebantur
2217 4231 2268 4286 446
2290 4231 2322 4284 99

419 4355 420 4358 ¹
529 4321 701 4376 imitationem
723 4323 759 4376 71
779 4321 831 4372 368
849 4321 885 4372 69
902 4345 939 4378 ,-
956 4321 1041 4374 0999
1061 4333 1167 4386 genera·
1203 4321 1342 4374 voluerunt
1359 4321 1512 4388 praeripere
1529 4321 1686 4386 dignitatem
1703 4319 1839 4388 propriam
1895 4349 1965 4392 j„-
1985 4321 2095 4376 Gentiles
2114 4337 2165 4376 non
2184 4323 2287 4376 inerunt
2306 4333 2322 4372 a
2338 4317 2440 4374 Christo
2467 4321 2510 4374 de

528 4411 718 4476 torquentum
743 4411 780 4486 ad
806 4409 978 4462 substantiam
998 4409 1031 4462 44
1049 4411 1112 4474 qh
1132 4437 1167 4450 -
1204 4405 1257 4460 575
1275 4409 1308 4460 38
1322 4435 1355 4446 -
1370 4411 1521 4474 ligurantur
1529 4423 1578 4474 per
1589 4410 1729 4476 latronem,
1749 4407 1794 4476 qui
1808 4409 1839 4462 ad
1878 4393 1959 4474 specii
1976 4411 2077 4464 ratione
2095 4411 2190 4476 culpae
2214 4417 2260 4464 aut
2287 4407 2447 4464 idololatriae
2469 4409 2513 4462 Vll

527 4499 555 4552 ln
574 4503 634 4552 actu
650 4497 828 4564 generationis
847 4503 938 4552 movet
956 4497 1025 4552 calor
1043 4495 1111 4550 949
1133 4525 1166 4536 -
1204 4493 1297 4550 Christi
1317 4496 1451 4550 dexteram
1468 4495 1563 4552 orabat
1580 4495 1650 4552 toto:
1880 4499 1931 4552 405
1949 4499 1984 4552 65
2002 4525 2038 4540 -
2057 4513 2103 4564 per
2128 4499 2189 4552 hdei
2206 4497 2418 4564 magnitudinem
2441 4511 2514 4562 prae·

528 4587 726 4640 llsusuxorum
744 4587 837 4640 estad
864 4585 1059 4652 generationem
1086 4585 1167 4650 prolis
1256 4615 1291 4626 ·-
1310 4585 1426 4648 Populus
1445 4585 1547 4652 gentilis
1561 4585 1710 4652 intelligitur
1728 4599 1776 4650 per
1790 4585 1840 4638 asi·
1879 4589 1998 4642 teruntur
2014 4589 2114 4654 populo
2133 4589 2208 4640 israel
2229 4587 2278 4640 469
2301 4585 2332 4638 47
2352 4585 2513 4638 -Gentiles

529 4675 561 4726 30
590 4689 615 4726 v.
646 4675 719 4726 5-
746 4675 879 4726 Generaus
896 4673 1032 4726 carnaliter
1060 4677 1167 4738 generat
1203 4689 1268 4750 num
1277 4675 1321 4726 Vll
1334 4673 1386 4728 345
1399 4673 1444 4726 35.
1457 4673 1509 4726 488
1523 4673 1566 4726 to.
1580 4673 1686 4726 teoto.
1697 4673 1743 4726 494
1761 4675 1839 4726 59-
1878 4681 2004 4744 tanquam
2021 4675 2068 4728 tilii
2085 4675 2234 4742 spirituales
2251 4675 2336 4726 vocati
2350 4679 2410 4728 sont
2429 4675 2512 4728 adre-

528 4765 672 4824 carnalem,
692 4777 752 4816 cum
767 4767 825 4816 'nou
847 4763 882 4816 sit
907 4769 1050 4828 purgatus,
1079 4775 1167 4816 secun·
1204 4765 1320 4828 Populus
1338 4753 1841 4828 gentitisdiciturpullusasininuspro·
1880 4779 1960 4832 gnum
1980 4765 2144 4818 09435361
2168 4793 2203 4804 -
2222 4763 2375 4828 congregati
2393 4767 2460 4816 ,sunt
2480 4763 2513 4816 ab

527 4851 592 4906 dum
609 4851 684 4918 quod
697 4855 734 4906 est
748 4851 921 4916 generationis
942 4849 1099 4918 principium
1113 4851 1160 4904 984
1203 4857 1263 4918 pter
1271 4849 1438 4904 stoliditatem
1448 4851 1608 4916 ignorantiae
1620 4851 1668 4904 489
1682 4849 1841 4904 to-oou-
1879 4855 1950 4908 9994
1967 4860 2043 4918 parte
2062 4851 2153 4906 muudi
2180 4865 2226 4918 per
2254 4851 2426 4906 ministerium
2444 4855 2513 4918 Apo-

529 4939 1166 5002 901*-69999149999999999199999149,
1203 4945 1329 5006 parantur
1339 4939 1481 5004 lapidibus,
1491 4939 1553 5008 quia
1564 4939 1695 4994 deformes
1706 4939 1742 4992 ad
1755 4953 1839 5006 osum,
1878 4945 2004 4996 stolorum
2021 4939 2082 4996 ibid.

528 5043 559 5082 ex
578 5029 669 5094 spiritu
682 5035 722 5084 est
731 5029 876 5094 spiritualis
893 5029 945 5080 980
959 5027 987 5080 44
1007 5029 1166 5082 -Genera-
1202 5029 1268 5084 nodi
1284 5029 1472 5090 adornatum,
1491 5027 1590 5080 steriles
1610 5029 1644 5080 ad
1662 5029 1840 5092 hortum,·ir·
1931 5059 1965 5070 -
1997 5029 2136 5084 Gentilium
2166 5029 2319 5082 illuminatio
2348 5031 2386 5080 est
2415 5031 2513 5082 hactus

529 5117 564 5170 tio
582 5117 695 5172 tiliorum
708 5119 754 5170 094
768 5131 820 5170 999
833 5117 1009 5184 estcarnaiis,
1026 5117 1076 5170 sed
1093 5119 1166 5182 spiri·
1201 5119 1339 5170 rationales
1357 5117 1393 5170 ad
1415 5119 1564 5182 proiectum
1586 5115 1623 5170 74
1643 5117 1675 5168 49
1693 5143 1729 5156 -
1749 5115 1841 5172 (14999-
1879 5131 2040 5186 consequens
2059 5119 2206 5184 passionem
2231 5113 2325 5170 Christi
2350 5115 2429 5170 valde
2445 5115 2514 5170 utitis

525 5205 681 5260 1149149959
708 5205 741 5260 97
760 5233 795 5246 -·
814 5197 951 5260 Generatio
967 5205 1165 5272 spuituattsest
1202 5213 1245 5260 tur
1262 5205 1362 5272 lapides
1382 5209 1490 5272 propter
1503 5203 1725 5260 duritiamcordis
1740 5205 1791 5258 435
1807 5207 1838 5258 69
1880 5209 1910 5260 71
1932 5209 1982 5260 446
2002 5209 2034 5260 98
2054 5235 2088 5250 -
2108 5205 2253 5260 insinuator
2279 5207 2367 5260 sutura
2393 5205 2511 5270 gentinus

527 5293 628 5344 occulta
647 5293 762 5346 98013
903 5329 904 5332 ¹
996 5329 1014 5340 .¹
1201 5321 1236 5336 -
1256 5295 1402 5350 Emollitum
1419 5301 1461 5348 est
1479 5307 1524 5348 cor
1554 5307 1645 5348 eorum
1669 5293 1767 5348 durum
1792 5307 1839 5360 per
1877 5287 1980 5352 necatio
1999 5297 2022 5350 in
2042 5299 2108 5362 hoc,
2126 5293 2199 5362 quod
2214 5293 2357 5348 0994999
2375 5297 2511 5362 quaerunt,

581 5407 615 5418 --
634 5383 720 5434 Proles
737 5383 847 5434 carnaiis
866 5397 917 5434 non
938 5387 1024 5448 potest
1045 5385 1164 5448 generari
1202 5385 1326 5438 virtutem
1344 5383 1431 5436 erucis
1449 5381 1511 5436 ibid.
1877 5389 1902 5438 et
1921 5387 2048 5438 Dominus
2066 5399 2094 5438 se
2117 5385 2191 5438 offert
2214 5383 2373 5436 benevolum
2396 5381 2458 5438 iota.
2477 5409 2512 5422 -·

527 5467 585 5520 sine
602 5481 695 5526 amore
712 5471 809 5522 carnali
828 5471 907 5524 7114
926 5471 944 5524 5
962 5499 997 5510 -
1015 5473 1102 5524 Proles
1115 5473 1165 5540 spi·
1254 5501 1291 5516 ...
1309 5471 1511 5536 congregandae
1538 5473 1574 5526 ad
1599 5470 1669 5524 ovile
1693 5469 1788 5526 Christi
1806 5471 1840 5525 71
1877 5473 1998 5528 Gentium
2015 5473 2162 5528 sollicitudo
2181 5477 2251 5538 patet
2276 5485 2309 5524 ex
2326 5471 2455 5526 desiderio
2480 5473 2512 5524 19

527 5555 627 5608 ritualis
645 5563 801 5622 conpotest
824 5559 945 5624 generari
971 5559 1027 5614 sine
1053 5557 1165 5618 beneuo-
1202 5563 1254 5614 388
1282 5563 1312 5614 91
1337 5559 1523 5614 -dicuntur
1551 5573 1616 5614 oves
1642 5557 1760 5628 Christi,
1776 5561 1839 5628 quio
1877 5577 1937 5616 sum
1954 5563 2099 5630 quaerendi
2124 5569 2149 5616 et
2178 5561 2283 5616 videndi
2302 5559 2334 5616 t'h.
2363 5561 2394 5614 93
2413 5591 2448 5602 -
2468 5575 2511 5616 vo·

526 5643 603 5698 lentio
622 5645 749 5710 spirituali
767 5643 828 5700 ibid.
1001 5667 1003 5670 ·
1052 5695 1053 5698 ,
1202 5655 1264 5704 sunt
1285 5641 1385 5702 electae
1401 5647 1562 5702 secundum*
1576 5647 1839 5714 praedestinationem
1877 5649 2511 5716 499991999909949999991941994999

581 5761 616 5770 -
629 5733 778 5788 Secundum
791 5733 1058 5798 generationemuon
1071 5741 1108 5788 est
1121 5737 1167 5788 ati·
1202 5743 1335 5790 aeternam
1363 5737 1413 5788 389
1445 5737 1487 5788 99.
1516 5736 1567 5788 408
1597 5737 1632 5788 70
1661 5765 1698 5788 -,
1729 5737 1839 5790 Gentiles
1877 5731 1971 5794 vellent
1990 5737 2161 5794 occidere't'b.
2181 5741 2212 5792 30
2232 5765 2266 5778 -
2285 5745 2512 5806 acceperuutgra·

527 5821 593 5890 quid
604 5835 707 5874 novtrm
719 5821 754 5874 Vl
769 5821 799 5872 17
813 5821 1067 5888 q.3-·Generatio
1077 5827 1166 5878 transit
1202 5829 1263 5878 sunt
1282 5823 1416 5898 9199149
1451 5821 1554 5876 Christo
1583 5821 1628 5874 711
1657 5821 1710 5876 507
1742 5823 1769 5876 91
1805 5849 1839 5862 -·
1877 5827 1926 5880 tias
1943 5841 1958 5878 a
1976 5827 2078 5882 iudaeis
2096 5827 2205 5880 reiectas
2223 5823 2286 5882 ibid.

526 5911 562 5964 de
575 5909 728 5962 mortalitate
738 5909 772 5962 ad
782 5907 1003 5962 immortalitatem
1016 5921 1065 5974 per
1082 5921 1165 5962 resur·
1202 5911 1316 5964 Gentiles
1333 5909 1419 5964 vocati
1434 5915 1500 5962 sunt
1526 5899 1596 5962 hora*
1611 5909 1742 5976 passionis
1759 5913 1839 5962 etre-
1931 5941 1965 5954 —
1997 5911 2123 5968 Gentibus
2148 5915 2369 5980 praedicaverunt
2393 5915 2511 5982 Apostoli

525 5999 669 6054 ¹tectionem
684 5995 790 6052 711537
805 5995 1165 6062 39-099999914999999
1202 5997 1362 6064 demptionis
1385 5997 1418 6052 71
1445 5995 1496 6050 417
1520 5997 1556 6050 39
1583 6001 1623 6038 ’-
1647 5997 1761 6052 Gentiles
1787 6001 1840 6052 lue·
1877 6001 1911 6052 71
1931 6001 1981 6052 349
1995 5995 2034 6052 Ι50
2052 6031 2088 6040 -
2106 6001 2222 6064 Populus
2236 6001 2353 6066 gentium
2366 6015 2510 6056 conversus

528 6089 722 6154 generationem
742 6097 906 6140 essenorum
926 6083 1119 6136 9999917134
1138 6101 1164 6152 q.
1200 6093 1263 6140 rum
1280 6085 1353 6138 electi
1373 6091 1481 6152 propter
1500 6097 1591 6138 eorum
1612 6085 1783 6138 humilitatem
1796 6087 1839 6138 741
1877 6091 1916 6140 est
1934 6087 1968 6140 ad
1994 6085 2071 6140 fidem
2095 6101 2147 6140 999
2175 6089 2256 6140 solum
2286 6079 2345 6154 per
2360 6087 2511 6154 apostotos,

525 6173 1165 6240 ·-”094991999999999944999,9999999999-
1202 6171 1254 6226 457
1273 6171 1307 6224 94
1325 6172 1609 6238 -Gentileslongea
1624 6173 1677 6226 Deo
1690 6173 1840 6238 positipec-
1877 6187 1971 6226 verum
2000 6173 2077 6226 etiam
2106 6187 2154 6238 per
2181 6175 2348 6238 septuaginta
2370 6175 2512 6240 discipulos

527 6263 562 6316 eit
580 6261 632 6314 sibi
649 6261 732 6314 simile
751 6259 783 6314 ib.
805 6259 834 6312 4*
1200 6265 1258 6314 cata
1276 6259 1433 6314 confitentur
1457 6265 1482 6312 et
1508 6259 1687 6314 lamentando*
1702 6259 1842 6326 appropio-²
1878 6259 1922 6312 711
1941 6259 1992 6314 490
2009 6259 2044 6312 59
2063 6287 2099 6298 -·
2123 6259 2241 6324 apostoli
2257 6259 2414 6316 invenerunt
2430 6273 2513 6328 popu·

579 6375 615 6390 -
635 6349 659 6400 in
677 6349 731 6402 Deo
752 6347 816 6402 dicit
831 6361 927 6412 puram
954 6345 1106 6400 relationem
1131 6349 1164 6400 71
1201 6351 1282 6414 quant
1301 6349 1400 6402 licoat
1419 6349 1569 6400 exaltantur
1581 6343 1645 6400 ibid.
1671 6381 1672 6386 ¹
1877 6349 1933 6402 lum
1949 6347 2232 6412 nationum-pertidiae
2245 6347 2358 6402 vinculis
2373 6349 2512 6414 irretitum,

527 6437 687 6490 31045-
704 6437 903 6506 099949οο999
930 6439 1075 6490 99199999
1089 6449 1165 6490 euar-
1254 6463 1289 6476 -
1307 6437 1422 6490 Gentiles
1442 6435 1564 6490 dicuutur
1587 6429 1674 6490 vocati
1700 6433 1737 6488 de
1762 6435 1840 6502 longe
1877 6433 1990 6490 liberum
2013 6441 2040 6488 et
2066 6435 2194 6490 lascivum
2213 6435 2274 6490 489
2300 6437 2331 6490 46
2351 6465 2385 6476 «-
2414 6439 2511 6502 Populo

527 6525 595 6580 ravit
613 6523 850 6591 Spiritussanctus
873 6523 924 6578 944
945 6525 988 6576 tt.
1202 6525 1246 6580 711
1265 6523 1317 6580 483
1335 6525 1371 6578 99
1388 6553 1425 6566 -·-
1442 6525 1558 6580 Gentiles
1580 6523 1719 6578 conuocati
1745 6531 1839 6578 sunta
1877 6523 1965 6592 gentili
1985 6523 2070 6578 nullus
2090 6523 2224 6578 rationalis
2236 6525 2327 6580 doctor
2340 6527 2442 6580 tronum
2454 6539 2512 6578 cor-

510 6629 512 6632 ·
580 6641 615 6652 -
639 6603 687 6666 Per
710 6611 789 6664 Adae
809 6615 941 6666 carnalem
968 6611 1164 6676 generationem
1201 6611 1353 6666 diversitate
1373 6627 1477 6668 morum
1497 6611 1530 6666 ad
1550 6611 1841 6666 unitatcmoaritatiset
1877 6613 1998 6668 rectionis
2015 6613 2140 6680 imposuit
2158 6611 2220 6668 ibid.
2244 6641 2280 6656 -
2299 6605 2415 6680 Populus
2432 6613 2511 6680 genti-

524 6701 657 6756 ·claoditor
674 6701 776 6754 eaelum
795 6701 840 6754 711
859 6703 894 6754 83
912 6691 1074 6754 594-’099
1091 6701 1165 6766 spiri·
1202 6701 1332 6756 felicitatis
1349 6703 1401 6756 353
1423 6703 1451 6756 64
1474 6729 1510 6742 -
1534 6703 1647 6756 Gentiles
1667 6705 1745 6754 erum
1760 6699 1839 6766 primi
1876 6702 1907 6756 lis
1925 6703 2025 6760 solutus
2045 6707 2082 6756 est
2099 6699 2135 6754 ab
2152 6699 2454 6768 Apostolisnonvirtute
2467 6703 2513 6756 hu·

526 6793 624 6844 199499
644 6791 839 6854 generationem
858 6779 1164 6858 caelumaperituribt'd.
1201 6795 1311 6860 propter
1328 6791 1503 6846 humilitatem
1520 6787 1557 6846 io.
1574 6789 1609 6844 69
1627 6817 1662 6832 -
1681 6789 1839 6854 Gentilesde
1878 6803 1964 6856 mana,
1983 6789 2030 6844 sed
2049 6789 2137 6844 divina
2156 6787 2218 6846 itii.
2232 6819 2264 6832 -·
2277 6789 2512 6862 Gentilispopulus
