5900 8266
947 523 948 528 ‘
978 553 1182 644 sennenn„
1197 559 1236 626 m
1258 553 1637 626 avlucsmuntumu
1661 553 1692 620 c.
1721 549 1755 620 x.

381 727 456 796 mihi
479 728 595 798 lecistis
620 757 650 796 a.
675 733 711 798 Εῖ
734 735 900 816 propterea
928 729 1050 798 dicebat
1079 731 1245 816 Apostolus
1272 733 1337 820 pri-

380 839 450 902 mae
471 835 513 904 ad
541 835 831 904 Thessalonicenses
854 835 986 922 quinto:
1019 859 1035 894 v
1060 835 1210 922 Spiritum
1243 837 1336 905 nolite

381 943 600 1030 exstinguere,
626 943 807 1028 prophetias
822 943 916 1010 nolite
941 959 1089 1028 spernere
1106 969 1137 1024 s,
1160 943 1193 1012 id
1215 951 1263 1012 est
1285 963 1338 1012 ve-

382 1067 433 1116 ras
455 1049 710 1134 praedicationes.
1160 1133 1161 1136 Ἴ

470 1159 523 1222 27.
548 1154 690 1222 Secundo
712 1153 906 1222 authenticat
929 1171 983 1222 eos
1006 1159 1135 1240 propter
1154 1155 1338 1222 cavatorita-

215 1269 361 1318 oasounu.
383 1273 444 1330 tem
476 1261 602 1330 summi
635 1261 868 1348 imperatoris,
902 1279 974 1330 cum
1010 1259 1136 1330 subdit:
1169 1263 1236 1346 Qui
1248 1263 1259 1304 ¹
1288 1279 1338 1330 me

265 1415 267 1418 -
380 1365 507 1452 spernit
534 1365 660 1450 spernit
692 1383 767 1432 eum
797 1365 857 1454 qui
886 1385 937 1432 me
965 1365 1077 1444 nabit,
1109 1373 1177 1432 tum
1208 1371 1338 1450 propter

381 1471 592 1538 commissam
616 1471 863 1550 alletoritatem,
888 1477 956 1538 tum
971 1477 1100 1556 propter
1125 1471 1338 1540 consubstan-

381 1579 564 1646 tialitatem.
579 1577 665 1646 Unde
681 1577 802 1644 loannis
818 1577 945 1664 quinto:
965 1603 983 1636 a
996 1577 1056 1664 Qui
1072 1595 1133 1644 non
1152 1577 1338 1646 honorificat

381 1685 492 1750 Filium
515 1683 781 1750 non'honoridcat
803 1685 940 1766 Patrem,
959 1685 1015 1770 qui
1042 1683 1128 1750 misit
1148 1685 1239 1750 illurn
1256 1711 1284 1750 a.
1304 1687 1339 1750 Et

381 1783 451 1858 ideo
472 1791 633 1876 sequitur,
655 1789 740 1876 quod
764 1789 786 1858 si
818 1791 888 1876 quis
911 1789 1031 1876 spernit
1052 1789 1227 1874 apostolos,
1253 1807 1338 1876 sper-

382 1897 426 1964 nit
446 1897 621 1978 Christum
638 1902 668 1964 et
689 1897 743 1984 qui
764 1897 923 1966 Christum
945 1897 1066 1982 spernit
1082 1897 1206 1982 'spernit
1222 1897 1337 1964 Deum:

382 2021 456 2090 erga
475 2005 530 2088 qui
551 2005 670 2090 spernit
690 2005 849 2090 hpostolos
869 2005 989 2090 spernit
1011 2005 1127 2082 Deum3
1149 2011 1182 2070 et
1202 2005 1261 2070 hoc
1276 2023 1338 2070 non

382 2117 428 2178 est
449 2129 582 2196 parvum
601 2117 774 2194 peecatum.
797 2111 927 2194 Propter
950 2107 1035 2194 quod
1059 2107 1152 2176 Isaiae
1182 2107 1340 2194 trigesimo

383 2217 519 2284 tertiu²:
557 2243 573 2276 a
590 2215 669 2282 Vae!
701 2215 757 2300 qui
786 2215 929 2302 spernis;
956 2233 1061 2282 nonne
1093 2223 1126 2282 et
1155 2213 1221 2300 ipse
1253 2233 1340 2302 sper-

383 2323 488 2388 neris?
512 2319 754 2404 Cum'fatigatus
775 2319 905 2386 desieris
922 2327 1139 2400 contemnere,
1163 2327 1340 2388 contemne-

383 2427 426 2494 ris
442 2453 471 2490 a.
496 2427 603 2512 blegne
627 2427 723 2512 igitur
748 2435 794 2494 est
817 2427 988 2494 auctoritas
1012 2425 1284 2512 praedicatorum,
1310 2427 1338 2494 in

382 2551 518 2618 quorum
549 2533 726 2618 receptione
758 2533 842 2600 Deus
866 2531 1017 2618 recipitur
1040 2537 1072 2600 et
1100 2533 1132 2598 in
1160 2541 1341 2620 contemptu

225 2639 601 2746 1,ῐέἒαξῐξῖιξῗθιῖὶοὲἰθθῖῖῖθιηθὶῖθῖ.
628 2639 688 2724 lpsi
713 2639 795 2704 enim
821 2645 896 2706 sunt
918 2659 953 2708 os
980 2639 1036 2708 Dei
1064 2639 1161 2706 verba
1193 2641 1260 2706 eius
1286 2659 1341 2708 an-

281 2767 315 2800 os·
383 2745 570 2826 nuntiando,
600 2745 683 2812 sicut
711 2743 828 2812 dicitur
859 2743 1006 2812 ieremiae
1032 2743 1152 2812 decimo
1185 2745 1295 2832 quinto
1312 2747 1339 2810 ⁸:

389 2879 405 2912 «ι
428 2851 458 2920 Si
490 2851 687 2938 separaveris
709 2851 883 2938 pretiosum
914 2851 1026 2932 aviti,
1057 2851 1146 2938 quasi
1178 2869 1212 2918 os
1236 2867 1341 2918 meum

385 2959 494 3028 eris».
521 2959 556 3026 iit
578 2959 648 3028 ideo
671 2967 822 3046 tanquam
845 2977 882 3026 os
903 2959 958 3026 llei
987 2959 1071 3046 pasci
1092 2959 1207 3034 dehent
1231 2965 1262 3026 et
1283 2959 1341 3026 ho-

383 3063 507 3146 norari;
530 3071 562 3132 et
591 3065 650 3150 ipsi
673 3065 766 3132 etiam
798 3083 834 3132 os
862 3063 1029 3152 praecipue
1063 3067 1218 3134 custodire
1250 3071 1280 3132 et
1304 3067 1356 3134 ab,

384 3169 534 3238 edacitate
557 3177 588 3238 et
611 3191 630 3238 a
652 3171 855 3258 loquacitate,
880 3177 915 3238 ut
939 3189 1013 3240 vere
1032 3173 1131 3258 possit
1151 3171 1212 3238 dici
1238 3171 1274 3238 de
1299 3173 1343 3238 eis

383 3275 461 3342 illud
483 3275 682 3360 apocalypsis
704 3277 825 3344 decimo
839 3286 972 3362 quarto:
1002 3305 1017 3336 o
1034 3279 1068 3344 Hi
1088 3279 1185 3362 empti
1205 3283 1278 3346 sunt
1302 3297 1341 3346 ex

384 3379 752 3466 horninibus,pnhoittae
766 3385 830 3448 beo
849 3389 882 3448 et
896 3383 999 3468 igno,
1021 3389 1054 3450 et
1073 3385 1101 3448 in
1125 3401 1180 3450 ore
1202 3383 1342 3468 ipsorum

383 3494 510 3556 nonest
527 3487 691 3554 inventum
710 3487 923 3568 mendacium
944 3487 1010 3556 sine
1028 3489 1151 3556 macula
1167 3487 1251 3556 enim
1269 3497 1343 3556 sunt

383 3603 455 3662 unte
481 3597 633 3660 thronum
654 3593 711 3660 Dei
725 3619 759 3660 a.

472 3703 525 3766 28.
558 3701 694 3766 licuerat
719 3707 798 3766 sunt
829 3707 942 3766 antem
970 3709 1029 3768 eta
1064 3703 1134 3766 Post
1163 3699 1342 3766 missionem

227 3817 371 3916 ¹323?qu
385 3805 660 3876 concomitantiam
686 3813 716 3874 et
750 3805 1000 3874 informationem
1023 3805 1166 3874 euntium
1196 3805 1342 3874 subditur

232 3925 317 3968 nntium
327 3923 371 3988 aa·
385 3917 435 3982 hro
459 3913 552 3978 tertio
569 3911 747 3978 consolatio
763 3911 972 3978 rederentinm
984 3913 1008 3976 4.
1024 3911 1123 3978 Habet
1143 3919 1251 3978 autem
1265 3913 1343 3978 haec

231 3981 268 4020 tur
278 3979 371 4034 duplica-

232 4033 273 4076 ter·
384 4037 459 4104 pars
479 4019 570 4084 duas.
593 4017 627 4082 ln
650 4033 786 4102 quarum
813 4015 912 4102 prima
938 4017 1092 4102 reprimit
1121 4017 1284 4084 Dominus
1309 4017 1343 4084 in

386 4123 559 4210 discipulis
581 4123 749 4210 gaudium
771 4141 918 4200 nanuum
941 4123 972 4188 in
998 4123 1134 4190 secunda
1155 4123 1276 4188 inuitat
1291 4141 1343 4190 eas

384 4231 431 4296 ad
452 4229 618 4318 gandium
648 4247 783 4306 uerunt,
809 4229 895 4296 ibi5:
925 4227 1071 4300 Gutndete
1100 4237 1230 4308 autem,
1262 4231 1343 4318 quia

384 4337 522 4414 nentina
544 4343 655 4402 uestra
679 4341 737 4402 etc.

471 4441 562 4508 Circa
590 4441 830 4526 repressionem
858 4441 981 4528 pandit
1007 4439 1089 4508 uani
1116 4441 1148 4514 ,in
1183 4441 1342 4526 discipulis

219 4557 369 4622 ptinerent·
385 4555 521 4632 quatuor
544 4545 724 4614 introducit.
755 4547 895 4614 Primum
925 4551 972 4614 est
996 4563 1092 4612 vanae
1124 4545 1342 4614 exsultationis

218 4615 370 4654 matorvaouna

218 4663 336 4774 {3132th
337 4663 369 4762 ,if
384 4651 570 4738 expressim
593 4651 767 4720 secundum
782 4657 830 4720 est
852 4669 951 4720 vanae
966 4651 1188 4720 exsultationis
1214 4671 1342 4738 repres-

383 4777 453 4838 sto;
475 4759 604 4828 tertium
630 4765 677 4826 est
704 4777 802 4826 vanae
825 4757 1044 4826 exsultationis
1076 4759 1187 4824 occasi
1211 4779 1223 4836 ,·
1248 4777 1341 4844 quar-

384 4873 452 4932 tum
476 4872 523 4932 est
545 4885 644 4934 vanae
666 4867 887 4934 exsultationis
904 4861 1094 4950 probibitio.

472 4973 525 5038 29.
551 4969 651 5056 tVers.
681 4969 756 5056 th).
779 4969 884 5036 Primo
914 4969 1011 5056 igitur
1040 4971 1212 5056 praemittit
1236 4989 1342 5038 cartae

262 5083 364 5130 Primum·
384 5077 613 5146 occultationis
629 5075 888 5164 enpressionem,
911 5095 985 5144 cum
1001 5077 1088 5144 dicit:
1114 5077 1251 5144 Reuersi
1264 5085 1343 5144 sunt

384 5193 493 5250 nutem
518 5185 731 5272 septuapinta
755 5183 821 5250 duo
843 5203 921 5250 eum
942 5183 1099 5270 gandia,
1113 5183 1198 5270 quod
1225 5185 1341 5252 scilicet

384 5311 445 5358 non
467 5297 592 5356 tantum
617 5291 811 5360 sentiebatur
842 5291 876 5356 in
897 5289 1009 5370 corde,
1033 5291 1086 5358 sed
1118 5291 1209 5358 etiarn
1235 5287 1341 5374 expri-

383 5397 528 5464 mebatur
551 5397 583 5464 iu
606 5413 768 5476 sermone,
801 5401 837 5464 ut
860 5395 1077 5464 verificaretur
1100 5395 1180 5462 illuri
1209 5395 1341 5464 Prover-

383 5499 510 5570 biorum
525 5501 646 5570 decimo
669 5503 824 5590 quintal:
845 5527 861 5560 c<
880 5501 939 5566 Cor
961 5499 1100 5586 gaudens
1125 5501 1281 5568 exhilarat
1297 5501 1312 5566 f
1326 5539 1341 5548 -

455 5779 465 5810 ¹
485 5779 549 5836 Cod.
569 5783 590 5834 H
609 5787 636 5834 et
654 5783 712 5834 Vat.
731 5793 792 5834 carm
814 5781 924 5846 Vulgata
946 5779 1000 5844 Qui
1015 5783 1115 5834 aulem.
1128 5809 1162 5820 --
1181 5779 1299 5834 Subinde
1312 5781 1343 5832 al·

321 5907 323 5912 .
385 5865 485 5930 legatur
508 5870 576 5921 loun.
594 5869 625 5932 5,
644 5869 687 5920 23.

455 5951 561 6008 ”Vera
582 5957 603 6006 l.
623 5983 658 5994 -
677 5955 763 6018 Beda,
781 5957 819 6008 lll.
843 5957 873 6010 iu
890 5957 951 6010 Luc.
971 5957 1020 6020 ld,
1040 5957 1087 6008 lb:
1116 5953 1170 6020 Oui
1187 5959 1276 6010 aulem
1302 5969 1344 6010 me

383 6039 486 6110 speruit
506 6049 568 6110 eta,
587 6043 649 6108 quia
667 6043 855 6106 proculdubio
869 6043 1035 6110 indiscipulo
1050 6045 1174 6108 magister
1190 6045 1304 6108 auditur,
1319 6049 1343 6098 et

385 6129 409 6184 in
427 6129 480 6182 utto
500 6133 573 6196 puter
590 6133 744 6182 honoratur.

455 6215 466 6248 ⁸
487 6221 560 6274 Vens.
581 6217 624 6272 lb.
640 6247 678 6258 -
696 6217 820 6286 Sequitur
837 6221 918 6284 apoc.
941 6217 987 6282 ll,
1008 6217 1032 6272 l.
1055 6233 1110 6286 seq.

455 6305 465 6338 ⁴
483 6309 534 6364 Ctr.
555 6321 636 6374 supra
654 6321 680 6358 n.
701 6307 723 6358 t.

455 6397 465 6428 ⁶
485 6401 561 6454 Vers.
581 6399 629 6466 eh,
647 6395 693 6450 uhi
710 6409 761 6460 pro
779 6395 843 6466 quio
864 6395 913 6466 (ita
933 6397 1011 6448 etiam
1036 6397 1063 6448 S.
1088 6397 1199 6464 Thom.‚
1217 6397 1273 6452 Cat.
1299 6413 1341 6450 au·

384 6499 428 6542 rea
453 6487 478 6538 in
498 6491 560 6540 Luc.
581 6489 623 6540 lc.
641 6503 666 6540 n.
687 6487 711 6538 5.
733 6491 760 6538 et
777 6481 920 6550 Gorranus)
935 6483 1047 6548 Vulgata
1066 6483 1152 6552 quod·
1167 6485 1237 6538 idem
1256 6499 1341 6538 recor·

384 6577 416 6628 rit
434 6575 502 6628 inira
519 6591 544 6628 n.
566 6575 607 6628 bl.

455 6659 466 6692 ⁶
485 6665 560 6718 Vens.
581 6665 624 6716 ts.
641 6689 677 6704 -
695 6665 744 6716 Pro
763 6661 948 6736 compensatur
965 6661 1023 6714 Vat.
1043 6659 1204 6730 anctificetur.

455 6749 465 6782 ἵ
486 6753 560 6806 Vers.
581 6753 623 6804 lt.
641 6777 678 6792 -
695 6751 822 6818 Superius
839 6749 951 6806 vocibus
968 6763 998 6804 se
1015 6747 1134 6822 peredere
1158 6751 1215 6804 Vat.
1238 6749 1340 6804 intense·

384 6839 416 6892 rit
435 6837 527 6910 inepte.

2294 569 2355 634 aul

1401 733 1483 800 ciem
1499 757 1529 798 t.
1548 769 1590 782 --
1613 733 1742 816 Propter
1763 727 1850 814 quod
1873 729 1975 796 addit:
2008 733 2175 800 Dicentes:
2201 737 2359 816 Domine,

1401 837 1503 904 etiam
1523 837 1701 904 daemonia
1722 835 1949 904 subiiciuntur
1965 835 2058 904 nobis
2082 837 2118 904 in
2138 841 2270 906 narrtine
2287 849 2361 920 tuo,-

1401 943 1436 1010 in
1457 961 1521 1030 quo
1546 943 1779 1030 exprimebant,
1805 961 1836 1010 se
1861 943 2011 1030 gaudere,
2030 943 2105 1030 quia
2126 943 2272 1012 fortiores
2288 945 2361 1012 dae-

1400 1051 1551 1118 monibus
1571 1049 1642 1118 facti
1667 1055 1765 1116 erant.
1793 1049 1826 1116 Et
1850 1051 1909 1116 ista
1932 1049 2058 1134 quidem
2081 1051 2197 1116 laetitia
2217 1049 2361 1116 veniebat

1402 1171 1446 1222 ex
1468 1153 1583 1222 latente
1607 1155 1768 1240 soperbia,
1786 1155 1868 1224 sicut
1889 1161 1923 1222 θῖ
1943 1153 2028 1222 illius
2045 1153 2219 1234 Pharisaei,
2242 1153 2281 1220 de
2297 1171 2361 1240 quo

1402 1259 1487 1326 intra
1511 1259 1632 1328 decimo
1663 1261 1798 1328 octavoi
1822 1261 1953 1342 dicitur,
1990 1261 2073 1346 quod
2105 1279 2196 1328 orans
2220 1259 2360 1328 dicebat:

1379 1423 1380 1426 ,
1407 1365 1563 1434 «Gratias
1583 1367 1654 1446 tibi,
1672 1369 1769 1446 Deus,
1795 1387 1866 1456 agn,
1889 1369 1965 1454 quia
1987 1387 2050 1436 non
2072 1385 2142 1434 sum
2169 1367 2249 1436 sicut
2264 1365 2362 1434 ceteri

1403 1471 1566 1536 hominum
1581 1497 1599 1530 2>
1628 1477 1686 1540 etc.

1494 1579 1546 1646 30.
1571 1579 1608 1644 Et
1629 1583 1720 1656 nota,
1745 1579 1829 1662 quod
1845 1579 1882 1646 de
1906 1579 2018 1648 divinis
2034 1581 2124 1648 donis
2146 1579 2272 1668 quidam
2290 1597 2361 1646 ma·
2375 1599 2458 1644 aaran
2481 1611 2527 1644 mo-

1402 1681 1518 1772 nifeste
1542 1681 1738 1772 efferuntur,
1760 1683 1842 1750 sicut
1866 1683 1909 1750 illi
1937 1687 1992 1770 qui
2015 1687 2072 1752 sibi
2105 1705 2141 1754 ea
2166 1687 2361 1766 attribuuot;
2381 1651 2528 1750 illidii}
2579 1745 2580 1748 ,

1403 1789 1575 1876 dequibus
1598 1789 1830 1856 Deuteronomii
1849 1789 2008 1874 trigesimo
2025 1791 2163 1858 secundo
2175 1793 2202 1858 8:
2226 1795 2362 1858 «liunus
2383 1771 2438 1804 ”¹¹¹⁵
2453 1759 2526 1804 ‘mm'

1403 1915 1473 1964 mea
1497 1895 1638 1974 excelsa,
1663 1901 1694 1964 et
1716 1915 1779 1962 nan
1811 1895 1980 1976 Dominum,
2002 1897 2074 1964 lecit
2098 1899 2176 1966 haec
2204 1897 2309 1964 omnia
2330 1925 2361 1962 ».

1403 2003 1518 2070 Contra
1542 2019 1622 2088 quos
1643 2001 1878 2068 Deuteronomii
1894 2019 1995 2068 nouo:
2024 2029 2041 2062 (ε
2056 2003 2100 2068 Νθ
2121 2003 2205 2070 dicas
2221 2005 2251 2068 in
2268 2005 2364 2070 corde

1403 2115 1478 2188 tuo,
1502 2125 1575 2174 oum
1590 2107 1743 2174 deleverit
1756 2105 1909 2174 Dominus
1929 2113 2037 2192 gentes
2052 2107 2081 2172 in
2108 2113 2276 2190 conspectu
2292 2113 2362 2174 too:

1404 2215 1535 2300 Propter
1560 2213 1708 2280 iustitiam
1736 2231 1833 2280 nteam
1861 2213 1987 2278 induxit
2008 2231 2059 2280 me
2074 2211 2229 2278 Dominus
2250 2213 2283 2278 in
2300 2219 2363 2278 ter-

1404 2337 1473 2386 ram
1498 2319 1578 2386 hanc
1595 2347 1627 2384 n.
1641 2317 1833 2404 -Quidam
1859 2327 1963 2386 autem
1988 2317 2160 2404 manifeste
2183 2315 2363 2384 humilian-
2380 2341 2499 2386 seauton.

1405 2433 1474 2504 tur,
1492 2425 1662 2510 dequibus
1685 2425 1802 2492 dicitur
1815 2425 1896 2492 inira
1921 2425 2040 2492 decimo
2057 2423 2188 2508 septimo
2200 2423 2229 2490 ⁹:
2249 2449 2265 2482 (ι
2284 2421 2364 2488 Cum

1404 2531 1509 2596 omnia
1535 2529 1788 2610 benefeceritis,
1818 2529 1926 2610 dicite,
1948 2529 2023 2614 quia
2054 2527 2136 2596 servi
2161 2527 2288 2596 inutiles
2309 2545 2364 2596 su·

1405 2653 1478 2704 mus
1494 2663 1523 2702 s.
1550 2637 1631 2704 Talis
1648 2643 1722 2704 'erat
1745 2637 1877 2716 Paulos,
1901 2635 1955 2724 qni
1980 2635 2016 2704 de
2042 2653 2074 2704 se
2099 2635 2167 2720 ipso
2188 2635 2309 2722 primae
2323 2633 2363 2700 ud

1405 2743 1582 2808 Corinthios
1607 2743 1727 2808 decimo
1750 2743 1877 2828 quinto:
1907 2769 1924 2800 <t
1940 2743 2001 2828 Ego
2024 2761 2095 2810 sum
2113 2741 2261 2808 minimos
2287 2743 2364 2824 lpo-

1405 2849 1580 2926 stolorum,
1618 2849 1671 2934 qui
1701 2867 1763 2914 non
1799 2867 1870 2914 sum
1904 2849 2017 2932 dignus
2052 2847 2157 2914 vrocari
2189 2847 2362 2932 hpostolus.

1406 2953 1512 3022 Gratia
1535 2959 1640 3022 autem
1665 2953 1719 3022 Dei
1745 2973 1814 3024 sum
1838 2955 1869 3022 id
1892 2957 1977 3040 quod
2000 2973 2085 3034 sum,
2111 2961 2141 3022 et
2174 2953 2272 3042 gratia
2297 2953 2364 3020 eius

1406 3061 1440 3126 in
1462 3077 1513 3126 me
1537 3079 1635 3128 vacua
1659 3079 1722 3126 non
1746 3061 1818 3140 luit,
1834 3061 1887 3128 sed
1912 3061 2081 3128 abundavit
2098 3089 2114 3120 n
2141 3067 2199 3128 eto.
2225 3097 2269 3110 -
2290 3055 2364 3142 Qui·
2381 3081 2475 3126 nervius.

1406 3167 1479 3234 dam
1502 3187 1577 3236 vero
1597 3169 1727 3254 partim
1750 3167 1974 3234 lnumilianttn·
1997 3167 2113 3252 gratias
2134 3167 2267 3254 agendo,
2281 3183 2364 3252 par-

1408 3275 1467 3340 tim
1499 3271 1683 3360 efferuntur
1712 3273 1899 3342 exsultando
1931 3273 2050 3358 inepte,
2081 3273 2163 3340 sicut
2192 3271 2244 3340 isti
2273 3271 2366 3338 disci-

1407 3379 1493 3466 poli,
1509 3381 1563 3466 qui
1586 3381 1763 3466 gaudebant
1778 3381 1818 3446 de
1840 3379 2032 3448 sulbeotiooe
2048 3381 2252 3458 daemonum,
2276 3379 2366 3444 attri-

1406 3487 1548 3554 buebant
1577 3495 1682 3554 manera
1712 3487 1771 3554 hoo
1796 3505 1857 3554 non
1887 3487 1964 3566 sibi,
1994 3487 2049 3554 sed
2077 3487 2194 3552 nomini
2224 3483 2364 3562 Domini,

1407 3611 1480 3660 cunt
1505 3595 1630 3662 dicunt:
1655 3595 1691 3658 in
1712 3595 1844 3660 nomine
1867 3601 1938 3672 tatu,
1962 3593 2044 3660 sicut
2060 3593 2111 3660 ille
2127 3593 2312 3660 Pharisaeus
2326 3593 2362 3656 1⁰.

1407 3699 1495 3768 Unde
1522 3699 1641 3784 aliquid
1664 3701 1821 3766 habehant
1852 3701 2123 3778 commendabile,
2148 3701 2206 3766 hoa
2232 3699 2532 3776 schireburniam.

1407 3807 1494 3892 quod
1513 3805 1756 3878 ,revertebantur
1772 3805 1812 3872 ad
1833 3807 1949 3874 fontem
1972 3807 2165 3892 gratiarum,
2187 3805 2303 3892 gratias
2325 3803 2366 3870 ab
2379 3773 2530 3872 ltllllntll·

1406 3913 1475 3998 ipso
1499 3919 1659 3996 susceptas
1683 3913 1932 3998 recognoscendo
1962 3919 1995 3980 et
2015 3913 2115 3980 eidem
2146 3913 2262 3998 gratias
2286 3907 2365 3978 rei-

1406 4021 1522 4100 rendo;
1540 4021 1631 4086 iuxta
1654 4021 1739 4106 quod
1750 4019 1866 4086 dicitur
1883 4019 2082 4086 Ecclesiastae
2104 4019 2204 4104 primo
2220 4021 2259 4084 11:
2290 4015 2365 4084 «hl

1406 4127 1528 4204 locum,
1554 4125 1637 4192 rande
1668 4133 1788 4194 exeunt
1817 4125 1967 4204 flumina,
1992 4131 2215 4204 revertuntur,
2246 4131 2283 4190 ut
2309 4123 2366 4190 ite-

1406 4251 1480 4300 rum
1511 4231 1662 4312 fluant»,
1688 4237 1718 4298 et
1751 4231 1803 4298 lob
1832 4231 1993 4318 trigesimo
2022 4241 2149 4300 actara:
2180 4229 2366 4314 «Numquid

1406 4339 1512 4406 mittes
1533 4339 1679 4424 fulgura,
1709 4345 1743 4404 et
1763 4339 1872 4418 ibunt,
1895 4343 1928 4404 et
1949 4339 2139 4406 revertentia
2162 4337 2265 4406 dicent
2289 4337 2365 4402 tibi:

1406 4447 1563 4512 hdsumus
1577 4453 1620 4510 »l
1642 4445 1830 4530 Superque
1854 4445 1929 4510 dicit
1950 4443 2074 4512 Glossa:
2106 4445 2276 4510 «Vadunt
2298 4441 2320 4532 f
2342 4441 2366 4510 l·

1404 4571 1515 4638 para,
1540 4569 1614 4618 ovam
1636 4551 1867 4634 praedicatores
1888 4551 2051 4618 miraculis
2072 4557 2241 4618 coruscant
2258 4555 2291 4618 et
2312 4567 2366 4618 su-

1406 4675 1506 4742 perna
1527 4657 1704 4724 reverentia
1727 4655 1927 4724 subditorum
1944 4657 2046 4724 corda
2075 4657 2283 4742 transfigunt3
2315 4675 2366 4724 re-

1406 4763 1566 4830 vertentia
1589 4763 1720 4830 dictarat:
1746 4763 1934 4842 Adsumns‚
1957 4781 2030 4830 carm
2054 4781 2116 4828 non
2138 4761 2215 4842 sibl,
2234 4763 2288 4830 sed
2309 4761 2367 4828 Dei

1405 4869 1578 4936 virtutibus
1611 4869 1773 4946 tribuunt,
1799 4867 1951 4954 quidquid
1981 4885 2013 4936 se
2047 4867 2169 4936 fortiter
2191 4869 2292 4954 egisse
2314 4885 2366 4936 ca·

1406 4979 1563 5060 guascunt
1577 5001 1609 5042 ».
1633 4975 1722 5040 Tales
1746 4981 1820 5040 sunt
1834 4973 1893 5040 viri
1919 4975 2115 5060 portantia
2138 4991 2274 5060 quorum
2293 4993 2364 5060 per·

1406 5099 1482 5148 sona
1505 5079 1621 5148 dicitur
1644 5081 1740 5150 isaiae
1761 5079 1912 5168 vigesimo
1935 5081 2084 5148 saxto12:
2111 5079 2253 5148 «Omnia
2269 5099 2366 5168 opera

1405 5193 1513 5254 nostra
1536 5195 1686 5276 operatus
1699 5207 1735 5256 es
1756 5187 1789 5254 in
1805 5189 1909 5266 hobia,
1933 5187 2064 5254 Domine
2078 5215 2095 5248 »
2109 5213 2116 5270 ;
2131 5195 2166 5254 et
2180 5187 2211 5254 in
2228 5191 2362 5256 Psalmo:

1412 5319 1429 5352 o
1444 5293 1509 5362 Non
1532 5295 1636 5376 nobis,
1661 5295 1809 5374 Domine,
1831 5313 1894 5362 non
1912 5293 2018 5374 nobis,
2044 5295 2098 5362 sed
2114 5295 2303 5362 nominituo
2324 5293 2366 5362 da

1405 5401 1536 5484 gloriam
1553 5427 1583 5466 ».
1599 5437 1639 5452 -·
1653 5399 1775 5484 Aliquid
1792 5401 1883 5468 etiam
1899 5399 2058 5468 habebant
2072 5397 2319 5486 reprehensibile
2331 5401 2363 5466 in
2381 5419 2470 5476 airaon
2483 5431 2516 5462 n-

1406 5503 1482 5584 hoo,
1506 5505 1589 5592 quod
1607 5507 1644 5574 de
1669 5507 1829 5590 potestatis
1844 5505 2008 5574 altitudine
2032 5503 2256 5586 efferebantur3
2279 5505 2361 5592 quod
2375 5473 2530 5530 presentiam,

1479 5781 1584 5838 ⁸Vers.
1607 5785 1653 5836 at:
1673 5785 1771 5840 dianus
1790 5785 1886 5836 nestra
1904 5789 1969 5846 eta,
1989 5787 2050 5848 post
2066 5797 2145 5848 quem
2167 5783 2194 5848 9,
2215 5783 2239 5834 i.

1478 5869 1584 5926 ⁹Vcrs.
1605 5875 1645 5924 lu
1664 5869 1829 5924 -Subinde
1847 5871 1974 5934 allegatur
1996 5871 2014 5922 l.
2036 5869 2095 5924 Cor.
2118 5869 2167 5932 lb,
2189 5869 2214 5920 9.
2234 5883 2289 5936 seq.

1479 5955 1502 5988 ²⁰
1520 5959 1572 6010 Ctr.
1589 5971 1676 6028 ‘snpra
1696 5971 1722 6010 n.
1742 5959 1785 6010 29.
1805 5957 1828 6008 in
1847 5959 1907 6010 fine.
1923 5983 1955 5994 -·
1968 5959 2028 6008 Vat.
2051 5959 2115 6010 haec
2132 5953 2215 6010 verba
2234 5955 2304 6010 sieut
2320 5953 2365 6010 illa

1405 6043 1572 6120 Pharisaeus
1592 6045 1740 6110 transponit
1757 6045 1878 6112 superius
1896 6049 1956 6110 post
1975 6043 2108 6098 nonsibi.

1479 6131 1502 6162 ¹¹
1520 6135 1596 6186 Vers
1616 6133 1645 6196 t,
1659 6133 1701 6184 cui
1714 6131 1876 6184 subnectitur
1893 6131 1939 6184 lob
1958 6133 2007 6196 38,
2027 6131 2069 6184 35.
2089 6133 2180 6184 Glossa
2198 6129 2224 6182 in
2242 6133 2312 6184 hunc
2330 6133 2366 6184 lo

1406 6235 1467 6274 cum
1489 6221 1594 6274 interius
1613 6221 1720 6284 allegata
1740 6225 1778 6272 est
1797 6219 1939 6274 ordinaria
1957 6217 2116 6286 (secundum
2134 6219 2258 6286 drogon,
2279 6219 2364 6272 XXX.

1405 6309 1494 6362 bloral.
1511 6323 1536 6360 c.
1556 6311 1580 6360 2.
1606 6325 1631 6362 n.
1650 6307 1700 6376 6.);
1726 6309 1754 6360 in
1777 6307 1834 6372 ipsa
1860 6313 1943 6372 textns
1968 6307 2103 6370 originalis
2120 6319 2169 6372 pro
2192 6305 2364 6360 subditarum

1405 6397 1540 6450 substituit
1564 6395 1721 6450 auditorum
1745 6393 1796 6462 (ita
1818 6401 1844 6450 θῖ
1870 6395 1953 6464 Vnt),
1974 6401 2076 6460 etpost
2096 6395 2262 6466 transfigunt
2288 6395 2364 6460 plora

1404 6485 1487 6538 addit.

1477 6571 1500 6604 ¹²
1517 6573 1591 6626 Vens.
1614 6573 1661 6634 ta,
1682 6569 1727 6624 ubi
1745 6587 1794 6638 pro
1807 6569 1833 6626 iu
1852 6571 1928 6642 nobis
1940 6573 2054 6640 Vulgata
2066 6577 2092 6626 θῖ
2107 6573 2164 6628 Vat.
2175 6567 2267 6640 nabis,·
2286 6571 2364 6626 Card.

1403 6663 1482 6728 Hugo
1502 6667 1639 6730 utramque
1657 6659 1795 6714 lectionem
1814 6661 1917 6716 exhibet
1936 6661 1992 6732 (etr.
2006 6663 2049 6718 Ps.
2066 6661 2115 6728 67,
2129 6661 2198 6730 29.);
2211 6667 2270 6726 post
2283 6675 2364 6730 quem

1404 6751 1446 6804 Ps.
1466 6751 1532 6816 tte,
1553 6751 1577 6804 9.
1596 6751 1647 6820 ivel
1670 6749 1714 6820 t).
