5900 8266
1041 519 1236 606 corruam.
1259 541 1299 608 m
1320 539 1561 610 urluouumr
1583 537 1700 606 tuom
1726 539 1756 606 c.
1783 541 1869 608 xmt

563 713 613 782 3ῖ.
638 715 741 802 (Vens.
765 719 840 802 33).
872 715 1012 784 Secundo
1040 721 1194 802 quantum
1220 715 1259 784 ad
1283 715 1430 802 profare·

318 837 455 906 reliquas
471 819 606 886 ditutem
631 823 834 892 itrdice'orum
860 823 920 888 Dei
935 823 1098 890 subditur:
1119 823 1158 888 ut
1173 823 1305 910 quedem
1321 823 1431 890 retius

325 895 453 992 iuoffirum
473 925 636 1008 dominio,
659 931 842 996 secuudum
866 929 953 1018 quod
976 927 1148 1014 dederitque
1165 937 1221 1006 est,
1240 929 1353 1008 oudit;
1370 931 1430 994 buc

473 1039 522 1102 θεῖ
544 1033 718 1102 secuudum
743 1033 885 1102 divinum
915 1033 1077 1102 decretum
1109 1039 1140 1102 et
1163 1051 1257 1102 suum
1282 1033 1430 1120 benepla-

473 1139 588 1220 oitum;
614 1141 708 1208 Isaiae
730 1139 992 1226 quinquagesimo
1021 1139 1159 1206 terti01:
1190 1139 1337 1206 «Omnes
1372 1159 1430 1208 uos

472 1249 565 1334 quasi
593 1265 669 1314 ores
698 1247 892 1326 erravimuS,
926 1247 1145 1332 imusquisque
1178 1247 1207 1314 iu
1233 1247 1314 1314 riam
1338 1265 1428 1314 suam

471 1351 648 1430 declinavit,
665 1357 697 1418 et
711 1351 817 1434 posuit
830 1351 982 1418 Dominus
994 1351 1025 1416 in
1038 1369 1074 1418 eo
1090 1349 1271 1440 iniquitates
1287 1351 1430 1418 omnium

472 1465 619 1526 nostrum
635 1479 666 1534 »;
691 1463 720 1522 θῖ
746 1457 863 1536 iterum
885 1457 1017 1522 ibidem:
1049 1483 1065 1516 a
1081 1459 1118 1524 Et
1147 1459 1302 1524 Dominus
1327 1457 1429 1524 voluit

473 1569 637 1630 conterere
671 1579 745 1628 eum
775 1561 809 1628 in
841 1561 1023 1630 infirmitate
1040 1589 1070 1644 ε,
1094 1571 1126 1632 θῖ
1159 1565 1293 1632 Actuum
1317 1563 1428 1630 tertio:

478 1693 495 1726 a
510 1669 594 1734 Deus
619 1677 705 1752 quae
723 1669 955 1752 praenuntiavit
977 1687 1034 1754 per
1065 1687 1100 1738 os
1123 1669 1263 1736 omnium
1292 1669 1430 1754 Prophe-

473 1763 597 1852 tarum,
623 1771 687 1858 pati
720 1771 881 1840 Christum
914 1793 1025 1854 suurn,
1061 1775 1201 1860 implerit
1238 1773 1280 1840 sic
1297 1801 1327 1840 a.
1352 1777 1429 1840 Nam

472 1879 567 1948 isaias
588 1879 663 1948 dicit
686 1879 779 1948 isaiae
808 1881 1218 1966 quinquagesimotert102:
1238 1881 1430 1964 «Tanquam

472 1985 540 2054 oris
564 1985 601 2050 ad
626 1985 810 2052 occisionem
833 1987 966 2052 ducetur
980 2011 1011 2066 »3
1035 1994 1067 2054 et
1082 1987 1281 2052 Threuurum
1299 1985 1428 2052 ultimo:

477 2091 644 2176 «Spiritus
668 2091 732 2158 oris
755 2091 873 2170 nostri,
896 2091 1041 2158 Christus
1067 2091 1219 2158 Dominus
1248 2099 1359 2176 captus
1380 2099 1429 2158 θεῖ

472 2197 663 2280 inpeccatis
698 2197 815 2264 nostris
829 2221 861 2278 »3
886 2203 917 2264 et
946 2197 1082 2264 Danielis
1103 2215 1216 2280 ¹nono:
1248 2197 1351 2264 «Post
1373 2197 1429 2264 be-

471 2301 640 2368 bdomadas
663 2303 825 2386 sexaginta
840 2303 920 2370 duas
935 2303 1093 2370 occidetur
1118 2303 1261 2368 Christus
1277 2327 1310 2382 »3
1325 2307 1358 2368 θῖ
1373 2303 1430 2368 Za-

473 2409 598 2476 chariae
623 2407 743 2476 decimo
770 2409 877 2476 tertio:
908 2435 924 2468 α
940 2409 1019 2492 Quid
1052 2415 1126 2476 sunt
1155 2409 1264 2494 plagae
1297 2407 1373 2474 istae
1395 2407 1428 2472 in

472 2515 576 2582 medio
597 2533 751 2582 manuum
773 2521 928 2582 tuarum?
950 2515 988 2582 Et
1009 2515 1106 2582 dicet:
1130 2515 1182 2582 his
1197 2515 1428 2598 plagatusqsum

473 2623 507 2688 iu
528 2623 623 2688 domo
644 2639 757 2688 eorum
779 2621 834 2706 qui
858 2621 1027 2708 diligebant
1052 2637 1101 2686 me
1114 2647 1143 2686 a.

563 2731 615 2796 33.
640 2729 762 2796 Porcio
784 2729 881 2816 igitur
903 2727 1019 2796 Christi
1052 2725 1111 2794 luit
1139 2725 1277 2816 definite
1306 2727 1428 2806 aDe0‚

335 2845 454 2948 {¹01³qu
471 2835 532 2904 fuit
556 2835 648 2902 otiam
673 2835 731 2902 sibi
753 2835 879 2920 piutita
910 2841 939 2902 et
961 2841 1095 2920 occepta
1109 2833 1132 2914 ¹,
1162 2839 1194 2900 θῖ
1224 2839 1326 2900 tamen
1352 2829 1430 2920 offe-

440 2929 546 3010 'otus
582 2941 765 3028 proditoria
796 2943 856 3010 luit
890 2941 1066 3028 displicens
1101 2949 1131 3008 et
1160 2959 1360 3028 perversum
1397 2947 1430 3008 et

473 3049 543 3114 ideo
566 3047 730 3116 subditur:
769 3049 999 3116 Verumtamen
1028 3067 1089 3114 true
1124 3045 1251 3114 ltomt'm‘
1279 3045 1347 3126 elli,
1367 3067 1430 3132 per

473 3171 569 3238 quem
592 3153 767 3244 trudetur!
791 3155 879 3240 quia,
902 3155 975 3220 licet
998 3157 1028 3220 iu
1046 3151 1161 3242 effectu
1183 3155 1221 3220 sit
1245 3153 1428 3234 concordia,

473 3259 507 3322 in
528 3257 695 3322 uoto-utute
725 3265 843 3326 tamen¹
861 3265 908 3326 θεῖ
940 3277 1062 3326 summa
1096 3259 1322 3344 discrepantia,
1355 3261 1429 3346 qnia

473 3365 559 3430 Deus
588 3365 648 3430 hoo
680 3363 804 3431 uolebat
832 3383 876 3430 ex
905 3357 1064 3444 curtiule,
1088 3365 1264 3432 secuudum
1289 3365 1366 3430 illud
1388 3365 1429 3432 ad

474 3469 624 3556 Ephesios
646 3469 783 3538 secundo
797 3471 827 3536 ¹:
857 3495 873 3528 «
888 3469 973 3536 Deus
996 3475 1121 3548 autem,
1144 3469 1199 3554 qui
1223 3469 1311 3538 diues
1332 3475 1380 3538 est
1395 3471 1429 3536 in

473 3575 705 3656 misericordia,
731 3583 860 3664 propter
882 3567 1010 3642 nimiam
1034 3575 1194 3642 caritatem
1211 3601 1228 3634 s
1250 3581 1325 3654 eto.;
1343 3583 1374 3642 et
1389 3577 1431 3644 ad

418 3749 420 3752 .
473 3673 627 3750 Romanos
649 3683 776 3768 quinto:
800 3683 1030 3748 «Commendat
1046 3675 1149 3748 autem
1168 3683 1251 3748 Deus
1266 3681 1429 3748 caritatem

468 3807 563 3862 suam
586 3787 749 3870 innubis,
773 3789 939 3874 quoniam,
963 3805 1036 3856 cum
1059 3787 1163 3854 adhue
1179 3793 1359 3874 peccatores
1379 3805 1430 3854 es-

474 3913 597 3976 semus,
623 3895 766 3962 Christus
791 3913 848 3980 pro
881 3893 972 3960 nobis
1001 3897 1146 3958 mortuus
1171 3899 1217 3960 est
1230 3921 1259 3958 a.
1285 3893 1430 3960 Christus

473 4003 597 4068 uolebat
628 4017 670 4066 ex
704 4001 904 4078 obedientie,-
935 3999 974 4068 ad
1005 3999 1217 4084 Philippenses
1249 3999 1428 4066 secundo⁵:

481 4133 498 4168 «
512 4105 692 4174 Humiliavit
714 4107 936 4192 semetipsum,
958 4107 1060 4172 lactus
1091 4105 1239 4172 obediens
1264 4105 1430 4192 usquead

474 4221 643 4278 mortem»
672 4217 731 4278 eto.
755 4213 858 4278 ludaei
889 4211 1035 4278 uolebant
1068 4231 1111 4278 ex
1143 4211 1353 4290 crudelium
1376 4213 1430 4278 Sa-

475 4317 610 4402 pientiae
633 4317 814 4388 ¹secundoi:
842 4343 859 4376 <t
875 4315 1068 4382 Contumelia
1090 4323 1122 4384 et
1152 4322 1310 4384 tormento
1331 4317 1430 4384 inter-

474 4439 624 4510 rogemus
656 4439 732 4490 eum
749 4449 777 4488 a.
810 4423 939 4490 «llorte
970 4423 1151 4506 turpissima
1187 4423 1430 4492 condemnemus

474 4547 549 4596 eum
565 4555 594 4592 a.
621 4527 711 4594 ludas
746 4535 852 4596 autem
882 4531 942 4596 hoc
973 4529 1096 4596 volebat
1130 4547 1173 4596 ex
1206 4529 1374 4608 uvoriteu,
1397 4538 1430 4596 et

473 4635 544 4702 ideo
575 4639 678 4720 potest
707 4633 766 4700 sibi
799 4641 976 4720 competere
1005 4633 1083 4700 illud
1112 4635 1245 4702 Aotuum
1278 4631 1428 4704 octaro⁷2

482 4767 498 4800 a
513 4741 647 4808 Pecunia
684 4747 738 4806 tua
772 4747 877 4808 tecunr
914 4741 953 4808 sit
989 4741 1018 4808 in
1055 4741 1260 4826 perditionem
1277 4767 1308 4808 a.
1343 4741 1429 4810 Unde

476 4853 608 4932 apparet
630 4847 661 4912 in
686 4849 759 4914 luda
783 4847 860 4914 illud
883 4847 967 4932 quod
992 4847 1107 4914 dicitur
1128 4849 1248 4932 primae
1271 4849 1311 4914 ad
1325 4849 1429 4914 Timo-

476 4955 585 5020 theum
618 4957 725 5020 sexto:
766 4977 781 5010 r
799 4953 858 5038 Qui
892 4953 1003 5020 volunt
1033 4951 1146 5038 divites
1184 4951 1252 5018 lieri
1288 4953 1430 5022 incidunt

475 5059 734 5126 intentationem
758 5067 789 5124 et
811 5059 842 5124 in
867 5059 1014 5144 laqueum
1046 5057 1159 5126 diaboli
1176 5085 1191 5118 a
1221 5067 1299 5140 eto.;
1321 5065 1355 5126 θῖ
1378 5079 1429 5128 ra-

473 5163 630 5230 rificatum
653 5171 700 5230 est
723 5165 816 5232 otiam
842 5165 921 5232 illud
947 5163 1150 5232 Ecclesiastici
1178 5164 1315 5232 decimo:
1345 5191 1362 5224 a
1377 5167 1428 5234 Ni-

475 5269 520 5338 hil
544 5277 590 5338 est
615 5271 754 5358 iniquius
777 5289 873 5358 quam
897 5289 1003 5338 amare
1025 5271 1200 5356 pecuniam.
1229 5271 1281 5338 liic
1298 5271 1380 5338 enim
1397 5281 1430 5340 et

474 5375 611 5442 animam
635 5395 724 5444 suam
749 5377 888 5444 venalem
922 5377 1032 5456 habet,
1057 5377 1204 5462 quoniam
1229 5377 1260 5442 in
1285 5377 1349 5444 rita
1371 5395 1429 5444 sua

546 5777 561 5820 ¹
575 5779 648 5832 Vero.
671 5781 695 5832 6.
713 5786 740 5833 θῖ
758 5779 806 5842 lu,
832 5785 893 5844 post
921 5793 989 5848 quos
1005 5755 1072 5834 Act.
1101 5783 1131 5844 3,
1151 5781 1208 5844 38,
1229 5779 1272 5834 ubi
1293 5795 1341 5848 pro
1361 5795 1430 5850 quoe
1493 5831 1495 5834 .

435 5883 438 5888 ’
473 5867 587 5922 ACDH
608 5867 661 5938 qui.
773 5921 776 5930 ,

545 5955 557 5986 ‘¹
575 5957 651 6010 Vers.
664 5957 690 6008 7.
700 5985 736 5994 -
750 5955 815 6008 Tres
827 5969 900 6022 seqq.
915 5957 964 6010 loci
978 5961 1038 6010 sunt
1052 5957 1145 6008 Thren.
1162 5957 1190 6024 l,
1203 5959 1251 6024 30;
1265 5957 1328 6010 Dan.
1343 5959 1373 6022 9,
1386 5959 1430 6010 36.

474 6051 501 6100 θῖ
518 6047 597 6100 Zaoh.
619 6047 666 6110 le,
686 6045 710 6098 6.

420 6155 422 6158 ·
546 6133 634 6188 ³Vat.
653 6119 799 6206 effecimu-
818 6133 865 6188 sed
884 6135 930 6188 cir.
948 6135 986 6188 lll.
1003 6135 1073 6186 Sent.
1092 6135 1119 6188 d.
1136 6133 1181 6188 33.
1193 6133 1257 6186 dub.
1271 6133 1344 6186 3.-
1363 6133 1431 6188 Sub·

473 6223 537 6276 inde
557 6239 604 6292 pro
623 6223 735 6294 effectus
749 6223 897 6294 proditoris
918 6223 1030 6278 ACDH
1050 6223 1157 6292 effeceras
1176 6221 1330 6292 procideret.

484 6331 485 6334 ¹
545 6311 651 6366 ⁴¹Vers.
671 6313 700 6380 l,
719 6319 779 6380 post
797 6327 876 6382 quem
894 6315 970 6368 Rom.
991 6313 1020 6378 3,
1042 6315 1065 6366 3.

546 6399 649 6454 ⁵Vers.
668 6405 694 6454 8.

546 6487 558 6520 ⁶
575 6489 651 6542 Vero.
672 6493 713 6544 te.
728 6499 786 6558 (pro
801 6495 932 6546 tormento
950 6491 1002 6544 AC
1019 6491 1124 6558 timore,
1145 6491 1197 6544 DG
1217 6491 1334 6554 terrore)
1349 6495 1375 6542 ot
1385 6493 1430 6544 30.

474 6607 509 6616 -
521 6577 571 6628 Pro
584 6575 680 6630 induet
695 6575 819 6632 notabunt
836 6577 920 6630 CDH
937 6577 1055 6632 traducas
1071 6577 1176 6634 colebat
1184 6597 1194 6644 ;
1214 6583 1275 6642 post
1287 6591 1321 6630 eu
1339 6577 1432 6632 crudo·

476 6665 549 6722 litote
567 6665 593 6718 iu
613 6667 633 6718 D
651 6661 766 6718 secunda
787 6679 881 6718 manus
899 6665 1000 6720 addidit
1018 6669 1044 6720 et
1061 6663 1171 6718 tuotda'u.

509 6823 510 6828 η
547 6753 650 6810 7νθεε.
671 6755 714 6808 30.
735 6755 843 6808 —Duo
869 6745 942 6822 seqq.
968 6753 1017 6808 loei
1043 6759 1102 6818 sunt
1121 6755 1136 6804 l.
1157 6753 1228 6806 Tim.
1247 6753 1276 6820 6,
1298 6753 1321 6804 3.
1341 6757 1368 6806 θῖ
1385 6753 1433 6806 Ec-

475 6847 515 6898 oli,
537 6847 584 6914 lt,
606 6847 646 6898 lu

2382 553 2446 620 5er

1494 717 1625 806 proiecit
1658 717 1766 784 intima
1799 735 1901 784 sua».
1927 721 2012 788 Unde
2044 725 2133 790 ludas
2163 727 2299 810 perdidit
2333 727 2446 804 vitam,

1493 825 1628 912 perdidit
1650 825 1805 904 animam,
1827 825 1963 910 perdidit
1986 827 2118 908 lamam,
2140 829 2276 912 perdidit
2299 831 2403 898 omnia
2418 835 2448 896 et

1494 931 1629 1000 incurrit
1661 931 1870 1000 calamitatem
1899 936 2076 1010 aeternam;
2103 933 2186 1000 unde
2222 935 2252 1000 iu
2287 935 2446 1000 Psalmo⁸:

1500 1037 1611 1102 «Cum
1641 1037 1817 1116 iudicatur,
1851 1043 1942 1104 exeat
1975 1037 2198 1114 condemnatus
2214 1063 2231 1096 a
2266 1041 2341 1116 eto.;
2372 1037 2448 1102 llat-

1494 1143 1577 1210 thaei
1602 1141 1751 1228 vigesimo
1775 1149 1882 1210 serto:
1913 1143 2149 1210 «Bonumerat
2173 1139 2219 1220 ei,
2235 1139 2260 1208 si
2279 1147 2370 1208 uatus
2385 1137 2447 1206 non

1493 1249 1605 1316 luisset
1620 1275 1635 1308 »
1665 1255 1724 1318 eto.

1582 1353 1634 1420 33.
1661 1355 1760 1440 (Vers.
1792 1355 1868 1438 33).
1892 1355 1998 1424 Tertio
2021 1357 2176 1442 quantum
2206 1351 2243 1418 ad
2264 1351 2448 1438 puritatem
2462 1369 2613 1426 patriaspa-

1494 1459 1731 1546 Apostolorum
1754 1461 1880 1528 Chresti
1902 1461 2081 1546 subiungit:
2108 1461 2146 1526 m
2180 1457 2247 1544 ipsi
2274 1465 2449 1542 coeperunt
2480 1425 2589 1468 ΝΟΜ

1494 1585 1653 1654 quaerere
1676 1567 1760 1632 inter
1783 1585 1832 1644 se,
1858 1569 1932 1656 quea
1955 1567 2184 1646 essetecum,
2218 1565 2277 1654 qui
2306 1561 2364 1630 boc
2393 1561 2447 1650 fu-

1494 1679 1611 1738 cturus
1632 1679 1722 1736 earet.
1746 1671 1826 1738 Beda
1839 1673 1870 1738 ⁹:
1899 1675 2091 1740 «Noverunt
2114 1673 2277 1752 undecim,
2294 1669 2377 1756 quod
2402 1669 2448 1736 ni-

1493 1777 1539 1844 hil
1562 1777 1623 1844 tale
1639 1777 1868 1862 cogitauerunt,
1884 1779 1937 1846 sed
1953 1781 2026 1864 plus
2043 1779 2175 1846 credunt
2189 1777 2337 1864 Magistro
2353 1793 2445 1864 quam

1491 1883 1553 1972 sibi
1568 1909 1599 1964 »3
1623 1883 1706 1948 unde
1730 1883 1875 1950 hiattbaei
1898 1885 2048 1968 vigesimo
2070 1893 2163 1952 sexto
2177 1885 2307 1954 dicitur:
2338 1883 2448 1950 «Con-

1494 1989 1609 2056 tristati
1632 1987 1740 2068 valde,
1763 1993 1935 2072 coeperunt
1958 1987 2070 2074 singuli
2089 1989 2210 2056 dicere:
2227 1991 2373 2074 Nunquid
2389 2007 2445 2076 ego

1494 2111 1581 2174 sum,
1615 2093 1803 2160 contuear
1836 2093 1923 2160 Unde
1952 2093 2088 2176 Apostoli
2123 2099 2214 2160 erant
2248 2095 2445 2182 innocentem

1493 2203 1567 2286 quia
1590 2217 1647 2266 nec
1664 2199 1863 2266 consentanei
1877 2205 1968 2266 erant
1983 2197 2118 2266 malitiae
2133 2215 2191 2266 neo
2207 2199 2301 2266 etiam
2321 2201 2445 2268 conscii.

1493 2307 1655 2374 turbatur
1678 2313 1783 2374 autem
1806 2305 1938 2390 quilibet
1960 2305 1993 2372 iu
2016 2321 2050 2372 se
2072 2309 2106 2372 et
2125 2305 2166 2372 de
2187 2321 2236 2386 εθ,
2259 2323 2300 2372 ue
2321 2305 2363 2372 ab
2378 2305 2447 2374 aliis

1494 2413 1678 2480 crederetur
1700 2427 1768 2478 θεεθ
1793 2411 1877 2490 talis,
1901 2417 1932 2478 et
1955 2409 2048 2478 etiam
2064 2415 2194 2494 propter
2211 2409 2446 2476 haesitationem

1493 2517 1532 2586 de
1556 2519 1639 2598 aliis3
1658 2519 1742 2586 unde
1757 2517 1878 2584 loannis
1902 2517 2023 2585 decimo
2047 2517 2139 2584 tertio
2154 2517 2196 2582 ¹⁰:
2221 2515 2447 2602 respiciebant

1493 2623 1637 2710 discipuli
1661 2623 1699 2690 ad
1723 2623 1873 2704 inuicem,
1898 2623 2105 2704 haesitantes,
2127 2623 2168 2692 de
2194 2641 2258 2710 quo
2282 2623 2400 2692 diceret
2415 2651 2445 2690 a.

1494 2731 1575 2798 luter
1601 2747 1707 2798 omnes
1739 2737 1842 2796 tamen
1877 2731 1984 2794 Simon
2005 2731 2133 2810 PetruS,
2167 2729 2241 2814 quia
2276 2729 2446 2796 ferventior

1494 2845 1578 2918 erat,
1612 2837 1792 2924 diligentius
1823 2837 2019 2922 requirebat;
2054 2837 2137 2902 unde
2174 2835 2295 2904 loannis
2326 2835 2445 2902 decimo

1494 2943 1605 3012 tertio:
1633 2971 1649 3002 ε(
1667 2945 1769 3011 innuit
1801 2943 1905 3010 Simon
1937 2943 2048 3010 Petrus
2078 2941 2122 3010 illi
2158 2941 2327 3028 discipulo,
2352 2959 2445 3028 quem
2537 2999 2538 3002 ,

1474 3049 1639 3138 ¹diligebat
1665 3051 1761 3130 lesus,
1780 3055 1810 3118 et
1825 3049 1908 3118 dixit
1931 3049 1977 3118 ei:
2000 3049 2076 3136 eris
2101 3055 2165 3130 θεῖ,
2180 3049 2220 3118 6θ
2236 3069 2298 3136 quo
2321 3047 2445 3116 dicha?

1494 3157 1601 3224 Maluit
1623 3165 1730 3224 autem
1762 3157 1932 3238 Dominus,
1961 3157 2046 3244 quod
2078 3175 2187 3224 omues
2222 3157 2445 3236 turbarentur,
2467 3173 2597 3220 notatum.

1494 3279 1589 3346 quam
1617 3263 1703 3348 quod
1739 3263 1792 3330 ille
1820 3263 1968 3330 omnibus
1998 3265 2219 3348 detegeretur,
2249 3267 2287 3328 ut
2312 3259 2446 3328 formam

1493 3367 1596 3448 daret,
1620 3367 1703 3454 quod
1729 3387 1791 3436 non
1813 3375 1861 3436 θεῖ
1882 3369 2043 3436 occultum
2066 3369 2178 3436 uitium
2194 3367 2326 3436 faciliter
2344 3367 2446 3456 publi-

1494 3475 1642 3554 candum3
1673 3475 1911 3560 propterquod
1935 3475 2137 3542 Ecclesiastici
2162 3475 2283 3542 decimo
2305 3493 2388 3540 nono
2403 3477 2444 3540 ¹¹:

1488 3603 1512 3636 =«
1531 3577 1649 3646 Audisti
1673 3579 1806 3646 verbum
1829 3579 1982 3646 aduersus
2010 3579 2193 3662 proximum
2219 3585 2334 3646 tuumt
2357 3579 2447 3646 Com·

1495 3685 1647 3750 moriatur
1672 3685 1701 3750 in
1727 3689 1774 3764 te,
1799 3683 1915 3764 fidene,
1938 3685 2088 3768 quoniam
2111 3703 2174 3750 non
2197 3689 2229 3750 te
2243 3683 2444 3768 dirumpet».

1494 3791 1611 3856 Tamen
1644 3789 1761 3856 Simoni
1798 3791 1887 3856 Petro
1916 3805 1973 3874 per
1995 3787 2139 3856 Ioannem
2174 3777 2340 3868 indicarit,
2364 3787 2445 3856 siout

1493 3895 1610 3964 dicitur
1631 3895 1753 3962 loannis
1777 3895 1897 3962 deoimo
1921 3893 2032 3960 tertio:
2054 3919 2076 3952 ¹a
2093 3895 2145 3962 lile
2168 3900 2233 3974 est,
2249 3895 2300 3960 cui
2324 3913 2381 3980 ego
2398 3895 2444 3962 iu·

1493 4003 1626 4070 tinctum
1648 4021 1758 4088 panem
1784 4019 1958 4088 porrexero
1974 4027 2004 4082 »ς
2019 4001 2105 4088 wquia
2126 4021 2188 4070 non
2205 4007 2371 4086 reputatur
2388 4021 2447 4086 pu·

1493 4107 1620 4186 bimum,
1644 4107 1730 4192 quod
1751 4125 1794 4174 ex
1816 4105 1944 4174 caritate
1969 4107 2006 4174 ad
2032 4107 2183 4174 cautelam
2208 4107 2347 4194 praelato
2362 4105 2447 4176 dete-

1494 4213 1578 4300 gitur
1604 4221 1733 4302 propter
1754 4213 1931 4298 perieulum
1954 4213 2126 4280 vitandum.

1583 4423 1704 4512 Tertio,
1730 4421 1767 4494 de
1791 4421 1919 4514 prouida
1940 4421 2115 4494 eruditione
2138 4421 2358 4514 discipulorum

1850 4528 1998 4600 dicuntur
2022 4529 2091 4600 duo.

1583 4741 1634 4810 33.
1661 4743 1766 4810 Foeta
1790 4749 1836 4810 est
1859 4751 1968 4810 uotam
1984 4747 2012 4808 et
2028 4741 2185 4810 contentio
2202 4747 2259 4810 etc.
2279 4743 2445 4830 Postquam

1493 4849 1659 4936 descripsit
1681 4849 1941 4916 machinationem
1967 4849 2151 4936 proditionis
2165 4855 2196 4918 et
2220 4849 2445 4918 institutionem

1494 4957 1684 5022 Sacramenti
1706 4957 1833 5036 altariS,
1865 4955 1917 5022 bic
1939 4955 2071 5022 ῖθεῖίθ12
2100 4955 2247 5024 describit
2269 4957 2446 5042 providum

1493 5061 1710 5130 eruditionem
1743 5061 1995 5146 discipulorum.
2033 5065 2067 5129 Et
2103 5063 2250 5148 quoniam
2282 5061 2446 5148 dupliciter

1493 5173 1623 5254 paratur
1647 5171 1742 5236 homo
1764 5169 1805 5236 ad
1826 5169 1970 5236 ruinam:
1993 5171 2044 5238 rel
2069 5187 2127 5254 per
2152 5169 2388 5256 orropomto'om
2412 5169 2447 5236 in

1491 5275 1677 5362 prosperis,
1700 5277 1749 5344 rel
1774 5293 1830 5362 per
1856 5277 2112 5344 inconstantium
2135 5275 2355 5355 chorinerum
2376 5275 2446 5344 ideo
2466 5291 2553 5338 urvrsa.

1493 5397 1565 5466 pars
1598 5383 1656 5448 ista
1687 5383 1783 5450 babet
1811 5383 1900 5450 duas.
1929 5384 1964 5450 lu
1994 5401 2130 5470 quarum
2162 5383 2264 5470 prima
2294 5383 2447 5470 repremit

1564 5783 1575 5814 ⁸
1595 5789 1688 5840 Psalm.
1709 5789 1773 5852 loa,
1793 5787 1816 5840 7.
1838 5793 1863 5840 et
1881 5785 1978 5840 deinde
1996 5787 2083 5840 liatth.
2098 5787 2145 5850 36,
2160 5785 2208 5848 sl,
2222 5785 2267 5838 ubi
2282 5799 2330 5852 pro
2343 5785 2447 5840 Boreum

1493 5877 1554 5930 erot
1570 5875 1596 5928 ei
1612 5875 1692 5930 ACD
1713 5877 1814 5932 Meritus
1834 5875 1860 5944 [t
1877 5873 1985 5938 Mettus]
2005 5877 2064 5928 erut
2083 5877 2130 5928 etc.

1500 5977 1503 5984 ¹
1564 5959 1575 5992 ⁹
1595 5965 1665 6016 Libr.
1684 5965 1727 6016 Vl.
1746 5965 1772 6016 in
1792 5965 1854 6016 Luc.
1872 5965 1922 6028 33,
1934 5965 1983 6024 33,
1996 5963 2043 6014 ubi
2055 5963 2174 6030 sequitur
2186 5963 2303 6028 Hieron,
2316 5965 2360 6016 lV.
2372 5961 2447 6016 Com·

1494 6055 1573 6104 ment.
1592 6051 1618 6102 in
1636 6053 1723 6104 htatth.
1743 6053 1792 6112 36,
1810 6051 1855 6100 33.
1872 6049 1922 6100 Pro
1940 6047 2080 6102 Noverunt
2099 6053 2124 6100 θῖ
2143 6047 2327 6116 copituoernut
2339 6049 2410 6102 Beda
2421 6055 2447 6102 et

1493 6139 1600 6192 hieron.
1619 6139 1755 6192 Noverunt
1768 6143 1794 6190 et
1805 6135 1961 6204 copituruut
1979 6135 2009 6204 (H
2030 6149 2091 6188 oum
2104 6137 2193 6190 Glossa
2207 6133 2394 6190 interlineari:
2408 6149 2447 6190 co·

1494 6225 1668 6296 plicuerunt).
1684 6253 1722 6264 -
1740 6223 1863 6292 Sequitur
1880 6223 1969 6274 Aiatth.
1987 6223 2037 6286 36,
2055 6225 2097 6274 33.

1565 6313 1589 6342 ¹⁰
1608 6313 1683 6366 Vers.
1702 6315 1744 6364 33.
1762 6341 1801 6352 -
1818 6311 1935 6364 Subinde
1953 6313 2079 6376 allegatur
2093 6313 2161 6364 ioan.
2181 6311 2230 6378 t3,
2248 6311 2292 6364 al.
2309 6337 2346 6352 --
2364 6313 2448 6376 Supe-

1494 6403 1551 6454 rius
1568 6401 1626 6454 Vat.
1646 6401 1741 6454 omittit
1758 6415 1814 6454 esse
1834 6391 1904 6454 tolie.

1565 6485 1587 6516 ²¹
1610 6487 1682 6540 Vers.
1703 6489 1744 6540 to.
1757 6489 1930 6554 -Sequitur
1946 6491 2018 6542 ioan.
2039 6489 2086 6550 l3,
2105 6487 2148 6540 36.
2168 6467 2352 6550 Clr.'Donau.,
2372 6485 2448 6538 Com-

1494 6583 1575 6630 ment.
1595 6577 1620 6628 in
1637 6577 1706 6630 ioan.
1726 6591 1748 6630 o.
1768 6577 1809 6630 ta.
1828 6591 1855 6628 n.
1873 6577 1964 6630 33-34.
1983 6583 2007 6628 θῖ
2027 6591 2052 6628 n.
2072 6577 2112 6628 dl.
2132 6591 2186 6642 seq.

1565 6661 1588 6694 ¹²
1608 6665 1659 6718 Cb.
1677 6679 1756 6732 supra
1776 6681 1801 6720 n.
1821 6669 1901 6718 l.·—
1919 6667 2043 6730 August,
2061 6667 2178 6718 Enarrat.
2198 6663 2226 6716 in
2242 6665 2284 6716 Ps.
2308 6661 2352 6716 74,
2370 6677 2398 6714 n.
2418 6665 2445 6716 t:

1494 6755 1611 6822 Utraque
1628 6751 1691 6822 [vita
1711 6755 1807 6808 scilicet
1825 6767 1952 6818 prospera
1971 6759 1995 6806 et
2014 6751 2136 6820 aduersa]
2158 6751 2276 6804 currenda
2288 6755 2337 6814 θεῖ,
2352 6751 2403 6814 ilia,
2414 6765 2448 6804 ne

1495 6849 1662 6912 corrumpat,
1679 6845 1744 6908 ista,
1763 6859 1798 6898 ne
1815 6845 1927 6906 frangat.
