5900 8266
1298 593 1574 664 Pauiaoouaut
1599 595 1630 662 C.
1656 595 1688 664 il.

498 783 580 842 super
599 771 681 828 Poler
696 775 799 828 moster.
816 771 867 828 llio
879 769 995 842 ponitur
1013 771 1107 826 orocio
1118 769 1266 838 dominico,
1286 769 1317 824 tto
1337 783 1392 840 qua
1405 771 1459 826 hio

496 877 626 946 promitto
644 877 781 946 uotuutlo,
801 877 865 946 puio
882 877 1023 946 estprimo
1046 875 1275 942 commendanda,
1293 881 1324 932 ut
1340 877 1460 932 astaudu-

500 987 548 1038 tur
566 985 624 1040 eius
635 981 770 1054 efficaciu-
791 981 819 1042 2.
839 981 993 1048 diuidenda,
1012 985 1045 1038 ut
1055 981 1241 1052 manifestetur
1262 979 1380 1048 maedam
1394 997 1459 1052 pre·

501 1087 588 1158 cium,
607 1103 748 1156 uumerus,
767 1087 834 1144 ordo
848 1087 1066 1160 etsupicic'ucia;
1085 1087 1116 1144 5.
1134 1087 1308 1158 exponendo,
1320 1091 1355 1144 ut
1370 1087 1459 1144 amuis

500 1195 582 1262 sciat,
606 1207 656 1264 pue
669 1199 693 1250 et
704 1193 821 1264 qualiter
840 1191 933 1248 doleat
944 1197 1038 1264 potero
1055 1207 1107 1264 pue
1118 1193 1175 1250 siut
1188 1191 1242 1250 siti
1256 1193 1358 1264 pelenti
1372 1209 1458 1252 ueces-

500 1297 576 1354 saria
595 1303 645 1354 etc.
663 1327 699 1338 -
717 1299 791 1364 Sign.
808 1297 856 1352 litt.
873 1297 902 1354 0.

571 1405 627 1458 Hoc
644 1405 806 1470 opusculum
824 1409 865 1458 est
881 1405 963 1456 multo
983 1405 1104 1460 diffusius
1121 1421 1201 1474 quam
1215 1407 1374 1474 impressum
1383 1427 1391 1472 ;
1406 1423 1458 1462 nou

500 1523 585 1576 pauca
604 1509 753 1565 transcribit
771 1509 933 1570 verbotenus
950 1511 1059 1580 exilio,
1076 1513 1125 1566 alia
1150 1513 1262 1578 omittit;
1281 1513 1459 1566 additamenta

500 1619 609 1670 contuse
626 1597 724 1684 scripta
743 1595 804 1672 sunt
820 1621 846 1670 et
865 1622 1009 1684 evagantur
1024 1619 1059 1672 ad
1071 1619 1249 1686 digressiones
1260 1633 1358 1684 pamm
1375 1623 1458 1684 optas.

500 1723 709 1790 adpetitionem
730 1723 887 1796 secundam,
906 1729 1026 1792 quartam
1046 1730 1071 1780 ct
1092 1725 1212 1794 quintam
1231 1729 1325 1780 iterum
1345 1727 1370 1780 in
1388 1741 1459 1780 rner-

500 1831 562 1894 gine
581 1831 718 1896 superiore
737 1831 897 1884 irooaholon
916 1833 1110 1888 bouoocuturu
1130 1831 1259 1898 scriptum
1283 1835 1329 1886 esi.
1355 1831 1458 1886 adma-

502 1941 587 1990 menia
612 1937 654 1988 illa
674 1937 782 1990 minime
801 1937 906 2002 sapiunt
928 1937 1045 1990 indolem
1063 1939 1088 1990 S.
1108 1937 1237 1990 bostaris.
1259 1939 1325 1990 Hinc
1344 1939 1458 1990 sedhic

500 2043 576 2098 nobis
588 2057 641 2098 non
653 2017 764 2098 servivit
781 2045 831 2098 nisi
845 2045 879 2098 ad
897 2043 1124 2098 confirmationem
1145 2047 1261 2110 plurium
1278 2047 1406 2100 locorum.

572 2153 597 2204 2.
617 2149 765 2218 Monocbit',
780 2149 900 2204 biblioth.
913 2151 1109 2218 Universitatis,
1123 2151 1166 2204 re.
1179 2167 1201 2204 a.
1214 2155 1298 2206 chart.
1313 2165 1383 2206 saec.
1397 2153 1456 2206 XV.

501 2255 593 2322 incipit
612 2255 654 2308 iol.
674 2257 735 2308 286.
754 2271 799 2308 v.:
819 2255 962 2326 limpoeicio
983 2255 1118 2312 oracionis
1132 2257 1215 2310 Pater
1232 2259 1330 2310 uasta.
1360 2253 1457 2310 Oratio

501 2359 549 2416 hec
572 2359 749 2432 potottepioto
767 2365 807 2416 cst
824 2359 853 2416 iu
874 2359 960 2416 trihus
980 2365 1029 2414 etc.
1052 2361 1150 2414 Desinit
1169 2361 1210 2414 iol.
1232 2361 1293 2414 296.
1312 2363 1340 2414 ut
1360 2359 1384 2414 in
1403 2361 1458 2414 edi-

502 2467 542 2520 tis.
561 2495 595 2506 -
614 2469 713 2520 Paucas
734 2471 834 2522 tantum
854 2467 978 2520 lectiones
1005 2465 1110 2520 exhibet
1136 2467 1281 2534 variantes,
1308 2467 1359 2520 uisi
1385 2467 1458 2534 quod

503 2577 555 2628 iere
573 2579 720 2628 constanter
740 2575 834 2628 omittit
851 2573 959 2642 scilicet,
978 2587 1072 2644 nempe
1091 2575 1194 2642 aliaque
1212 2573 1314 2628 similia.
1330 2601 1367 2614 —
1384 2573 1458 2638 Siga.

502 2681 549 2734 litt.
566 2683 593 2734 Β.
1445 2759 1446 2762 ¹

578 2789 603 2842 3.
628 2785 816 2842 Wrolislouiaa
833 2789 860 2842 in
889 2789 994 2854 6666666,
1015 2785 1134 2840 biblioth.
1159 2785 1359 2854 Universitatis,
1382 2787 1415 2840 cl.
1439 2789 1458 2840 l.

503 2901 555 2950 oct.
575 2893 624 2960 35,
650 2897 732 2950 chari.
761 2909 829 2950 saec.
853 2897 912 2950 XV.
941 2893 1066 2948 exeuntis.
1082 2893 1176 2958 incipit
1193 2893 1236 2944 iol.
1259 2891 1294 2946 5:
1313 2891 1457 2962 Expostulo

502 2999 638 3056 oracionis
657 2997 789 3054 dominice
803 3013 854 3070 pet·
875 2997 1126 3054 iuuaret-oculorum.
1143 2995 1197 3052 lieo
1208 2995 1302 3052 oracio
1319 3001 1359 3052 est
1373 2995 1459 3064 priui-

503 3103 600 3174 lcpiota
620 3105 647 3160 iu
665 3103 754 3160 tritus
765 3109 814 3160 etc.
836 3105 936 3160 Desinit
953 3105 997 3156 iol.
1017 3103 1062 3156 83.
1081 3115 1104 3154 6.
1124 3101 1200 3168 Sela,
1218 3101 1248 3156 id
1266 3105 1307 3156 ost
1326 3115 1440 3172 sempor.

573 3211 621 3264 ilic
639 3211 699 3264 cod.
716 3211 753 3264 ob
770 3211 928 3278 scripturam
947 3209 1089 3276 pessimam
1109 3213 1148 3262 est
1166 3211 1236 3262 lectu
1247 3211 1325 3264 vaide
1337 3209 1457 3262 diiiicilis.

503 3313 537 3370 at.
557 3315 600 3368 Dr.
621 3313 741 3370 Clemens
758 3313 903 3382 Biomker,
923 3317 992 3370 Proi.
1014 3315 1110 3382 philos.
1134 3313 1161 3368 in
1184 3313 1253 3368 dicta
1270 3313 1458 3380 universitate,

506 3433 555 3486 pro
574 3433 621 3472 sua
639 3421 801 3486 humanitate
819 3425 843 3474 et
863 3421 888 3474 iu
906 3435 955 3474 nos
973 3421 1088 3474 amicitia
1116 3423 1302 3488 apographum
1320 3423 1460 3476 accuratis-

503 3523 600 3576 simum
620 3523 738 3578 eiusdem
757 3523 834 3578 nohis
852 3525 1073 3588 communicavit,
1099 3525 1173 3592 quod
1201 3529 1285 3590 graio
1305 3523 1392 3578 animo
1417 3525 1459 3578 hic

503 3641 751 3682 commemoramus
778 3629 904 3684 Convenit
922 3631 970 3684 iste
998 3631 1080 3684 codes
1108 3631 1171 3684 satis
1199 3643 1259 3684 cunr
1283 3631 1376 3694 editis,
1397 3643 1460 3684 non·

503 3735 575 3788 niella
592 3739 681 3788 tamen
707 3735 805 3802 scripta
832 3741 892 3790 sum
913 3751 962 3802 per
980 3737 1091 3790 modum
1110 3735 1237 3804 tabellae3
1256 3741 1365 3802 propter
1386 3739 1460 3804 quod

501 3839 655 3920 omittuntur
667 3839 800 3906 quaedam
814 3841 896 3894 verba
914 3841 944 3892 in
956 3839 1057 3894 tabellis
1077 3843 1218 3910 superliaa.
1231 3869 1267 3882 —
1280 3843 1351 3910 sign.
1365 3841 1411 3896 litt.
1430 3841 1458 3896 h.

574 3943 676 4002 coum
695 3961 744 4000 uon
764 3945 863 4002 collati.

575 4053 599 4106 i.
618 4051 771 4120 brumattis,
789 4051 910 4108 biblioth.
930 4053 1027 4120 Regia,
1041 4055 1121 4108 6062.
1134 4055 1194 4108 cod.
1205 4057 1287 4108 chart.
1307 4055 1459 4108 66666602.

503 4159 555 4214 Fol.
577 4161 618 4214 6.6
638 4159 781 4230 Eaposicio
801 4159 938 4216 oracionis
956 4159 1086 4216 lominica
1103 4175 1127 4216 s.
1148 4161 1459 4216 accusatoremne.

404 4317 405 4320 ,
504 4265 679 4336 Priuilcpibto
707 4269 754 4322 ast.
780 4267 880 4321 Desinit
906 4267 951 4322 iol.
981 4269 1008 4322 2.
1034 4283 1075 4322 n:
1100 4267 1262 4336 sempiterne
1286 4265 1459 4324 calamitatis.

503 4371 597 4426 Ameu.
613 4371 671 4442 piot.
689 4369 746 4442 piat.

575 4457 1459 4548 emmmmmmmmmm

503 4585 588 4636 chart.
604 4597 674 4636 saec.
694 4585 753 4638 XV.
770 4585 824 4636 666.
842 4585 903 4636 608.
920 4599 961 4638 n:
979 4585 1062 4640 Potor
1086 4587 1192 4650 uasta,
1215 4585 1265 4654 put
1286 4599 1316 4642 es
1334 4583 1363 4640 iu
1389 4585 1460 4642 colb.

506 4689 603 4746 oracio
621 4689 668 4744 hec
682 4687 858 4760 priuilepiulo
877 4693 914 4746 est
933 4689 962 4746 iu
980 4689 1077 4746 uitus.
1090 4689 1191 4744 Desinit
1208 4693 1251 4744 iol.
1265 4693 1341 4746 609.6
1361 4691 1460 4762 coufir-

505 4799 582 4852 moto
597 4793 626 4848 iu
645 4795 764 4850 emitote.

573 4903 597 4954 6.
615 4899 777 4956 Dormstudt
793 4903 822 4954 iu
839 4901 943 4968 Hassis,
958 4899 1081 4955 biblioth.
1097 4901 1217 4964 borealis,
1239 4903 1282 4954 95.
1295 4903 1380 4954 chart.
1391 4915 1459 4954 saec.

503 5005 562 5060 XV.
581 5011 684 5062 excerni.
702 5005 744 5058 iol.
767 5005 826 5060 696.
844 5019 884 5060 r.:
911 5005 992 5060 Potor
1019 5007 1119 5060 uasta.
1148 5003 1326 5074 Prioiiepiota
1348 5007 1389 5060 cst
1404 5003 1458 5076 isto

501 5111 594 5168 oracio
611 5111 642 5168 66
659 5111 756 5168 tritus.
775 5111 873 5166 Desinit
893 5113 934 5164 iol.
956 5113 1017 5166 698.
1034 5125 1080 5166 v.:
1096 5109 1180 5166 Fiunt
1197 5107 1273 5166 66066
1284 5125 1322 5166 aa
1333 5113 1382 5166 tuo
1398 5123 1460 5180 pro

499 5215 546 5272 tiu.
566 5215 694 5286 aopttctt.
812 5217 814 5222 ’
1207 5263 1209 5266 .

572 5325 598 5378 7.
617 5323 675 5380 loll
694 5325 757 5380 966.
779 5327 860 5380 chart.
879 5337 950 5378 saec.
967 5323 1035 5378 XiV.
1055 5323 1168 5376 membr.
1189 5323 1230 5376 iol.
1251 5321 1294 5376 ll.
1313 5337 1356 5374 v.:
1379 5323 1459 5380 Potor

498 5431 601 5484 uester.
618 5429 795 5502 Priuilopiatu
813 5433 854 5488 cst
869 5431 921 5488 ista
935 5431 1028 5486 oracio
1040 5427 1070 5486 iu
1082 5427 1177 5486 tritus.
1193 5427 1292 5482 Desinit
1305 5429 1349 5482 iol.
1363 5431 1406 5482 66.
1418 5443 1459 5484 v.:

500 5533 585 5590 qut
600 5533 675 5590 uotis
695 5549 729 5590 ec
748 5539 798 5592 tua
815 5533 919 5606 procia.

573 5639 759 5708 8.'Lamtaci,
779 5647 920 5696 monaster.
939 5641 966 5694 in
983 5641 1101 5708 Austris,
1120 5641 1191 5696 cod.
1211 5641 1272 5694 662.
1288 5641 1371 5694 chart.
1391 5653 1460 5694 saec.

500 5745 561 5808 XV.
581 5747 622 5800 iol.
644 5747 704 5800 662.
722 5761 767 5800 v.:
787 5745 930 5818 depositio
944 5745 974 5802 S.
985 5747 1173 5802 bonaventura
1195 5745 1226 5800 de
1247 5745 1383 5802 dominico
1400 5759 1461 5800 oru-

500 5851 585 5908 cioue.
602 5853 683 5908 Poto·
703 5857 794 5908 uester
812 5857 861 5910 etc.
881 5853 979 5910 Orocio
998 5853 1046 5910 heo
1058 5851 1235 5924 pricilcpiuiu
1257 5857 1297 5908 ast
1315 5851 1346 5908 iu
1363 5851 1461 5908 tritus.

501 5953 601 6010 Desinit
623 5959 667 6010 ici.
694 5959 754 6012 666.
773 5975 812 6014 66
831 5959 913 6016 66666
936 5949 1018 6016 aoth
1037 5973 1073 6016 66
1091 5963 1140 6016 666
1162 5955 1360 6028 praemaluit
1379 5959 1460 6016 Putet·

500 6063 603 6116 moster.
620 6061 723 6128 Scripta
742 6069 783 6118 est
799 6065 835 6118 ad
852 6063 963 6118 inodum
981 6065 1131 6120 schematis.

575 6169 601 6222 9.
628 6167 756 6236 Parisiis,
786 6169 906 6226 biblioth.
929 6173 1089 6238 Mazarinea,
1112 6171 1170 6226 cod.
1198 6173 1258 6226 982.
1283 6173 1365 6226 chart.
1391 6183 1460 6226 saec

396 6301 398 6304 ·
501 6277 571 6330 XVi.
590 6277 690 6330 ineunt.
708 6277 762 6328 iol.
782 6277 824 6328 86.
842 6291 878 6330 n:
901 6277 1045 6346 impositio
1062 6291 1088 6334 s.
1100 6277 1205 6334 Bouto.
1216 6291 1298 6348 super
1316 6277 1399 6332 Pater
1415 6289 1461 6332 uo·

500 6385 567 6438 ster.
579 6385 775 6438 Palaemona.
789 6379 887 6436 orooio
900 6381 946 6438 hcc
956 6381 1131 6452 prioitapioto
1143 6387 1189 6440 est.
1200 6385 1298 6438 Desinit
1311 6385 1353 6440 iol.
1367 6385 1410 6440 87.
1422 6399 1461 6440 r.:
1480 6375 1484 6380 ’

500 6503 539 6544 66
556 6493 606 6544 tuo
617 6487 722 6558 procia.
734 6485 855 6558 Empticii
870 6487 1007 6558 copositio
1020 6487 1156 6544 oracionis
1168 6487 1299 6548 demittite
1310 6489 1461 6548 secuudum

503 6597 647 6652 Doctorum
664 6595 838 6666 sorupbioum
855 6607 878 6650 s.
896 6595 1125 6652 bouooeuturum.

575 6705 617 6760 to.
639 6703 756 6760 traiecti
782 6703 818 6760 att
845 6701 980 6770 bteuum,
1005 6701 1124 6758 biblioth.
1152 6701 1291 6770 academ,
1313 6703 1374 6760 cod.
1401 6703 1461 6758 668.

501 6809 579 6864 inter.
599 6811 625 6862 S.
644 6811 670 6864 E.
689 6821 757 6862 saec.
778 6809 837 6862 XV.
860 6813 965 6862 exeunt.
989 6807 1044 6862 Fol.
1072 6807 1115 6860 23.
1140 6819 1181 6860 vs
1207 6805 1302 6878 iuctpit
1325 6805 1461 6876 copositio

2428 593 2481 660 XV

1523 785 1606 840 super
1622 771 1705 826 Pater
1722 775 1822 826 uostcr.
1841 769 1922 826 Pater
1940 771 2031 824 uester
2049 769 2098 824 clo.
2117 767 2217 824 Oruoio
2235 767 2284 824 loeo
2304 767 2479 838 priuilopiato

1523 879 1562 932 ost
1580 875 1608 932 iu
1626 875 1724 932 trihus.
1740 873 1842 952 Desinit
1859 877 1904 928 loi.
1921 877 1966 930 28.
1977 871 2004 928 ir.
2016 891 2023 928 6
2036 871 2118 930 Fiout
2129 871 2207 928 uobis
2219 887 2254 928 eu
2267 873 2368 944 procia
2385 851 2479 944 Empti·

1523 979 1559 1036 cit
1576 981 1712 1052 eaposictb
1728 997 1811 1052 super
1829 983 1912 1036 Pater
1928 985 2030 1038 666666.

1595 1087 1636 1142 66.
1658 1087 1766 1156 Ulmoe,
1787 1087 1906 1142 biblioth.
1928 1087 2060 1154 Civitatis,
2090 1087 2149 1142 cod.
2177 1087 2276 1140 66690.
2302 1087 2370 1142 XlV.
2401 1087 2427 1140 E.
2456 1087 2479 1140 t.

1522 1207 1593 1248 saec
1610 1195 1679 1246 XVi.
1697 1195 1797 1248 ineunt.
1812 1195 1866 1248 Foi.
1886 1195 1947 1248 266.
1967 1209 2004 1248 u:
2025 1195 2106 1250 Pater
2124 1195 2226 1248 uester.
2243 1187 2421 1264 Prioilepiato
2439 1195 2481 1248 est
2553 1225 2554 1230 κ

1520 1297 1572 1356 itta
1592 1299 1683 1354 oracio
1702 1299 1731 1354 iu
1749 1299 1846 1354 tritus.
1864 1301 1964 1354 Desinit
1979 1303 2024 1355 iol.
2042 1301 2103 1354 255.
2121 1315 2166 1354 v.:
2190 1315 2243 1370 per
2272 1297 2365 1354 uitium
2387 1297 2479 1354 iuouis

1520 1405 1607 1478 plorie
1622 1405 1784 1462 omisertmt.

1595 1513 1634 1564 62.
1658 1511 1842 1580 Vindohottae,
1860 1513 1980 1568 biblioth.
1991 1515 2121 1580 Palatina,
2141 1515 2221 1570 3666.
2234 1519 2315 1570 chart.
2335 1529 2405 1570 saec.
2420 1515 2479 1568 XV.

1520 1621 1623 1670 exeunt.
1643 1615 1672 1670 in
1689 1615 1735 1670 iol.
1757 1629 1833 1682 parv.
1857 1615 1911 1670 iol.
1935 1617 1980 1670 80.
2002 1631 2043 1670 n:
2066 1615 2165 1688 tuopte
2184 1615 2320 1686 impositio
2342 1619 2481 1672 0666666-

1520 1723 1581 1778 ture
1600 1733 1682 1790 super
1709 1719 1872 1776 dominicam
1891 1721 2053 1776 6666666666.
2081 1723 2163 1778 Pater
2189 1727 2289 1778 666666.
2312 1723 2365 1780 liet
2386 1723 2478 1780 oracio

1514 1823 1689 1896 priuilopiata
1708 1831 1748 1880 eet
1773 1825 1803 1880 iu
1829 1823 2046 1880 otiosumne
2072 1827 2115 1880 lot.
2141 1825 2183 1880 86.
2209 1843 2235 1880 6.
2261 1827 2355 1882 Amcu.
2378 1827 2478 1882 Omuio

1515 1931 1640 2002 prealato
1661 1929 1731 2002 ficut
1754 1929 1832 1986 uobis
1859 1943 1896 1984 am
1922 1933 1971 1984 lua
1992 1927 2098 2000 procia.
2122 1933 2223 1998 Scripta
2248 1939 2289 1986 est
2312 1933 2480 1986 admodum
2528 1927 2532 1934 '

1520 2037 1669 2094 schematis.

1592 2143 1609 2212 ς
1625 2143 1653 2198 8.
1670 2141 1704 2196 06
1717 2141 1779 2198 eliis
1792 2141 1995 2212 expositionibus
2013 2139 2139 2196 orationis
2159 2141 2298 2198 dominicae
2310 2143 2376 2198 ieiso
2392 2143 2418 2198 S.
2429 2143 2481 2200 Bo·

1520 2245 1683 2306 carentonae
1700 2247 1852 2305 attributis.

1592 2357 1622 2422 a)
1640 2355 1671 2408 P.
1685 2353 1783 2408 Bened.
1802 2355 1900 2408 bonelli
1918 2337 1950 2408 iu
1963 2367 2010 2408 suo
2032 2353 2219 2420 Suppiemento
2237 2355 2272 2408 ad
2291 2369 2370 2422 opera
2392 2357 2418 2408 S.
2430 2357 2478 2410 bo·

1521 2475 1597 2526 nam,
1618 2461 1737 2514 tridenti
1755 2459 1824 2512 6776
1846 2461 1921 2530 (tom.
1937 2461 1976 2512 iii.
1995 2459 2044 2512 col.
2063 2459 2115 2512 268
2135 2457 2222 2528 seqq.)
2243 2459 2325 2512 edidit
2345 2459 2478 2526 quandam

1520 2565 1711 2632 expositionem
1725 2567 1766 2620 vel
1779 2567 1868 2632 potius
1885 2563 2051 2632 6666666666,
2063 2579 2133 2632 quae
2145 2563 2246 2632 incipit:
2262 2585 2277 2614 a
2288 2557 2367 2620 Patet·
2378 2567 2480 2620 moster.

1521 2673 1543 2726 Ο
1563 2671 1691 2728 immensa
1709 2673 1863 2726 clementia!
1881 2671 1903 2724 0
1922 2671 2058 2724 ineiiabilis
2075 2669 2241 2736 benignitast
2259 2671 2281 2724 Ο
2300 2671 2367 2722 mira
2386 2671 2481 2736 digua-

1520 2779 1575 2832 tioi
1595 2777 1616 2830 0
1634 2777 1786 2844 longitudo,
1813 2779 1948 2832 latitudo»
1971 2781 2034 2846 666.,
2054 2781 2079 2830 66
2098 2779 2176 2844 piena
2193 2781 2234 2830 est
2251 2775 2379 2830 similibus
2399 2779 2481 2830 excia-

1521 2885 1689 2940 matiouibus.
1707 2887 1766 2950 lpse
1786 2889 1875 2952 putat,
1892 2899 1952 2938 eam
1973 2899 2030 2938 esse
2049 2885 2194 2950 legitimum
2213 2885 2343 2950 seraphici
2362 2885 2481 2938 Doctoris

1521 2989 1696 3056 opusculum,
1725 2989 1788 3058 quia
1808 2989 1894 3044 eidem
1915 2989 2070 3054 inscriptum
2090 2989 2188 3042 invenit
2206 2989 2234 3042 in
2252 2989 2368 3058 quodam
2388 2989 2481 3044 codice

1521 3095 1626 3150 iuniore
1643 3097 1795 3150 Conventus
1811 3097 1897 3150 Fontis
1917 3093 2060 3150 Columbae
2084 3095 2157 3164 (vide
2179 3095 2272 3148 Prode.
2297 3097 2346 3148 coi.
2364 3095 2427 3164 620)
2454 3099 2482 3148 66

1523 3201 1550 3254 66
1568 3201 1649 3256 allero
1670 3203 1816 3256 Mouasterii
1833 3201 1950 3256 Lunilaci
1967 3203 1996 3256 in
2011 3201 2118 3256 dustria
2135 3199 2211 3268 (ibid.
2230 3201 2278 3256 col.
2298 3199 2370 3268 627).

1595 3309 1646 3364 Sed
1665 3313 1766 3362 certum
1785 3313 1839 3372 cst,
1858 3309 1965 3362 doctum
1982 3307 2070 3362 virum
2083 3307 2112 3360 in
2125 3309 2176 3362 hoc
2187 3321 2298 3362 errasse.
2309 3307 2397 3360 Primo
2410 3307 2481 3360 enim

1522 3417 1587 3468 haec
1606 3415 1703 3478 oratio,
1723 3415 1782 3468 licet
1801 3415 1833 3468 sit
1851 3415 1959 3482 devota,
1986 3419 2039 3468 tota
2057 3419 2097 3466 est
2114 3415 2139 3466 in
2159 3411 2295 3468 affectibus
2312 3415 2349 3468 ita
2366 3411 2481 3468 verbose

1521 3521 1653 3586 repetitis,
1673 3525 1701 3574 ut
1718 3521 1827 3574 minime
1856 3519 1970 3574 indolem
1989 3525 2014 3574 ct
2033 3521 2121 3574 stilum
2148 3519 2279 3586 seraphici
2306 3521 2425 3574 Doctoris
2441 3535 2481 3574 sa·

1522 3629 1586 3694 piat.
1605 3655 1640 3668 -
1658 3627 1796 3692 Secundo,
1808 3625 1902 3680 eadem
1915 3625 2016 3696 pluries
2036 3627 2088 3680 iam
2109 3625 2178 3680 edita
2194 3627 2305 3694 aliisque
2317 3625 2415 3680 tributa
2426 3631 2480 3692 est,

1522 3733 1597 3802 quod
1616 3731 1713 3790 bonelli
1730 3749 1783 3788 non
1802 3735 1865 3788 satis
1882 3733 2016 3800 cognovit.
2030 3735 2058 3786 in
2070 3735 2199 3800 opusculo
2218 3733 2353 3790 Stimulos
2366 3733 2480 3802 amoris,

1523 3841 1563 3910 (p.
1580 3841 1621 3894 ill.
1637 3855 1660 3894 6.
1681 3839 1735 3910 67.)
1754 3841 1829 3894 toties
1846 3841 1899 3894 iam
1920 3841 2049 3906 impresso
2066 3845 2093 3892 et
2111 3841 2162 3906 ipsi
2174 3841 2372 3894 bonaventurae
2384 3853 2481 3906 perpe-

1522 3961 1581 4000 ram
1599 3943 1724 4000 atlributo
1743 3945 1835 4000 eadem
1856 3959 1963 4012 prorsus
1982 3945 2065 4000 oratio
2082 3943 2208 4012 habetor,
2228 3945 2342 4012 exceptis
2360 3943 2481 4012 pluribus

1521 4053 1680 4108 lectionibus
1705 4051 1870 4109 variantibus
1897 4051 2024 4120 (ibidem,
2045 4067 2068 4106 c.
2087 4053 2130 4108 i8.
2157 4053 2236 4108 etiarn
2264 4053 2332 4108 duae
2363 4053 2428 4108 aliae
2454 4059 2481 4108 et
2536 4113 2538 4116 ,

1521 4159 1659 4214 breviores
1679 4159 1854 4226 expositiones
1872 4159 1992 4214 eiusdem
2004 4159 2129 4214 orationis
2140 4159 2289 4220 dominicae
2304 4159 2481 4230 exhibeatur).

1522 4263 1587 4318 iliud
1605 4279 1658 4318 non
1677 4265 1751 4318 latuit
1766 4265 1796 4318 P.
1814 4265 1926 4328 bonelli,
1938 4267 1986 4318 sed
1997 4265 2104 4329 asserit,
2123 4271 2257 4318 auctorem
2273 4265 2386 4322 Stimuti
2404 4277 2481 4322 omo·

1521 4369 1563 4424 666
1580 4369 1698 4422 libellum
1716 4369 1914 4422 bonaventurae
1933 4367 1983 4422 sibi
2001 4371 2230 4438 accommodasse,
2249 4385 2336 4424 ocum
2349 4371 2399 4424 alia
2417 4385 2481 4438 quo·

1522 4487 1577 4542 que
1594 4473 1629 4528 ab
1646 4473 1761 4540 ipsomet
1778 4477 1961 4528 bonaventura
1985 4477 2062 4528 iuuerit
2087 4481 2223 4530 mutuatus
2236 4497 2261 4530 u.
2289 4477 2344 4530 iloc
2370 4477 2481 4544 quidem

1522 4593 1619 4634 veram
1644 4585 1699 4644 est,
1726 4593 1788 4634 cum
1808 4581 1856 4634 isle
1875 4581 1955 4636 soleat
1973 4579 2116 4636 sententias
2132 4583 2374 4636 bonaventurianas
2391 4581 2481 4636 multis

1522 4687 1613 4740 verbis
1631 4693 1655 4740 et
1673 4687 1811 4742 affectibus
1828 4701 1928 4752 augere
1937 4707 1944 4754 3
1963 4687 2011 4742 sed
2022 4687 2097 4756 quod
2109 4685 2246 4756 intoprum
2262 4689 2412 4742 tractatum
2426 4689 2480 4740 iere

1522 4791 1686 4846 verbotenus
1712 4791 1894 4858 descripserit,
1913 4793 1983 4846 nulio
2003 4792 2123 4858 exemplo
2140 4789 2250 4858 probari
2267 4797 2361 4858 potest.
2380 4795 2398 4844 E
2418 4805 2480 4846 cou-

1522 4893 1617 4960 trari0‚
1636 4895 1698 4962 quia
1715 4897 1873 4964 antiquitis,
1885 4897 1964 4950 istum
1977 4895 2127 4954 Stimutttm
2138 4909 2197 4950 csse
2207 4897 2306 4950 librum
2319 4897 2481 4952 bonaventu-

1521 5017 1580 5072 rae,
1598 5003 1773 5058 communiter
1791 5003 1943 5072 putabatur,
1955 5003 2056 5058 lucilius
2069 5003 2225 5072 intelligitur,
2237 5005 2373 5072 quomodo
2384 5005 2412 5056 iu
2425 5005 2481 5058 istis

1522 5109 1630 5164 duobus
1646 5107 1782 5164 codicibus
1808 5113 1873 5164 haec
1898 5109 1982 5164 oratio
2006 5123 2038 5162 eu
2063 5107 2181 5164 Stimulo
2199 5107 2304 5164 umoris
2323 5109 2480 5176 transcripta

1522 5215 1722 5270 bonaventurae
1741 5215 1837 5270 tributa
1856 5215 1897 5268 sit.

1594 5323 1647 5376 Sed
1664 5323 1787 5388 graviora
1816 5321 1927 5376 dicenda
1946 5327 2019 5390 sunt,
2036 5335 2106 5392 quae
2125 5323 2236 5376 nescivit
2253 5323 2280 5376 Ρ.
2300 5323 2407 5376 Bonelli.
2427 5327 2481 5378 iam

1523 5443 1539 5482 a
1557 5431 1584 5482 P.
1602 5429 1757 5496 Wodoingo
1774 5431 1839 5482 hacc
1858 5429 1993 5482 meditatio
2010 5443 2072 5482 cum
2090 5429 2176 5484 trihus
2195 5429 2250 5482 aliis
2262 5443 2342 5496 super
2354 5429 2409 5486 Aoo
2422 5427 2481 5486 Mu-

1522 5535 1569 5590 rio
1587 5541 1613 5590 et
1631 5535 1713 5594 Saluo
1729 5535 1832 5608 bcpiuo
1850 5537 1920 5592 edita
1940 5542 1978 5590 est
1997 5539 2025 5590 ut
2041 5549 2110 5602 opus
2129 5535 2157 5590 S.
2177 5535 2313 5602 Auselmi,
2332 5537 2415 5602 episc.
2433 5537 2481 5590 Lu·

1523 5655 1593 5710 cen,
1605 5641 1654 5696 sed
1665 5647 1754 5696 tamen
1767 5639 1887 5698 datium.
1899 5641 1965 5694 Nam
1977 5641 2004 5694 in
2016 5641 2225 5706 praemonitione
2244 5641 2352 5694 dicitur:
2371 5641 2481 5696 «Liceat

1522 5747 1611 5816 itaque
1631 5747 1849 5812 praecedentibus
1868 5747 2004 5812 opusculis
2021 5745 2069 5800 ista
2087 5745 2240 5812 subtexere,
2258 5749 2349 5800 saltem
2369 5759 2401 5800 ne
2420 5759 2481 5812 per-

1523 5857 1621 5908 caute.
1649 5853 1723 5908 Unde
1751 5859 1875 5920 apparet,
1901 5853 2086 5920 Waddingum
2113 5853 2233 5920 latuisse,
2262 5851 2312 5906 ista
2334 5851 2387 5906 iam
2404 5853 2481 5908 toties

1523 5961 1633 6026 vulgata
1651 5973 1710 6014 esse
1726 5959 1757 6012 in
1774 5959 1818 6014 iilo
1835 5959 1954 6016 Stimulo
1970 5959 2085 6016 amoris

1594 6067 1695 6120 Eadem
1712 6071 1819 6134 recepta
1841 6065 2011 6120 inveniuntur
2036 6063 2065 6118 in
2089 6063 2255 6120 Bibliotheca
2280 6067 2402 6120 66666666
2429 6063 2481 6118 Ρα-

1524 6173 1613 6238 trum,
1633 6173 1866 6240 supplementum,
1886 6175 1950 6226 tom.
1967 6169 2073 6226 XXVli.
2092 6172 2142 6225 cot.
2159 6169 2211 6224 636
2230 6175 2258 6224 66
2280 6169 2415 6224 demmin
2435 6171 2481 6222 Pa-

1523 6249 2223 6346 ommwmmmm'

1594 6379 1816 6436 consentiendum
1834 6387 1874 6436 est
1898 6379 2001 6436 Oudino
2029 6381 2185 6452 (Commeat.
2213 6381 2307 6448 Script.
2334 6383 2480 6436 Ecclesiast.

1523 6487 1551 6542 ll.
1570 6499 1633 6554 pag.
1650 6487 1713 6558 760)
1732 6489 1797 6542 haec
1817 6489 1913 6556 scripta
1931 6489 2039 6556 indigna
2057 6503 2115 6544 esse
2135 6491 2161 6544 S.
2179 6487 2303 6544 Anselmo
2322 6489 2442 6544 Lucensi.

1595 6589 1622 6658 h)
1642 6597 1668 6648 in
1687 6575 1782 6650 eodem
1800 6601 1874 6650 tomo
1893 6595 2005 6662 praelati
2030 6595 2214 6662 supplementi
2240 6595 2299 6664 (coi.
2328 6595 2391 6664 686)
2419 6595 2479 6650 aP.

1523 6699 1622 6754 bonelli
1640 6701 1765 6756 tribuitur
1782 6703 1809 6756 S.
1827 6703 2025 6756 bonaventurae
2051 6703 2101 6756 alia
2128 6701 2285 6758 brevissima
2303 6701 2430 6768 expositio
2450 6715 2480 6756 ex

1523 6805 1643 6874 quodam
1665 6809 1758 6864 codice
1781 6809 1990 6876 balneoregiensi
2011 6807 2085 6880 tibia.
2108 6813 2158 6866 coi.
2184 6809 2247 6880 389)
2272 6811 2431 6878 deprompta
2455 6813 2480 6862 et
