5900 8266
1047 499 1240 568 colluitur.
1268 499 1304 566 ΙΝ
1329 495 1566 566 evadentium
1591 495 1710 564 tuctu
1732 493 1765 562 C.
1789 495 1853 562 XX.

455 679 488 742 et
508 673 629 760 primae
644 675 682 742 ad
699 675 901 744 Timotheum
918 675 1047 744 ultimo:
1068 703 1085 736 «
1102 677 1253 744 Habentes
1269 673 1417 743 alimenta

456 785 488 848 et
511 779 628 866 quibus
653 787 814 866 tegamur,
839 781 888 848 his
914 781 1049 848 contenti
1072 781 1221 850 simus».

547 885 598 952 44.
623 885 764 954 Secundo
782 895 935 974 quantum
951 885 990 952 ad
1006 885 1219 954 ambitionem
1234 885 1414 968 bonorum,

293 1005 386 1054 44444
400 1007 438 1052 ho·
455 1007 537 1078 quae
560 997 627 1058 erat
660 993 837 1060 scribarum
867 991 981 1058 uitium
1011 991 1258 1072 detestandum,
1292 993 1414 1060 subdit:

321 1071 405 1104 aarum.
456 1097 636 1162 Etumunt
668 1095 885 1162 salutationes
917 1095 953 1162 44
983 1093 1077 1182 foro,
1103 1103 1257 1180 quantum
1287 1097 1326 1164 ad
1349 1099 1416 1184 glo-

326 1219 399 1316 storp
416 1219 438 1262 n
455 1201 537 1270 riam
558 1201 596 1268 44
617 1201 733 1282 uerbo,
756 1201 848 1288 quasi
869 1201 971 1282 dicat,
993 1201 1078 1288 quod
1103 1201 1214 1270 volunt
1235 1203 1414 1271 salutarim

341 1283 378 1318 W
393 1283 416 1316 ⁰'
455 1309 523 1376 loco
546 1307 673 1392 publico
694 1307 786 1392 prius
809 1313 970 1392 tempore,
993 1307 1098 1374 altiori
1121 1325 1197 1374 voce
1213 1315 1243 1376 et
1266 1309 1416 1378 inclinato

456 1415 573 1498 capite;
600 1419 774 1498 quocontra
808 1429 907 1500 supra
938 1413 1104 1480 deoim01:
1142 1415 1334 1482 «Neminem
1356 1433 1416 1500 per

300 1535 396 1634 troph
412 1537 440 1582 u·
457 1521 539 1588 viam
561 1519 804 1588 salutaveritis»
827 1527 885 1588 etc.
905 1557 945 1570 -
965 1523 1004 1588 m
1025 1521 1158 1608 primus
1181 1519 1359 1590 cathedras
1378 1525 1415 1590 in

356 1601 396 1636 ⁰¹⁰⁹
452 1625 654 1714 sprtupogtb,
677 1629 833 1710 quantum
857 1625 897 1692 ad
919 1625 1051 1710 gloriam
1073 1627 1110 1692 in
1134 1625 1260 1714 officio,
1276 1645 1415 1712 quocun-

455 1739 504 1798 tra
527 1729 733 1798 Ecclesiastici
765 1733 940 1816 septimor:
973 1759 987 1792 (t
1002 1733 1069 1800 Noli
1100 1751 1254 1818 quaerero
1287 1733 1326 1798 ab
1357 1733 1415 1798 ho·

456 1837 541 1904 mine
563 1835 715 1904 ducatum
731 1855 834 1924 neque
851 1857 867 1906 a
882 1857 959 1924 rege
975 1839 1157 1906 cathedram
1179 1837 1353 1904 lionoris».
1370 1877 1416 1886 —

298 1963 360 2014 icem.
373 1959 395 2002 n
410 1959 437 2002 st·
457 1945 498 2012 at
516 1943 647 2032 primos
671 1943 856 2012 discubitus
871 1945 909 2012 in
924 1945 1103 2024 conuiciis,
1119 1949 1276 2030 quantum
1292 1941 1333 2008 ad
1348 1943 1414 2028 glo-

345 2025 418 2132 g⁰⁰s
457 2051 537 2118 riam
561 2049 599 2116 44
627 2053 743 2138 sigum
767 2057 941 2136 quocontra
973 2067 1070 2134 supra
1101 2049 1223 2116 decimo
1253 2047 1413 2134 quartcss:

462 2183 479 2216 (ι
493 2155 570 2224 Cum
597 2157 746 2225 inritatus
770 2157 868 2224 fueris
892 2155 930 2222 ad
962 2155 1102 2242 nuptias,
1127 2155 1278 2222 recumbe
1300 2155 1333 2220 in
1356 2155 1413 2220 no-'

305 2279 434 2326 noandum·
455 2263 581 2332 vissimo
605 2265 716 2332 loco».
740 2261 951 2350 deprehendit
974 2269 1080 2330 autem
1102 2263 1236 2340 scribas,
1259 2261 1414 2346 nunquia

453 2369 605 2438 nutritori
625 2371 667 2436 sit
688 2369 826 2448 malum,
851 2369 902 2434 vel
923 2387 1026 2454 super
1041 2365 1233 2434 cutbcdrum
1245 2367 1347 2452 poni,
1362 2367 1413 2434 rel

450 2473 563 2564 prinro
590 2475 657 2542 loco
679 2473 717 2542 in
739 2473 887 2540 conuiuio
912 2473 1086 2552 collocari,
1103 2473 1158 2538 sed
1173 2473 1249 2558 quia
1266 2471 1336 2540 talis
1352 2491 1413 2558 up·

452 2581 573 2668 petitus
598 2587 627 2648 et
657 2577 811 2668 plor-totto
843 2577 912 2644 talis
946 2579 1058 2644 merito
1090 2577 1181 2644 debet
1214 2577 1412 2662 reprehendi.

455 2687 541 2754 Unde
563 2687 686 2754 dedat:
717 2711 732 2744 <c
747 2685 813 2752 Nou
839 2683 969 2752 salutari
991 2683 1024 2750 in
1046 2683 1132 2764 foro,
1150 2701 1213 2752 444
1229 2683 1349 2770 primas
1364 2701 1413 2750 se-

427 2839 428 2844 ,
454 2793 508 2860 des
533 2799 616 2860 vetat
639 2793 683 2860 eis
711 2791 831 2878 'quibus
854 2791 988 2860 debetur
1013 2809 1053 2860 ex
1079 2791 1188 2858 ordine
1222 2789 1335 2872 cilicii,
1358 2791 1413 2858 sed

455 2899 499 2968 eis
524 2899 578 2986 qul
602 2899 738 2968 indebite
761 2905 875 2966 amant.
902 2899 1046 2966 hulmum
1070 2897 1168 2980 enim,
1193 2917 1256 2966 non
1280 2899 1413 2984 gradum

456 3003 665 3092 redarguit».
687 3005 841 3090 Arguitur
862 3023 939 3090 ergo
963 3005 994 3070 in
1019 3005 1131 3072 scribis
1148 3025 1211 3072 444
1226 3004 1413 3072 excellentia

455 3111 627 3196 dignitatis,
653 3111 707 3178 secl
736 3111 864 3186 ambitio
897 3111 1035 3178 honoris.
1067 3111 1200 3186 Narnia
1224 3111 1413 3178 hisveritas

456 3217 561 3280 locum
584 3217 784 3294 nonhabet,
807 3217 983 3282 secundum
1011 3217 1091 3284 illud
1112 3217 1235 3284 loannis
1259 3217 1412 3304 quintam

461 3319 655 3406 «Quomodo
677 3321 806 3404 potestis
830 3337 886 3388 uos
909 3321 1051 3400 credere,
1078 3321 1131 3408 qui
1155 3323 1287 3408 gloriam
1310 3323 1350 3390 ab
1365 3323 1414 3388 in-

456 3427 554 3494 uicem
590 3427 742 3510 accipitis.
761 3433 792 3492 et
827 3427 1084 3514 gloriamque
1112 3445 1131 3494 a
1163 3431 1229 3506 solo
1261 3431 1325 3496 Deo
1348 3435 1413 3510 est,

456 3551 519 3598 non
552 3533 706 3618 quaeritis
725 3539 771 3598 »4
804 3533 843 3598 Et
871 3533 911 3598 de
945 3535 1004 3598 hac
1034 3535 1136 3618 gloria
1169 3533 1248 3602 Osee
1280 3541 1412 3620 quarto:

461 3639 629 3706 «Gloriam
662 3655 774 3706 eorum
803 3637 837 3704 in
866 3637 1069 3724 ignominiam
1100 3639 1347 3724 commutabo».
1378 3641 1413 3706 Et

448 3747 526 3830 talis
548 3745 641 3814 debet
665 3745 840 3826 contemni;
862 3745 960 3812 Isaiae
981 3745 1131 3832 vigesimo
1159 3747 1294 3814 tortior:
1326 3747 1413 3812 «Do-

455 3843 560 3918 minus
593 3851 793 3918 exercituum
826 3853 973 3936 cogitavit
1001 3853 1080 3932 hoc,
1106 3853 1276 3920 detrahere
1299 3869 1413 3938 super-

455 3961 538 4028 biam
561 3959 663 4028 omnis
685 3959 802 4048 gloriae
832 3965 862 4028 et
886 3960 923 4027 ad
948 3959 1150 4048 ignominiam
1172 3959 1341 4028 universos
1366 3959 1413 4026 in-

455 4067 553 4152 clytos
586 4073 687 4132 terrae
701 4089 731 4146 »;
768 4073 798 4132 44
833 4065 926 4150 primi
962 4067 1223 4134 llachabaeorum
1258 4065 1411 4134 secundo:

462 4171 598 4240 tGloria
619 4171 679 4238 uiri
704 4171 876 4258 peccatoris
902 4176 1024 4240 stercus
1046 4177 1079 4238 et
1100 4173 1219 4240 vermis
1234 4178 1299 4252 est;
1322 4171 1414 4240 hodie

456 4277 619 4346 extollitur
644 4283 673 4342 et
698 4295 768 4344 cras
790 4295 852 4344 non
876 4277 1055 4344 inuenietur
1073 4305 1102 4342 u.
1137 4339 1142 4354 ,

545 4373 824 4468 baltersem).
848 4381 954 4450 tertio
977 4387 1133 4470 quantum
1160 4383 1200 4450 ad
1229 4369 1413 4468 appetitum

291 4497 444 4580 444444444-
456 4489 655 4558 diuitiarum
666 4489 787 4558 subdit:
806 4489 873 4574 Qui
888 4489 1045 4578 dedorunt
1058 4489 1171 4558 domos
1184 4489 1369 4556 viduorum
1383 4491 1412 4570 ⁷,

312 4567 420 4606 ulmum
456 4605 486 4666 ct
513 4597 574 4664 hoc
604 4615 662 4682 per
693 4597 897 4682 cupiditatem
905 4621 913 4676 ;
942 4595 1034 4664 cuius
1064 4597 1219 4664 voracitas
1250 4615 1413 4682 nunquam

456 4705 605 4784 satiatur,
629 4709 660 4770 et
683 4705 840 4784 inanime,
863 4701 990 4788 quando
1015 4703 1180 4770 carnalitas
1205 4701 1231 4768 ei
1265 4701 1412 4768 sociatur.

458 4811 528 4878 ldeo
548 4809 642 4878 dicit:
668 4807 734 4894 Qui
763 4811 922 4896 dcucrdm
955 4809 1066 4876 domos
1090 4807 1293 4888 uiduarum,
1320 4807 1413 4876 simul

456 4915 618 5002 implicans
643 4915 845 4982 4444444444
869 4915 1048 5000 cupiditatis
1077 4915 1116 4982 ad
1139 4915 1267 4982 domum
1290 4921 1323 4982 et
1344 4933 1413 4982 car-

457 5021 593 5090 nalitatis
614 5023 655 5088 ad
677 5039 809 5102 sexum3
835 5027 865 5090 et
889 5023 926 5088 de
950 5023 1000 5088 his
1023 5021 1148 5090 duobus
1164 5013 1413 5090 'proverbiorum

458 5127 663 5214 trigesim08:
693 5129 939 5214 «sanguisugae
962 5129 1041 5195 duae
1067 5135 1142 5214 sunt
1156 5127 1238 5194 tiliae
1256 5127 1412 5194 dicentes:

456 5235 554 5314 diser,
579 5235 699 5316 ulier»,
723 5241 755 5302 et
779 5235 884 5302 statim
914 5221 1035 5302 subdit:
1067 5235 1166 5302 «Tria
1199 5239 1272 5302 sunt
1294 5233 1413 5302 insatu-

456 5341 565 5408 rabilia
593 5351 623 5410 44
654 5347 825 5428 quartum,
848 5341 933 5428 quod
965 5359 1128 5428 nunquam
1162 5341 1257 5408 dicit:
1281 5341 1411 5408 Sufficit.

526 5759 534 5790 ¹
554 5763 629 5816 Vera.
640 5749 674 5816 ’4.
692 5791 726 5802 -
746 5765 873 5828 Superius
894 5765 952 5818 tat.
969 5765 1065 5818 omittit
1079 5765 1160 5834 prius
1180 5767 1305 5832 tempore.

528 5849 632 5904 ²Vers.
652 5851 675 5904 4.
694 5881 729 5890 -
749 5855 806 5904 Vnt.
835 5857 904 5906 luunc
928 5855 1017 5908 locum
1043 5859 1071 5906 44
1088 5865 1119 5906 44
1147 5869 1215 5920 quac
1244 5853 1356 5908 subinde
1370 5869 1414 5908 44-

457 5945 575 6006 quuntur
593 5953 678 6010 usque
698 5945 846 6010 qooccnou
875 5943 1020 6008 transponit
1044 5949 1104 6006 post
1130 5944 1216 5996 locum
1245 5957 1275 5996 eu
1293 5943 1311 5994 l.
1331 5933 1413 5994 blach.

458 6031 487 6092 a,
508 6031 549 6082 ca.
570 6031 675 6084 incertus
697 6031 733 6098 (m
752 6031 802 6082 ule
822 6031 899 6084 444
917 6045 945 6084 n.
964 6031 1019 6100 44.)
1037 6033 1190 6096 allegatum.
1400 6017 1401 6020 ’

527 6117 633 6172 344444.
652 6121 677 6172 8.
697 6127 721 6172 et
741 6111 783 6172 444.

527 6207 627 6260 *Liba
648 6207 681 6260 V.
704 6209 728 6260 in
746 6209 810 6261 Luc.
830 6209 879 6272 444,
898 6207 941 6260 ts.
959 6223 1029 6274 seq.;
1048 6209 1175 6262 sententia
1199 6207 1286 6260 Bedae
1312 6205 1414 6258 exhibe-

458 6299 498 6346 tur
518 6295 606 6346 rerbis
625 6295 729 6346 Glossae
749 6291 906 6348 ordinariae
923 6295 953 6346 in
971 6295 1032 6346 Luc.
1053 6295 1101 6354 44,
1123 6295 1164 6346 46.
1195 6299 1198 6306 ’

528 6379 537 6408 ⁵
559 6383 633 6434 Vers.
653 6379 702 6444 44,
721 6379 768 6432 ubi
785 6395 835 6444 pro
854 6379 889 6434 ub
911 6379 1024 6434 incitem
1048 6379 1167 6448 accipitis
1188 6379 1305 6432 ACDG
1322 6379 1359 6434 ud
1377 6379 1414 6432 in·

458 6465 540 6520 uicem
559 6465 698 6534 quaeritis.
717 6493 753 6506 -
771 6467 895 6532 sequitur
912 6467 979 6520 Osee
1001 6469 1029 6530 4,
1049 6469 1076 6518 7.

527 6553 632 6608 ⁶Vers.
652 6557 683 6620 9,
704 6561 860 6620 postquem
880 6557 897 6606 l.
914 6555 999 6608 blacta.
1018 6557 1048 6616 4,
1070 6555 1111 6606 44.
1131 6569 1188 6622 seq.

529 6641 647 6694 'Glossa
665 6641 864 6696 interlinearis:
892 6641 1062 6708 uiduarum,
1081 6655 1149 6708 quae
1172 6641 1270 6696 habent
1291 6645 1412 6696 affectum

458 6731 603 6796 religionis,
623 6731 669 6784 sed
689 6731 808 6784 nesciunt
827 6729 878 6784 sibi
901 6731 1052 6796 prouidere.
1072 6757 1106 6770 —
1126 6731 1243 6796 Subinde
1262 6731 1321 6784 Vnt.
1339 6731 1414 6784 omit·

458 6819 486 6874 tit
506 6823 531 6874 et
547 6819 696 6874 44444444...
715 6819 853 6894 coemitur.

2374 499 2438 567 4449

1480 673 1638 754 infernus,
1663 691 1698 742 os
1722 673 1836 742 ruitae
1857 679 1889 740 44
1912 679 2016 758 terra,
2039 693 2121 760 quae
2156 695 2319 762 nunquam
2345 675 2439 742 satia-

1479 787 1535 848 tur
1555 799 1657 868 aqua;
1680 779 1761 868 ignis
1784 797 1947 864 nunquam
1964 779 2051 850 dicit:
2070 781 2190 848 Sufficit
2205 805 2232 862 ¹³3
2251 781 2340 868 quia,
2356 781 2439 850 sicut

1478 885 1596 954 dicitur
1616 887 1821 954 Ecclesiastae
1845 885 1969 972 quinto,
1998 913 2016 946 «
2031 903 2147 952 avarus
2168 905 2232 952 non
2255 887 2438 970 implebitur

1478 993 1625 1078 pecunia,
1652 1001 1680 1060 et
1706 993 1760 1080 qui
1783 999 1866 1060 amat
1890 991 2014 1062 divitias
2035 989 2174 1058 irrrctum
2201 1009 2263 1058 444
2279 991 2382 1076 capiet
2396 1009 2439 1060 en

1478 1099 1569 1168 444».
1602 1099 1771 1168 Devoratio
1799 1099 1900 1186 igitur
1933 1095 2192 1184 reprehensibilis
2225 1105 2274 1164 est
2307 1103 2438 1182 propter
2457 1113 2588 1164 rorallum.

1478 1205 1661 1288 auaritiam,
1685 1207 1739 1276 sed
1764 1205 2056 1276 conversationum
2080 1201 2183 1270 uiduis
2207 1201 2439 1288 reprehensibi-

1478 1311 1518 1378 lis
1540 1319 1588 1380 est
1610 1321 1740 1398 propter
1766 1313 1975 1400 suspicionem
1999 1311 2122 1378 malam.
2147 1307 2232 1378 Unde
2254 1309 2439 1394 444444444-

1480 1419 1605 1490 musi:
1625 1445 1643 1478 c<
1657 1419 1739 1486 Dum
1765 1419 1905 1487 ludaicos
1934 1418 2112 1486 sacerdotes
2144 1413 2325 1496 confundit,
2346 1413 2438 1480 Chri-

1478 1525 1596 1592 stianos
1618 1531 1741 1604 monet,
1766 1543 1829 1590 uon
1851 1541 2037 1610 permanere
2067 1541 2141 1592 cum
2170 1521 2274 1590 viduis
2300 1519 2439 1606 amplius

1478 1649 1575 1714 quam
1598 1647 1671 1696 cum
1696 1629 1827 1708 4444444,
1850 1631 1943 1714 quia,
1961 1631 2018 1696 etsi
2034 1631 2180 1696 voluntas
2197 1629 2277 1696 mala
2300 1645 2363 1696 444
2380 1633 2438 1708 444,

1478 1735 1614 1818 suspicio
1642 1741 1742 1802 44444
1767 1735 1848 1800 mala
1871 1741 1962 1802 est».
1986 1735 2023 1802 Et
2045 1735 2254 1820 Hieronymus
2276 1735 2314 1802 ad
2338 1735 2439 1820 Nepo-

1478 1839 1657 1906 tianum10:
1679 1865 1697 1898 c
1713 1837 1866 1906 Ostiolum
1892 1847 1983 1906 tuum
2008 1847 2063 1908 aut
2090 1857 2163 1906 raro
2192 1845 2246 1906 aut
2274 1859 2438 1926 nunquam

1477 1945 1651 2012 mulierum
1673 1943 1770 2028 pedes
1799 1949 1912 2012 terant.
1950 1945 2067 2012 Omnes
2099 1947 2221 2030 puellas
2244 1955 2276 2014 44
2298 1947 2438 2032 uirgines

1477 2047 1594 2116 Christi
1616 2055 1672 2116 aut
1696 2049 1869 2134 aequaliter
1894 2049 2021 2134 ignora,
2043 2058 2099 2117 aut
2130 2052 2302 2136 aequaliter
2333 2053 2436 2138 dilige.

1477 2155 1572 2236 Vide,
1595 2173 1636 2222 44
1658 2155 1719 2222 sub
1741 2155 1850 2222 eodem
1875 2161 1958 2222 tecto
1981 2155 2138 2224 manseris
2159 2173 2217 2224 444
2240 2155 2273 2222 44
2294 2163 2438 2242 praeter·-

1476 2261 1521 2326 ita
1543 2261 1685 2328 castitate
1710 2259 1856 2326 confidas.
1881 2259 1943 2328 Nec
1970 2257 2069 2328 Dauid
2098 2261 2234 2326 sanctior
2266 2279 2325 2328 uec
2350 2263 2439 2328 Sam-

1477 2383 1551 2434 4444
1576 2365 1687 2434 tortior
1705 2379 1769 2434 nec
1791 2367 1956 2434 Salomone
1978 2365 2149 2452 sapientior
2164 2373 2255 2452 potes
2276 2383 2352 2434 esse.
2377 2369 2438 2434 lle-

1477 2479 1585 2542 44444
1607 2491 1746 2560 semper,
1782 2473 1867 2560 quod
1902 2473 2036 2560 paradisi
2074 2473 2217 2540 colonum
2253 2473 2368 2542 mulier
2398 2473 2438 2542 de

1477 2579 1672 2664 possessione
1705 2599 1763 2646 sua
1791 2579 1962 2646 eiecerit».
1986 2579 2054 2646 Non
2086 2585 2160 2644 sunt
2192 2577 2287 2664 igitur
2317 2577 2438 2648 scribae

1476 2683 1637 2764 imitandi,
1660 2703 1718 2752 nec
1741 2689 1896 2770 quantum
1919 2685 1959 2752 ad
1974 2683 2191 2752 carnalitatem
2207 2703 2265 2752 nec
2280 2691 2437 2770 quantum

1477 2791 1517 2860 ad
1539 2793 1761 2880 cupiditatem,
1783 2793 1858 2878 quia
1882 2791 1919 2860 de
1943 2791 2153 2860 imitatoribus
2180 2791 2296 2860 borum
2325 2809 2438 2860 secun-

1477 2899 1535 2968 dae
1556 2901 1641 2968 Petri
1664 2899 1801 2968 secundo
1815 2903 1858 2966 11:
1894 2899 1960 2966 «lli
1991 2903 2067 2968 sunt
2093 2901 2181 2968 velut
2210 2899 2438 2968 irrationabilia

1478 3025 1593 3094 pecora
1609 3037 1641 3090 u,
1662 3007 1884 3094 «pellicientes
1905 3007 2025 3076 anirnas
2048 3005 2222 3086 instabiles,
2249 3025 2301 3074 cor
2319 3007 2439 3074 exerci-

1477 3119 1578 3182 tatum
1601 3115 1733 3182 auaritia
1758 3113 1923 3196 habentes,
1953 3113 2178 3182 maledictionis
2202 3113 2274 3194 lilii,
2300 3113 2439 3180 derelin-

1477 3229 1609 3308 quentes
1634 3223 1715 3292 mam
1738 3229 1856 3290 rectam
1874 3229 2081 3302 erraverunt,
2096 3223 2198 3290 secuti
2213 3221 2296 3288 viam
2315 3221 2436 3288 Balaam

1477 3345 1521 3394 en
1541 3329 1656 3408 bosor,
1680 3327 1734 3414 qui
1759 3327 1935 3394 mercedem
1952 3327 2127 3414 iniquitatis
2141 3327 2259 3396 amauit
2273 3355 2304 3394 a.
2323 3327 2439 3396 Contra

1477 3435 1555 3502 tales
1579 3435 1761 3520 indignatur
1782 3433 1954 3514 Dominus,
1977 3433 2151 3502 secundum
2167 3433 2247 3500 illud
2263 3435 2357 3502 lsaiae
2375 3439 2438 3502 ter-

1468 3539 1522 3622 tio
1534 3539 1581 3604 1²:
1609 3565 1626 3598 c
1642 3541 1704 3608 Vos
1724 3539 1845 3624 depasti
1882 3541 1956 3608 estis
1980 3541 2103 3608 vineam
2129 3557 2249 3620 meam,
2273 3545 2305 3606 et
2327 3539 2438 3624 rapina

1477 3643 1628 3730 pauperis
1651 3645 1682 3710 in
1707 3643 1798 3712 domo
1823 3652 1927 3712 restra
1943 3673 1973 3710 ».

1568 3751 1619 3816 bii.
1646 3751 1765 3834 Quarto
1787 3757 1943 3836 quantum
1958 3751 1996 3818 ad
2013 3751 2259 3818 simulationem
2273 3751 2437 3818 uirtutum
2455 3763 2568 3860 {iipgtlggo

1477 3857 1605 3924 subdit:
1640 3857 1840 3926 Simulurttcs
1871 3857 2007 3946 tongum
2028 3859 2238 3938 orationem·
2271 3859 2380 3926 Glossa
2392 3859 2436 3924 1³:
2561 3847 2567 3860 ⁶

1482 3991 1500 4024 «
1515 3965 1552 4032 Ut
1577 3963 1785 4052 religiosiores
1808 3971 1998 4050 appareant,
2021 3963 2180 4050 prolixius
2203 3971 2312 4044 orant,
2335 3971 2374 4032 ut
2396 3966 2437 4033 ab

1477 4069 1613 4138 infirmis
1637 4069 1832 4156 quibuslibet
1853 4075 1886 4138 et
1899 4079 2100 4156 peccatorum
2119 4089 2250 4138 suorum
2277 4065 2439 4140 conscien-

1476 4177 1522 4242 tia
1543 4176 1680 4242 turbatis
1708 4175 1797 4260 quasi
1829 4177 1953 4260 patroni
1983 4175 2091 4244 laudes
2123 4181 2153 4244 et
2186 4177 2333 4262 pecunias
2356 4175 2438 4244 acci·-

1477 4281 1606 4366 piant».
1633 4319 1676 4330 -
1700 4281 1760 4348 Sed
1788 4281 1935 4366 nunquid
1963 4283 2088 4366 prolixa
2117 4283 2216 4348 oratio
2249 4285 2330 4350 mala
2366 4289 2437 4350 est?
2456 4291 2587 4338 notulam.

1478 4387 1571 4456 Certe
1593 4405 1656 4454 nou
1680 4393 1744 4468 est,
1769 4405 1841 4454 cum
1866 4387 1990 4454 dicatur
2007 4405 2103 4474 supra
2124 4387 2244 4456 decimo
2267 4395 2378 4456 octavo
2390 4389 2436 4456 14:

1482 4491 1647 4578 «Oportet
1668 4511 1762 4560 orare
1784 4509 1908 4578 semper
1925 4515 1956 4572 »ς
1980 4501 2013 4558 44
2034 4493 2154 4576 primae
2178 4493 2216 4558 ad
2242 4493 2438 4560 Thessaloni·

1477 4615 1586 4666 censes
1608 4597 1737 4684 quinto:
1768 4597 1871 4664 «Sine
1894 4597 2127 4688 intermissione
2149 4605 2238 4704 crate
2255 4625 2283 4664 a.
2303 4599 2362 4666 Sed
2378 4601 2438 4666 hoc

1476 4703 1592 4770 dicitur
1623 4707 1754 4790 propter
1784 4703 2030 4784 simulationem,
2063 4705 2154 4790 quia,
2180 4723 2253 4772 cum
2277 4703 2438 4772 simulatio

1477 4815 1510 4876 et
1530 4807 1620 4876 lraus
1653 4807 1687 4876 in
1716 4807 1864 4876 omnibus
1898 4809 2155 4894 reprehensibilis
2192 4811 2249 4890 sit,
2276 4809 2438 4896 potissime

1477 4915 1722 5002 reprehenditur
1753 4915 1785 4982 in
1818 4915 1868 4982 his
1896 4915 2037 4998 actibus,
2063 4915 2118 5002 qui
2147 4917 2286 4984 maxime
2322 4915 2437 4994 debent

1477 5021 1546 5090 lieri
1565 5023 1596 5090 iu
1620 5025 1776 5100 oar-itum·
1800 5029 1831 5090 ct
1855 5023 1926 5090 talis
1949 5029 1998 5090 est
2019 5029 2109 5090 actus
2132 5023 2297 5104 orationis;
2314 5023 2436 5090 loannis

1477 5136 1592 5216 quarto
1604 5129 1651 5194 1⁵:
1681 5155 1698 5190 «
1714 5131 1772 5198 Eos
1787 5131 1843 5216 qui
1861 5129 1993 5198 adorant
2015 5149 2104 5210 eum,
2123 5131 2153 5196 in
2171 5129 2284 5216 spiritu
2301 5135 2331 5198 ct
2354 5129 2438 5196 ueri-

1476 5243 1539 5302 tate
1564 5235 1698 5304 adcrare
1718 5243 1844 5322 oportet
1861 5263 1891 5302 s.
1907 5237 1953 5304 De
1976 5235 2029 5302 illo
2054 5235 2165 5322 igitur,
2183 5235 2237 5322 qui
2254 5235 2439 5302 iraudulen-

1479 5349 1528 5410 ter
1552 5347 1623 5410 orat
1644 5347 1676 5410 ct
1700 5341 1907 5424 simulatorie,
1932 5343 2049 5410 dicitur
2072 5341 2103 5408 in
2119 5341 2265 5410 ¹Psalmo:
2297 5341 2437 5410 «Oratio

1549 5763 1654 5818 ⁸Vers.
1678 5767 1687 5818 4
1695 5767 1718 5818 5.
1739 5773 1764 5818 44
1784 5767 1831 5830 tt,
1849 5773 1909 5830 post
1928 5779 1996 5834 quos
2014 5767 2096 5818 Eccle.
2117 5767 2140 5828 5,
2162 5767 2187 5818 9.

1550 5853 1675 5908 ⁹Homil.
1694 5855 1736 5908 44.
1754 5857 1781 5908 44
1800 5857 1887 5910 llatth.
1906 5857 1955 5918 43,
1976 5855 2018 5908 44.
2039 5855 2097 5924 (Op.
2117 5853 2284 5920 imperfect).

1550 5941 1574 5972 ¹⁰
1591 5943 1671 6006 Epist.
1692 5943 1735 5994 54.
1755 5941 1828 6008 (alias
1847 5943 1883 6008 4.)
1901 5959 1929 5994 n.
1949 5941 1974 5992 5.
2000 5941 2059 5994 Vat.
2082 5941 2277 6010 Hospitiolum,
2305 5941 2351 5994 sed
2369 5941 2438 5992 berre

1478 6031 1562 6084 dou
1581 6027 1714 6084 Ostiulum
1733 6031 1766 6094 <ll
1785 6029 1956 6098 Hostiolum),
1976 6043 2046 6096 quae
2065 6029 2139 6082 lectio
2160 6029 2186 6082 in
2204 6031 2247 6082 ed.
2264 6029 2375 6082 ltauriu.
2393 6043 2437 6082 no·

1478 6125 1548 6172 tatur
1568 6101 1671 6170 verbis:
1688 6117 1839 6182 «Gravius,
1860 6117 2017 6180 suffragante
2036 6121 2190 6180 pervetusto
2209 6115 2366 6180 exemplari,
2384 6117 2437 6182 legi

1479 6205 1553 6258 irruet
1568 6205 1701 6258 ostiolum
1712 6223 1739 6256 a.
1751 6205 1809 6256 Vol.
1821 6205 1894 6258 Unde
1906 6217 1964 6270 nec,
1978 6205 2024 6258 sed
2038 6205 2088 6258 Cb
2099 6205 2121 6256 H
2138 6203 2208 6268 Vide,
2222 6217 2265 6268 rrc,
2278 6205 2301 6256 G
2314 6203 2382 6258 Ceae
2393 6217 2436 6272 tce,

1478 6299 1565 6346 tentus
1577 6295 1710 6360 originalis
1723 6295 1769 6360 Ne,
1787 6293 1833 6360 qui
1846 6295 1926 6346 etiam
1939 6307 1988 6358 pro
2000 6293 2134 6348 mutueris
2147 6293 2280 6346 substituit
2299 6291 2436 6348 modicitas.

1550 6381 1572 6412 ²²
1591 6383 1667 6436 Vens.
1690 6383 1729 6436 44.
1749 6387 1774 6436 44
1795 6383 1836 6434 44.
1856 6397 1911 6448 seq.
2256 6377 2278 6410 ²²
2299 6383 2375 6436 Vers.
2394 6381 2436 6436 44.

1550 6469 1573 6502 1⁵
1592 6473 1695 6524 Scilicet
1712 6469 1857 6524 ordinaria
1885 6469 1928 6538 (ex
1945 6469 2037 6538 Beda),
2063 6485 2132 6538 quae
2149 6483 2199 6536 pro
2217 6473 2251 6526 ut
2266 6469 2301 6524 ob
2318 6469 2436 6542 4444444·

1478 6559 1613 6614 substituit
1631 6557 1728 6614 44444
1748 6559 1872 6630 infirmis.

1550 6645 1574 6676 ¹⁴
1593 6649 1667 6700 Vers.
1687 6649 1710 6700 4.
1730 6655 1756 6700 44
1772 6649 1791 6700 4.
1811 6649 1901 6700 Thess.
1922 6649 1951 6714 5,
1976 6649 2018 6702 44.

1550 6733 1573 6766 rs
1590 6735 1666 6790 vers.
1688 6735 1729 6790 44.
1749 6761 1784 6774 -
1802 6737 1860 6790 Duo
1878 6751 1953 6804 seqq.
1976 6739 2025 6792 loci
2055 6745 2115 6792 sunt
2141 6739 2182 6790 44.
2212 6739 2274 6802 lut,
2300 6739 2324 6792 4.
2345 6745 2370 6792 44
2387 6741 2437 6794 444.

1480 6823 1527 6890 48,
1551 6825 1596 6888 tu;
1618 6829 1665 6880 cir.
1685 6839 1764 6892 supra
1783 6839 1845 6892 pag.
1868 6827 1932 6892 458,
1950 6837 2011 6884 uota
2032 6831 2073 6882 44.
2154 6871 2161 6886 .
