5900 8266
1318 315 1335 370 s

1040 567 1231 636 aotttttttt.
1256 569 1293 634 lN
1319 567 1555 638 attrectabit
1581 569 1697 638 tttctt
1721 571 1752 636 C.
1777 569 1839 636 XX.

449 741 590 828 quotidie
612 749 643 808 et
667 743 811 812 observet
836 741 873 810 ad
898 751 1001 828 postes
1026 745 1096 812 ostii
1112 745 1182 812 mei.
1202 745 1262 828 Qui
1285 763 1337 814 me
1358 745 1407 814 in-

452 847 571 916 venerit
599 849 735 916 inveniet
762 849 857 916 ritem
886 857 917 916 et
943 851 1068 918 hauriet
1097 851 1228 918 salutem
1255 871 1275 918 a
1299 851 1404 918 Domi-

450 971 491 1018 no
509 977 546 1032 »3
570 961 603 1020 et
625 953 829 1020 Ecclesiastici
860 955 1010 1040 vigesimo
1042 961 1172 1042 qtrarto:
1203 983 1220 1016 «
1234 955 1293 1042 Qui
1316 957 1405 1024 audit

2360 581 2418 646 bat

1469 765 1520 814 me
1544 765 1607 814 non
1632 747 1854 826 contundetur,
1881 751 1911 814 et
1946 745 1998 832 qui
2024 755 2197 832 operantur
2225 749 2259 814 in
2283 769 2333 820 me
2360 771 2422 818 non
2513 835 2514 838 Ἴ

1469 853 1652 940 peccabunt.
1682 853 1739 940 Qui
1767 853 1920 922 elucidant
1946 869 1995 920 me
2019 853 2112 920 ritem
2138 859 2295 920 aeternam
2329 857 2423 922 hahe-

1469 961 1547 1028 bunt
1564 989 1595 1028 ι).

1324 1273 1507 1344 Carnutum
1530 1279 1591 1346 XX.

499 1587 612 1644 Secundo
632 1587 751 1644 contuiti
771 1587 920 1644 ludaeorum
938 1589 1150 1646 incredulitatem
1166 1607 1213 1660 per
1229 1591 1308 1646 rerba
1328 1591 1354 1648 et

648 1677 797 1732 documento
815 1679 843 1732 et
860 1677 907 1732 hoc
925 1677 1058 1734 intritus
1077 1679 1206 1750 partibus.

544 1911 570 1972 l.
599 1909 636 1974 Et
653 1905 781 1996 facta-ne
800 1909 899 1976 estin
914 1927 984 1974 una
1007 1909 1140 1976 dierurn
1156 1917 1215 1978 etc.
1238 1909 1406 1996 Postquam

452 2013 622 2084 confutavit
654 2015 904 2082 incredulitatem
934 2013 1120 2082 ludaeorum
1148 2013 1323 2098 perlaeta,
1355 2015 1407 2080 hic

452 2119 603 2206 conditui
620 2139 683 2206 per
703 2121 802 2188 cerba
818 2129 849 2188 et
866 2121 1062 2188 ‹lucremento
1076 2123 1098 2186 1.
1121 2119 1279 2186 Dividitur
1301 2125 1407 2186 autern

343 2233 432 2278 oresio.
452 2227 531 2292 haee
551 2243 625 2310 pars
642 2227 673 2292 in
698 2233 772 2292 tres,
790 2225 822 2290 ln
846 2243 981 2310 querum
998 2225 1101 2310 prima
1122 2223 1319 2292 documentis
1336 2233 1407 2290 εοε-Ι

451 2335 533 2398 futat
554 2329 759 2398 Pharisaeos
789 2341 938 2398 errantes
970 2351 1009 2398 ac
1040 2331 1181 2398 taetitia.
1215 2333 1248 2398 ln
1273 2331 1432 2398 secundat

452 2437 591 2506 confutat
614 2437 827 2506 Sodtlucaeos
849 2447 999 2504 errantes
1019 2457 1057 2504 ese
1082 2437 1294 2524 ipnornntia,
1320 2437 1361 2502 ibi
1376 2437 1406 2502 2:

452 2547 669 2612 Accesserant
690 2551 801 2610 a-tttetn
825 2545 965 2632 qnidam
987 2543 1266 2610 Sadducaeorum
1286 2549 1345 2608 etc.
1374 2543 1406 2608 ln

453 2651 544 2720 tertia
566 2649 714 2718 informat
737 2651 917 2736 discipulae
941 2649 985 2716 ad
1009 2649 1228 2734 sapientiem,
1253 2647 1312 2714 ibi:
1338 2647 1407 2712 An-

452 2759 556 2826 diente
581 2749 690 2826 cittene
715 2757 804 2824 aneni
823 2755 945 2844 populo
971 2763 1029 2824 etc.
1391 2759 1394 2764 “

455 2983 456 2986 ’
506 2985 656 3042 Consolatio
674 2985 871 3042 Pharisaeorum
892 2985 1035 3040 errantium
1054 3001 1087 3040 ex
1103 2985 1210 3040 malitia
1226 3001 1272 3056 per
1289 2983 1353 3046 bria.

541 3181 644 3246 Prima
667 3199 754 3266 pars,
779 3181 810 3246 in
836 3199 898 3266 qua
920 3181 1129 3248 Pharisaeos·
1148 3177 1319 3268 cotrsntut,
1343 3185 1408 3246 tres

300 3293 431 3340 subdivisio·
453 3283 547 3352 habet
562 3293 676 3370 partes.
703 3289 735 3352 ln
752 3305 890 3370 quarum
912 3289 1017 3370 prima
1032 3285 1156 3372 repellit
1178 3287 1338 3352 obiectant.
1352 3303 1409 3350 cn-

454 3391 626 3458 luntninnr.
653 3391 682 3456 ln
717 3391 852 3460 secunda
884 3391 1000 3478 prpuit
1023 3391 1184 3460 occultant
1211 3389 1408 3478 perfidiam,

452 3495 494 3562 ibi
508 3497 539 3562 ⁵:
566 3495 675 3580 Coepit
698 3505 808 3562 atttern
833 3497 939 3562 dicere
963 3497 1008 3562 ad
1028 3495 1152 3580 plebem
1174 3505 1232 3564 etc.
1260 3499 1290 3562 ln
1317 3495 1409 3562 tertia

453 3619 529 3668 vero
544 3601 710 3668 corteineit
730 3601 913 3668 uersutiam
930 3601 1160 3680 adinventum,
1176 3601 1236 3670 ibi:
1256 3603 1295 3668 tt
1310 3619 1408 3688 peae-

452 3707 570 3776 rebant
589 3709 759 3792 prineipes
782 3709 991 3776 sacerdotnm
1016 3715 1074 3776 etc.

432 3859 434 3864 .
521 3879 523 3882 ,
544 3811 807 3900 Conftdationetn
825 3815 920 3900 igitur
937 3815 1125 3882 calumniae
1139 3813 1278 3880 obiectae
1292 3813 1409 3882 deseri-

307 3929 428 4028 gfflaltaig
453 3919 498 3986 bit
521 3919 715 4004 Euangelista
736 3920 796 3987 hoc
821 3919 939 3988 ordine.
959 3919 1060 3986 Primo
1084 3919 1295 3988 introducitur
1321 3919 1409 3988 Pbo-

300 4037 435 4134 deserimurr
452 4025 642 4092 risaeornnt
672 4025 874 4110 protervitas
908 4027 945 4092 in
978 4025 1158 4112 impetendo
1173 4027 1212 4102 4;
1251 4027 1408 4108 secunda,

291 4101 331 4146 W
346 4103 423 4144 qnam
440 4119 582 4200 'certost
601 4129 772 4218 snpacitus
794 4131 831 4198 in
853 4131 1052 4210 resistenda·
1076 4133 1184 4210 tertio,
1208 4129 1409 4200 Pharisaeo-

453 4255 532 4304 rnrn
554 4235 713 4302 etobsitas
731 4237 768 4302 in
789 4233 966 4324 supierrdm
988 4243 1117 4322 quarta,
1138 4237 1263 4304 Christi
1283 4237 1410 4306 neraei-

454 4351 506 4408 tos
530 4341 744 4412 aduersarios
768 4341 951 4428 refellendo.

541 4449 573 4512 b.
598 4447 699 4530 (Vera.
727 4449 780 4532 l.).
803 4447 908 4514 Primo
931 4447 1028 4534 igitur
1043 4453 1198 4534 quantam
1221 4449 1261 4516 ad
1280 4457 1410 4534 proter-

306 4565 433 4612 Pnartsaeo·
453 4555 585 4620 nitatem
616 4551 884 4620 Pharisaeorum
920 4555 958 4620 in
995 4555 1176 4640 impetendo
1214 4555 1408 4640 praemittit:

296 4625 440 4718 snaggae-
455 4661 495 4726 tt
518 4657 648 4744 sactum
671 4665 719 4724 est
741 4659 777 4752 tp
799 4679 871 4726 arna
896 4659 1041 4738 dierunt,
1067 4661 1197 4726 docente
1226 4659 1281 4726 ttto
1301 4679 1408 4744 popu·

455 4765 524 4832 iarn
545 4765 584 4832 in
606 4765 721 4852 templo
744 4773 774 4832 et
792 4765 1056 4852 eoorrpelizante,
1081 4765 1253 4834 secundum
1277 4783 1410 4852 evange-

455 4873 545 4940 licam
578 4871 756 4952 veritatem,
780 4891 860 4956 quae
893 4871 1037 4938 omnibus
1069 4869 1254 4938 declaranda
1276 4879 1338 4952 est,
1363 4891 1410 4940 se-

454 4977 594 5044 cundum
617 4975 702 5062 quod
725 4977 791 5062 ipse
815 4977 975 5062 discipulis
1000 4975 1066 5044 suis
1088 4975 1169 5044 dixit
1193 4977 1337 5044 llatthaei
1357 4978 1410 5046 de-

455 5083 534 5150 cimo
550 5083 582 5148 ⁵:
619 5083 748 5168 «Quod
782 5083 816 5150 in
848 5101 926 5150 aure
960 5083 1076 5152 auditis
1105 5083 1282 5168 praedicate
1315 5103 1410 5170 super

454 5197 586 5270 tectam
617 5197 649 5258 et
677 5191 771 5260 litarci
802 5191 930 5258 ultimo:
968 5191 1176 5260 «Praedicate
1208 5191 1409 5278 Evangelium

453 5295 536 5362 omni
568 5303 731 5366 creaturae
755 5323 785 5362 a.
820 5297 867 5362 Sic
884 5283 928 5362 ‘et
960 5295 1026 5380 ipse
1056 5295 1206 5374 iaciebat,
1237 5299 1410 5364 secundum

453 5401 531 5466 illud
547 5401 750 5468 Ecclesiastici
769 5401 917 5488 vigesimo
938 5407 1065 5486 quarto:
1087 5401 1300 5468 «doctrinam
1321 5401 1409 5488 quasi

452 5507 673 5574 antelucanum
709 5507 851 5574 illumino
891 5505 1035 5574 omnihus
1068 5515 1097 5576 et
1136 5507 1290 5576 enarrabo
1326 5509 1407 5576 illam

524 5889 913 5960 ¹fflmfflcffimffi

524 5977 534 6008 ²
554 5979 630 6032 Vera.
650 5979 698 6040 ii;
716 5981 789 6032 tertia
809 5995 870 6046 pars
890 5981 979 6046 incipit
1000 5997 1026 6034 r.
1045 5983 1086 6036 tt.

525 6063 534 6094 ³
554 6067 630 6120 Vera.
650 6073 678 6134 ll;
700 6067 773 6120 tertia
791 6073 831 6120 est
847 6083 876 6120 v.
898 6069 937 6120 ts.

524 6153 535 6184 ⁴
556 6157 612 6208 Vat.
633 6139 816 6226 inpedienda·
835 6153 909 6208 idem
924 6157 1034 6208 recurrit
1054 6159 1118 6210 intra
1137 6173 1162 6208 n.
1183 6161 1206 6208 2.

524 6239 534 6270 ⁶
554 6245 631 6294 Vera.
650 6243 699 6304 ii,
717 6248 876 6310 postquem
902 6245 979 6296 llarc.
1010 6247 1056 6312 ib,
1080 6247 1131 6310 t5;
1150 6245 1227 6298 Eccli.
1256 6243 1302 6306 bd,
1327 6243 1369 6296 ll.
1387 6249 1412 6296 et

457 6331 508 6396 li,
535 6331 561 6384 in
590 6331 664 6388 errius
693 6331 743 6384 tine
772 6347 820 6398 pro
846 6331 1008 6402 sapientiem
1035 6337 1092 6386 Vat.
1118 6347 1178 6386 crrrn
1206 6333 1316 6396 Vulgata
1343 6331 1412 6386 ceri·

457 6421 545 6474 tatem.

525 6505 630 6562 ⁶Vers
651 6509 696 6562 ill.

525 6595 534 6626 l
553 6597 649 6650 Psalm.
667 6599 698 6658 2,
716 6597 747 6658 i,
767 6597 809 6648 eui
827 6595 995 6660 subiungitur
1013 6593 1058 6646 lob
1077 6593 1125 6658 ii,
1145 6595 1188 6646 t3.

524 6683 618 6738 8ῢθθ.
643 6677 691 6748 37,’
711 6685 754 6738 33.
772 6713 807 6724 -
827 6685 957 6736 Sententia
980 6681 1159 6748 chrysostomi
1183 6679 1293 6736 trahetur
1316 6679 1410 6734 Hamil.

454 6775 497 6826 39.
512 6775 535 6828 in
548 6775 637 6828 blattis.
655 6777 684 6828 et
698 6813 704 6838 ‚
717 6775 760 6826 23.
779 6773 838 6838 (Op.
852 6771 1016 6838 imperfect).
1030 6773 1080 6824 Pro
1092 6783 1143 6830 nos
1154 6783 1251 6824 saratas
1270 6769 1410 6824 columnae

456 6865 513 6916 Vat.
531 6877 592 6916 curn
605 6865 628 6916 ll
647 6871 672 6918 et
692 6868 760 6916 textu
779 6861 897 6926 originali
923 6871 972 6914 nos
991 6857 1094 6928 fitirreus
1120 6857 1278 6922 colrtrnnae;
1298 6857 1410 6910 subinde

1472 1615 1574 1684 usque
1597 1597 1629 1664 in
1651 1599 1856 1684 longinquum
1874 1623 1909 1678 »;
1935 1605 2070 1684 etpost:
2098 1595 2254 1678 «Videte,
2277 1597 2424 1682 quoniam

1471 1721 1533 1768 non
1556 1705 1659 1770 solum
1673 1703 1751 1768 nrihi
1772 1703 1925 1782 laborari,
1944 1705 1998 1770 sed
2021 1703 2166 1770 omnibus
2184 1703 2426 1786 exquirentibus

1471 1809 1653 1894 sapientiam
1668 1837 1700 1876 a.
1717 1847 1761 1858 -
1776 1807 1854 1876 llaec
1879 1815 1983 1876 autem
2000 1809 2140 1876 doctrina
2164 1807 2304 1876 veritatis
2321 1807 2426 1876 odiosa

1471 1921 1519 1982 est
1541 1913 1646 1996 malis,
1669 1915 1744 2000 quia
1772 1939 1787 1970 «
1804 1913 1856 1998 qui
1885 1915 1962 1980 male
1985 1915 2049 2000 agit
2073 1915 2138 1982 odit
2157 1915 2260 1980 lucem
2276 1939 2315 1996 a,
2339 1915 2425 1980 toan-

1470 2019 1521 2086 nis
1541 2019 1636 2086 tertio
1651 2019 1681 2098 6;
1708 2019 1776 2086 ideo
1808 2019 1971 2086 subditur:
2007 2019 2232 2086 Coaeeaerent
2258 2021 2425 2106 principes

1469 2121 1732 2188 sacerdotiumne
1756 2121 1885 2188 scribae
1907 2139 1983 2188 cnm
2008 2123 2208 2200 senioribus,
2232 2141 2288 2206 per
2313 2125 2426 2190 fastuo-

1471 2245 1536 2294 sam
1552 2227 1800 2310 protervitatem.
1828 2227 1859 2292 ln
1878 2225 2073 2312 principibus
2088 2245 2223 2312 namque
2244 2233 2313 2294 erat
2327 2229 2425 2296 fastus
2441 2245 2489 2290 raa
2504 2257 2580 2300 genera

1470 2339 1599 2416 propter
1622 2331 1839 2400 excellentiam
1869 2331 2064 2418 dipnitatis;
2086 2331 2119 2398 in
2147 2331 2272 2410 scribis,
2296 2339 2425 2416 propter
2469 2301 2544 2344 mm

1470 2436 1687 2506 excellentiam
1712 2437 1926 2524 copnr'tionis5
1950 2437 2193 2516 immaioribus,
2216 2445 2345 2520 propter
2371 2455 2424 2502 ea-

1469 2541 1584 2608 nitiern
1601 2543 1782 2608 senectutis.
1805 2543 1875 2610 Ideo
1892 2561 1954 2610 non
1973 2541 2199 2610 conveniebant
2215 2543 2297 2608 sicut
2320 2541 2425 2608 humi-

1470 2649 1516 2716 les
1549 2649 1589 2716 ad
1605 2683 1606 2688 =
1623 2649 1863 2728 addiscendum,
1899 2649 1953 2716 sed
1989 2649 2071 2718 sicut
2111 2647 2239 2734 superbi
2270 2649 2310 2716 ad
2340 2651 2426 2716 calu·

1470 2755 1667 2836 mutandum,
1693 2755 1863 2824 secundnm
1881 2755 1958 2824 illud
1973 2755 2085 2824 Psalmi
2098 2755 2127 2822 l:
2148 2753 2334 2840 «Principes
2357 2773 2428 2822 con·

1470 2870 1626 2932 venerunt
1649 2863 1680 2930 in
1706 2881 1805 2930 unum
1836 2863 1989 2930 adversus
2016 2861 2183 2930 Dominum
2213 2869 2246 2928 et
2274 2861 2427 2928 adversus

1472 2969 1633 3036 Christum
1655 2971 1722 3038 eius
1738 2997 1770 3034 a.
1793 2967 1881 3036 Unde
1902 2969 1935 3036 in
1958 2967 2008 3034 his
2030 2967 2181 3052 impletur
2204 2967 2280 3034 illud
2307 2967 2357 3034 lob
2382 2967 2428 3034 ri·

1472 3077 1589 3162 gesimo
1624 3083 1759 3162 quarto:
1787 3101 1803 3134 <t
1829 3075 1889 3160 ipsi
1923 3073 2055 3142 rebelles
2088 3073 2218 3142 luerunt
2251 3073 2361 3142 lumini
2396 3079 2429 3140 et

1472 3183 1700 3268 ignoraverunt
1720 3183 1786 3250 rias
1811 3181 1924 3250 eius».
1950 3181 2085 3248 liehellio
2108 3187 2214 3248 antem
2245 3187 2350 3248 ortum
2375 3181 2429 3246 ha-

1472 3287 1541 3354 huit
1565 3307 1605 3354 ex
1630 3287 1760 3366 insidia,
1790 3295 1943 3372 quaeest
1971 3285 2235 3372 tittasuperntao.
2270 3287 2349 3352 Haec
2381 3292 2429 3352 est

1478 3421 1494 3454 t<
1510 3395 1576 3462 iera
1596 3395 1744 3478 pessima,
1769 3411 1849 3478 quae
1866 3393 2027 3462 devorarit
2050 3391 2227 3478 loseph⁸»;
2254 3399 2283 3460 et
2307 3381 2343 3460 de
2371 3393 2429 3460 hac

1472 3499 1730 3582 chrysostomus:
1761 3499 1943 3568 «Dicebant
1971 3499 2148 3566 sacerdotes
2181 3499 2263 3584 apud
2291 3517 2341 3566 se:
2369 3499 2429 3566 Nos

1472 3621 1584 3672 sumus
1607 3606 1770 3672 columnae
1802 3605 1928 3688 templi;
1952 3613 1983 3672 et
2013 3623 2097 3684 ecce,
2125 3623 2219 3690 super
2252 3605 2338 3670 illurn
2366 3609 2430 3670 tota

1472 3709 1645 3778 redimatur
1667 3709 1812 3778 Ecclesia.
1836 3709 1896 3778 Nos
1919 3709 2036 3778 fuimus
2061 3709 2229 3778 tacentium
2253 3709 2430 3794 Scriptura-

1475 3833 1547 3880 rum
1574 3813 1661 3898 qnasi
1688 3815 1792 3900 lingua
1817 3813 1962 3896 risibilis3
1988 3821 2019 3882 et
2041 3831 2131 3894 ecce,
2159 3815 2211 3882 ille
2241 3819 2366 3882 resonat
2395 3815 2428 3880 in

1474 3919 1577 3990 medio
1599 3921 1722 4006 templi,
1748 3927 1779 3988 et
1802 3937 1859 3986 nos
1883 3919 2051 4006 conmmpti
2075 3919 2163 4006 quasi
2189 3919 2310 3988 cithara
2339 3919 2430 3986 dissi-

1472 4033 1545 4112 pata
1570 4033 1717 4094 tacemus.
1743 4027 1804 4094 Nos
1826 4025 1945 4094 fuimus
1963 4033 2083 4110 patres,
2107 4027 2159 4093 ille
2183 4033 2311 4112 generat
2333 4025 2429 4108 filios,

1473 4141 1506 4200 et
1521 4151 1578 4200 nos
1600 4131 1722 4200 steriles
1739 4149 1848 4200 sumus
1865 4159 1895 4198 a.
1920 4133 2010 4218 Quod
2024 4131 2097 4200 dicit
2114 4137 2266 4218 quantum
2284 4133 2323 4198 ad
2338 4149 2430 4216 prae-

1472 4238 1556 4306 dicta
1589 4237 1650 4304 trie
1678 4255 1793 4324 genera
1824 4255 2048 4322 personarum,
2080 4255 2161 4324 quae
2193 4255 2250 4322 per
2279 4237 2429 4306 insidiam

1472 4349 1641 4414 excaecate
1662 4351 1752 4424 sunt,
1775 4351 1809 4408 et
1830 4350 1959 4428 propter
1982 4345 2043 4410 hoc
2066 4343 2228 4412 manifesta
2251 4343 2430 4410 dederunt⁹

1472 4451 1507 4516 in
1528 4449 1659 4518 dubium
1685 4456 1715 4516 et
1739 4449 1980 4516 calumniantur.

1566 4555 1594 4622 3.
1632 4555 1731 4638 (Vers.
1768 4555 1824 4636 d).
1863 4549 1995 4638 Propter
2027 4553 2114 4638 quod
2150 4551 2354 4638 adiungitur:
2390 4553 2432 4618 Et
2448 4567 2594 4630 statianam.

1473 4661 1574 4726 uitaret
1595 4659 1736 4726 dieentes
1766 4659 1815 4726 ad
1842 4657 1956 4726 illane:
1982 4657 2042 4726 Dic
2070 4657 2186 4740 nobis:
2216 4659 2257 4724 In
2284 4675 2352 4746 qen
2372 4675 2431 4744 po·
2459 4625 2581 4674 mem

1474 4773 1585 4834 testate
1617 4765 1696 4832 boec
1725 4763 1838 4852 facist
1865 4767 1932 4832 Ant
1961 4765 2037 4852 puis
2069 4771 2133 4846 est,
2165 4765 2224 4854 pati
2254 4765 2341 4830 dedit
2373 4763 2432 4832 tibi

1474 4869 1562 4938 bane
1582 4869 1794 4956 potestatem?
1820 4871 1881 4938 Hoc
1902 4878 2009 4938 autern
2031 4871 2201 4956 requirunt
2224 4875 2260 4936 ut
2281 4869 2430 4952 dubium,

1473 4993 1546 5044 cuno
1571 4983 1673 5044 tamen
1698 4993 1755 5062 per
1784 4975 2015 5044 evidentissima
2045 4975 2198 5044 miracula
2232 4975 2271 5044 sit
2303 4975 2430 5042 manii-

1474 5083 2168 5170 stum,secundnmilludloannisquinto10:
2188 5083 2331 5174 «Opera,
2348 5101 2431 5170 quae

1473 5209 1530 5278 ego
1554 5191 1647 5272 facio,
1671 5191 1884 5260 testimoninm
1906 5191 2075 5276 perhibent
2096 5191 2135 5260 de
2159 5207 2209 5258 me
2231 5215 2264 5270 >›;
2295 5189 2348 5258 sed
2372 5191 2429 5276 ipsi

1475 5299 1655 5382 quaerendo
1679 5303 1774 5362 totam
1801 5297 1923 5384 plebem
1946 5297 1978 5362 in
1996 5297 2220 5366 dubitationem
2244 5295 2361 5364 ducere
2376 5317 2431 5364 ro-

1474 5401 1596 5482 lehant,
1622 5401 1710 5488 quasi
1736 5403 1787 5468 illa
1818 5403 1971 5470 miracula
1995 5421 2058 5470 non
2087 5409 2233 5470 essenta
2262 5401 2345 5480 Deo,
2377 5401 2430 5468 sed

1473 5507 1579 5594 potius
1601 5527 1621 5574 a
1643 5507 1773 5576 diaholo.
1799 5509 1886 5578 Unde
1907 5508 2072 5578 Glossa11:
2102 5533 2118 5568 r
2133 5509 2178 5576 De
2200 5507 2256 5576 Dei
2279 5513 2430 5594 potestate

1475 5893 1533 5948 t'at.
1553 5895 1647 5948 omittit
1664 5893 1746 5962 quasi
1762 5893 1865 5962 [plures
1883 5895 1959 5948 codd.
1979 5893 2042 5964 e'psil
2061 5893 2167 5948 eithara
2181 5893 2319 5962 dissipata,
2342 5901 2368 5948 et
2381 5909 2429 5960 pro

1475 5983 1594 6034 tabernas
1615 5987 1698 6035 textus
1716 5981 1860 6036 tacuimus.
2099 6033 2102 6038 ,
2135 5979 2146 6010 ⁹
2166 5981 2230 6034 Cod.
2249 5983 2267 6034 li
2286 5979 2430 6036 dedeceant.

1546 6067 1570 6098 ¹⁰
1589 6071 1662 6142 Vera.
1682 6071 1722 6122 36.
1738 6097 1771 6110 —
1784 6071 1871 6136 Catili.
1890 6069 2025 6122 Alexandr.
2044 6071 2068 6122 in
2086 6071 2150 6122 Luc.
2171 6073 2217 6130 ab,
2237 6073 2268 6122 2:
2285 6071 2431 6134 llloysislex

1475 6157 1558 6222 solos,
1572 6163 1599 6208 ut
1613 6157 1724 6220 aiebant,
1738 6157 1867 6222 attingere
1880 6157 2049 6210 sacerdotalia
2062 6157 2146 6210 ollicia
2159 6157 2262 6210 Leritas
2275 6157 2430 6220 nrandabat,

1475 6245 1525 6308 ipsi
1538 6259 1581 6298 res
1600 6245 1683 6298 divini
1696 6245 1784 6310 templi
1798 6243 2025 6308 administrabant,
2039 6243 2103 6310 ipsis
2121 6247 2270 6310 religiosam
2284 6247 2430 6298 doctrinam

1475 6331 1578 6384 tradere
1591 6331 1683 6384 datum
1696 6337 1778 6384 erat...
1790 6337 1819 6384 tu
1831 6345 1908 6396 vero,
1923 6331 2086 6398 tremebant,
2100 6345 2130 6386 ex
2143 6333 2193 6384 alia
2207 6331 2333 6384 oriundus
2348 6331 2431 6396 tribu,

1474 6419 1575 6484 quippe
1592 6419 1628 6472 de
1645 6421 1722 6472 tudae
1743 6419 1869 6482 posterla,
1886 6431 1934 6470 carr
1950 6431 2089 6472 concessos
2114 6417 2191 6472 rachis
2215 6433 2327 6484 usurpas
2351 6421 2430 6472 hono·

1474 6507 1563 6556 rest...
1580 6505 1658 6572 Atqtri
1679 6505 1698 6556 si
1715 6505 1854 6570 inspiratas
1874 6519 1887 6556 a
1907 6505 1974 6568 Deo,
1988 6519 2003 6556 o
2016 6505 2140 6568 insipiens
2159 6505 2310 6570 Pheriseee,
2325 6507 2431 6560 calleres

1475 6589 1634 6656 Scripturas,
1652 6591 1818 6644 meminisses
1835 6591 1926 6658 utique
1951 6589 2018 6644 beati
2038 6593 2184 6658 prophetae
2202 6591 2310 6644 Doridis
2328 6593 2431 6646 uniter·

1474 6679 1520 6730 sali
1539 6679 1671 6732 servatori
1690 6677 1791 6732 Christo
1811 6679 1920 6732 dicentis
1938 6677 1992 6748 [Ps.
2012 6679 2078 6742 l09,
2098 6679 2149 6748 t.]:
2171 6679 2274 6734 iurauit
2288 6679 2428 6748 Deretinus,

1473 6771 1501 6822 et
1517 6781 1572 6822 reon
1586 6765 1731 6836 poenitebit
1747 6781 1827 6820 erata:
1850 6769 1888 6820 Ta
1907 6781 1935 6820 es
1952 6765 2079 6820 sacerdos
2098 6775 2147 6820 etc.

1546 6853 1566 6886 ¹¹
1587 6855 1688 6908 Scilicet
1705 6851 1848 6910 ordinaria
1868 6855 1908 6922 (ex
1928 6855 2007 6922 Beda)
2026 6853 2055 6918 in
2073 6855 2136 6910 Luc.
2156 6857 2202 6922 20,
2224 6857 2249 6908 i.
