5900 8266
975 527 1170 592 ebulliunt.
1193 525 1232 592 IN
1253 519 1494 590 evincentem
1517 519 1634 588 LUCrlE
1661 519 1698 586 C.
1718 517 1792 586 11111.

389 697 534 768 sublatus
567 699 681 778 luerit,
711 701 868 768 timebunt
896 699 1002 784 Angeli
1034 705 1065 766 et
1098 699 1197 766 territi
1232 717 1346 784 purga-

389 805 556 888 buntur».
578 805 667 872 Unde
690 805 771 872 sicut
803 805 875 890 quis
905 823 1002 888 super
1034 803 1148 870 montis
1180 803 1349 888 supercilio

389 907 531 976 existens
571 909 706 994 quolam
744 909 835 976 modo
875 915 1014 976 terretur
1051 927 1092 976 ex
1130 907 1349 974 combustione

392 1013 482 1080 villae
505 1015 638 1082 alicuius
670 1015 719 1082 uel
748 1015 854 1080 hiatus
877 1021 996 1094 terrae,
1019 1013 1064 1080 sic
1088 1013 1225 1098 quodam
1254 1011 1349 1080 niodo

389 1121 539 1188 caelestes
563 1121 632 1188 illae
655 1121 792 1186 uirtutes
821 1121 983 1204 parebunt
1008 1119 1041 1186 iu
1064 1119 1118 1186 illa
1140 1117 1275 1186 terribili
1300 1117 1350 1186 ul-

392 1225 487 1292 tione.
510 1225 597 1294 Unde
621 1225 872 1308 Hieronymusl:
901 1249 918 1284 «
933 1225 1013 1308 Quid
1035 1225 1125 1292 laciet
1149 1225 1273 1310 virgula
1296 1223 1350 1290 de-

389 1329 488 1410 serti,
517 1329 571 1396 ubi
607 1329 719 1394 timore
755 1329 935 1396 concutitur
971 1329 1085 1396 cedrus
1117 1329 1224 1396 Libani
1256 1345 1351 1412 para-

389 1435 447 1504 disi
459 1441 498 1504 »t
519 1435 606 1502 Unde
629 1433 724 1500 166166
748 1441 858 1500 sexto:
874 1459 901 1504 ,a
923 1435 1081 1502 Commota
1112 1441 1187 1502 sunt
1214 1435 1350 1520 superli-

390 1543 522 1608 minaria
548 1539 711 1606 cardinum
746 1559 764 1606 a
794 1559 869 1608 uoce
903 1543 1083 1620 clamantis,
1109 1545 1139 1608 et
1163 1541 1275 1608 domus
1300 1559 1350 1608 re-

389 1649 472 1732 pleta
502 1651 549 1712 661
576 1645 665 1714 1666
681 1673 710 1710 ».
744 1645 837 1732 Unde
859 1647 1145 1732 cnrpsostomus2:
1182 1671 1198 1704 6
1217 1647 1246 1714 Si
1270 1665 1349 1732 rex,

389 1755 597 1838 processurus
614 1751 652 1818 ad
669 1751 787 1818 bellum
810 1759 921 1820 contra
942 1753 1090 1838 aliquem,
1115 1753 1348 1838 expeditionem

389 1857 515 1924 mandat
540 1859 580 1940 iu
593 1861 729 1944 populu,
745 1859 912 1946 dignitates
928 1877 1038 1926 66666
1053 1865 1221 1928 morentur
1231 1879 1350 1940 ,exer-

389 1963 471 2042 citus
495 1963 687 2044 concitatur,
712 1971 777 2032 tota
801 1965 911 2032 civitas
943 1963 1062 2044 166666
1088 1971 1206 2050 quanto
1231 1965 1349 2052 magis,

389 2089 462 2156 rege
488 2071 612 2138 caelesti
633 2077 825 2156 exsurgente
851 2069 991 2138 iudicare
1019 2071 1110 2136 siros
1133 2077 1164 2136 66
1186 2075 1348 2150 mortuos,

388 2177 546 2262 angelicae
568 2177 702 2244 virtutes
725 2183 978 2254 commoventur,
1005 2175 1164 2242 terribiles
1193 2175 1349 2258 ministri,

389 2281 563 2350 terribilem
575 2283 744 2350 Dominum
757 2281 991 2366 praecedentes
1003 2289 1074 2350 6616
1088 2283 1191 2368 16666
1204 2301 1263 2368 666
1276 2301 1350 2350 can-

388 2389 524 2458 delubris
548 2389 676 2474 fulgura
695 2389 767 2456 6166
791 2389 990 2474 praecedent,
1014 2407 1072 2472 pro
1089 2389 1175 2456 tubis
1190 2387 1350 2456 horrenda

389 2495 553 2562 tonitrua?
574 2495 655 2562 Vere
680 2511 792 2580 magna
815 2513 897 2574 uox,
921 2493 972 2562 cui
995 2493 1101 2560 omnia
1116 2493 1266 2562 obediunt
1287 2495 1350 2560 ele-

388 2609 510 2682 menta,
536 2621 617 2688 quae
638 2605 745 2686 661666
780 2599 909 2680 scindit,
932 2599 1050 2668 inferos
1079 2601 1199 2686 aperit,
1224 2599 1350 2668 vincula

387 2709 499 2778 mortis
521 2709 738 2794 disrumpit».

439 2839 440 2842 ¹
477 2819 529 2884 16.
556 2817 655 2902 (Vens.
682 2819 757 2902 271.
789 2815 903 2902 Quinto
938 2823 1092 2900 quantum
1127 2815 1175 2882 ud
1205 2815 1349 2882 66616666

223 2935 300 2992 Quoad
314 2935 372 2980 iudi·
388 2931 606 3008 66666666616
627 2923 717 3010 dicit:
743 2925 783 2990 m
799 2935 876 2988 1666
892 2921 1188 2988 66166666611166
1205 2919 1349 3008 1666666666

245 3001 371 3086 iilieffl'a‘
387 3025 564 3092 oem'entem
587 3027 624 3094 66
644 3027 732 3094 nube
754 3047 830 3094 66616
852 3037 1008 3114 potestate
1037 3047 1164 3112 666666
1186 3033 1216 3092 et
1245 3025 1348 3094 66666-

387 3139 488 3210 66666
509 3133 870 3220 16666166616661663ι
900 3159 916 3192 α
932 3133 1025 3214 Ecce,
1049 3133 1133 3200 uenit
1158 3151 1231 3200 cum
1255 3131 1349 3198 nubi-

388 3239 462 3316 bus,
488 3245 518 3304 61
543 3237 659 3306 uidebit
682 3255 755 3304 eum
780 3239 881 3306 omnis
905 3241 1034 3320 666166,
1057 3247 1087 3306 66
1112 3241 1263 3324 quicum
1289 3257 1349 3324 66-

388 3353 550 3430 pugerunt
569 3371 602 3410 6.
633 3344 827 3412 Dimalion
859 3343 995 3412 aduentu
1028 3345 1162 3412 Danielis
1191 3345 1347 3430 septimo:

392 3451 617 3536 «aspiciebam
648 3469 705 3538 ego
737 3451 766 3516 in
797 3451 915 3516 risione
944 3451 1062 3528 noctis,
1094 3457 1124 3516 et
1157 3469 1242 3530 ecce,
1274 3469 1347 3518 cum

388 3555 528 3622 nubibus
549 3555 623 3622 caeli
647 3557 738 3640 quasi
761 3555 858 3622 Filius
879 3553 1016 3622 hominis
1033 3553 1176 3626 ueniebat
1198 3561 1230 3622 et
1245 3573 1348 3640 usque

387 3663 429 3730 ad
450 3663 617 3748 antiquum
633 3663 763 3730 dierum
788 3661 944 3748 peruenit,
970 3667 999 3728 et
1023 3661 1055 3726 in
1080 3667 1248 3746 conspectu
1280 3661 1349 3730 cius

387 3769 572 3834 obtulerunt
596 3767 741 3848 eum.Et
767 3767 853 3834 dedit
875 3767 903 3834 ei
923 3773 1109 3852 potestatem
1139 3773 1171 3832 ei
1194 3767 1347 3834 bonorem

387 3881 420 3942 ct
442 3891 586 3960 reguum.
612 3875 748 3940 Potestas
767 3873 837 3940 eius
858 3879 995 3958 potestas
1014 3879 1160 3954 aelerna,
1183 3889 1265 3958 6666
1286 3893 1347 3940 666

388 3981 615 4060 661666166,·61
636 3999 771 4066 regnum
789 3979 874 4060 6166,
898 3981 984 4066 quod
998 3999 1062 4048 non
1078 3983 1346 4066 corrumpetur».

387 4087 426 4154 Et
446 4085 500 4154 hic
521 4085 676 4152 aduentus
698 4087 758 4152 erit
782 4085 1034 4154 terribilissimus
1055 4085 1149 4164 66166,
1174 4083 1258 4170 quod
1289 4087 1348 4152 im-

387 4193 511 4278 pleatur
536 4191 615 4258 illud
635 4189 732 4258 Isaiae
754 4191 936 4260 secundol:
965 4191 1219 4260 «incurvabitur
1249 4192 1347 4259 subli-

387 4299 482 4366 mitas
510 4297 692 4378 bominum,
717 4305 747 4366 ct
780 4297 998 4366 humiliabitur
1022 4297 1155 4366 altitudo
1184 4297 1347 4380 uirorum,

388 4411 421 4472 et
442 4403 618 4472 elevabitur
639 4403 795 4470 Dominus
816 4405 905 4472 solus
926 4403 958 4470 in
974 4403 1024 4472 die
1047 4403 1117 4484 illa,
1142 4411 1173 4490 et
1196 4401 1279 4470 idola
1293 4421 1348 4488 pe-

388 4509 476 4576 nitus
491 4513 693 4576 conterentur
709 4533 741 4574 ».
772 4535 789 4568 ι(
803 4507 841 4574 Et
855 4507 1050 4594 ingredietur
1073 4507 1228 4576 scissuras
1242 4515 1348 4594 petra-

388 4633 462 4684 rum
487 4621 517 4684 ct
540 4615 570 4682 in
596 4631 745 4684 cavernas
769 4633 921 4684 saxorum
944 4633 963 4682 a
985 4615 1062 4682 lacie
1085 4615 1260 4682 formidinis
1288 4615 1348 4680 Do-

388 4723 463 4790 mini
497 4729 576 4792 616
606 4725 705 4810 gloria
737 4723 908 4790 6616616116
940 4723 1027 4802 6166,
1059 4739 1131 4786 666
1168 4721 1348 4788 surrexerit

319 4815 320 4818 '
389 4837 557 4914 percutere
578 4837 696 4898 terram
709 4857 741 4896 ».
766 4829 802 4898 Et
821 4829 891 4896 ideo
911 4831 942 4896 in
968 4829 1126 4896 Psalmo⁵:
1150 4827 1261 4896 «Deus
1286 4845 1349 4894 ma-

388 4935 499 5002 nifeste
530 4937 651 5016 ueniet,
683 4937 767 5004 Deus
801 4941 926 5016 noster,
961 4941 991 5004 et
1026 4953 1089 5002 non
1119 4933 1233 5002 silebit.
1266 4933 1348 5020 Ignis

389 5041 421 5108 in
452 5051 621 5128 conspectu
653 5041 723 5110 eius
748 5041 951 5132 exardescet,
985 5047 1016 5108 ct
1046 5041 1079 5107 in
1109 5041 1245 5110 circuitu
1280 5041 1348 5110 eius

389 5153 558 5232 tempestas
579 5147 725 5216 66116166.
1024 5209 1026 5216 .

394 5299 395 5302 ,
479 5253 532 5320 17.
557 5253 641 5338 Licet
660 5259 765 5322 autem
785 5255 882 5322 multa
907 5253 1033 5320 616166
1055 5251 1236 5340 contingant
1251 5253 1283 5320 in
1299 5251 1349 5320 iu-

239 5337 294 5382 lllira
305 5337 371 5382 muita

244 5391 370 5436 11666..
388 5359 470 5426 dicio
503 5367 536 5426 et
569 5359 660 5446 quasi
697 5359 936 5440 inenarrabilia,
973 5359 1208 5446 Hieronymus6
1242 5365 1347 5426 tamen

461 5769 828 5836 1116611666661.11666;
849 5773 920 5836 opud
947 5771 1144 5842 Hieronymum
1168 5779 1256 5826 tamen
1282 5775 1349 5826 banc

366 5859 544 5914 'sententiam
570 5875 624 5912 non
652 5859 887 5920 invenimussed
914 5861 987 5926 apud
1016 5857 1114 5914 Dudum
1142 5861 1234 5928 (quem
1253 5863 1349 5926 allegat

389 5951 467 6002 etiem
487 5951 513 6002 S.
533 5949 639 6010 Tbom,
659 5947 715 6002 Cat.
732 5961 810 6000 66666
828 5947 857 5998 in
873 5949 937 6002 Luc.
956 5949 999 6000 21.
1019 5963 1044 6000 n.
1063 5947 1110 6016 6.),
1129 5949 1171 6002 111.
1184 5947 1288 6002 iuLuc.
1300 5950 1349 6010 21,

390 6037 438 6088 266
462 6035 609 6092 Columnae
630 6033 699 6090 66616
723 6033 932 6090 contremiscunt
956 6043 1005 6088 etc.
1031 6035 1089 6106 [lob
1120 6035 1257 6104 26,11.].
1279 6037 1348 6102 Quid

389 6139 453 6190 erge
473 6125 568 6178 iaciunt
587 6125 705 6186 tabulae,
724 6123 831 6192 quando
849 6130 964 6179 tremunt
981 6127 1137 6178 columnae?
1157 6125 1226 6190 Quid
1244 6125 1348 6190 virgula

389 6215 485 6266 deserti
502 6215 612 6278 patitur,
630 6227 692 6266 cum
710 6213 815 6272 ,cedrus
841 6213 956 6278 paradisi
983 6213 1151 6264 concutitur?
1169 6239 1206 6252 -
1223 6213 1349 6280 Sequitur

389 6301 446 6352 usar.
467 6303 496 6366 6,
515 6303 542 6352 6.
793 6345 794 6348 ,

446 6387 472 6436 ‚2
491 6389 586 6438 Homil.
606 6387 649 6440 16.
674 6387 702 6438 in
728 6391 814 6440 llattb.
844 6387 893 6450 21,
912 6387 956 6438 31.
974 6385 1035 6452 (Dp.
1057 6385 1225 6454 imperfect).
1250 6387 1349 6442 Textus

389 6473 527 6538 originalis
545 6481 605 6538 post
618 6473 807 6538 praecedentes
827 6475 903 6538 plura
921 6473 1001 6526 addit.

462 6559 567 6612 8Vens.
586 6561 612 6610 7.
636 6559 697 6626 (pro
723 6559 818 6612 oculus
837 6559 1039 6626 CDpopulus)
1063 6565 1089 6612 et
1112 6559 1209 6612 Deinde
1232 6559 1296 6612 Dan.
1316 6559 1348 6626 7,

393 6649 435 6700 13.
453 6661 508 6714 seq.
660 6649 662 6652 ’
1102 6647 1122 6652 ”

461 6733 474 6764 4
492 6733 566 6784 11666.
593 6731 634 6784 17.
653 6745 710 6798 seq.
734 6731 897 6800 6121,’6161
920 6745 970 6796 pro
995 6731 1029 6788 m
1050 6731 1218 6804 ingredietur·
1241 6733 1347 6806 [bonno]

390 6821 474 6874 ACD
493 6823 528 6878 Et
545 6817 738 6890 ingredientur.

2307 515 2371 582 535

1413 699 1566 784 quaedam
1590 701 1718 776 narrat,
1745 711 1827 780 quae
1859 693 1931 760 dicit
1956 711 1989 760 se
2013 693 2169 780 reperisse
2186 689 2232 762 'in
2255 693 2374 762 annali-

1413 805 1474 870 bus
1503 803 1710 880 ludaeorum,
1742 803 1838 886 quae
1855 817 1872 866 6
1891 799 2037 886 61666616
2057 799 2373 868 616666666666611-

1412 913 1541 974 uantur.
1564 905 1646 974 Dicit
1669 905 1770 986 enim,
1794 903 1877 990 quod
1902 901 2003 990 primo
2028 901 2077 970 die
2102 901 2200 988 eriget
2228 921 2262 970 se
2286 919 2372 970 mare
2393 919 2432 968 oa
2450 925 2529 978 premo.

1414 1019 1509 1096 super
1526 1011 1724 1080 altitudinem
1746 1009 1920 1090 montium,
1943 1015 1980 1076 ut
1996 1009 2178 1078 verilicctur
2201 1009 2280 1075 illud
2294 1009 2373 1076 Psal-

1413 1117 1455 1184 mi
1470 1117 1500 1182 ²:
1531 1147 1547 1178 «
1561 1117 1719 1186 llirabiles
1740 1117 1890 1198 elationes
1913 1115 2010 1182 66616
2027 1141 2056 1180 ».
2087 1151 2126 1162 —
2158 1115 2300 1180 Secundo
2323 1115 2372 1180 die
2393 1135 2496 1182 saeuum.

1415 1223 1445 1288 in
1463 1229 1585 1290 tantum
1610 1223 1791 1304 descendet,
1813 1223 1922 1292 utrix
1946 1221 2044 1290 videri
2060 1219 2174 1306 possit,
2199 1219 2372 1288 secundum

1415 1327 1492 1394 illud
1514 1329 1638 1396 Nabum
1670 1331 1814 1414 primos:
1846 1329 2035 1396 «Dominus
2063 1327 2098 1394 in
2127 1331 2310 1410 tempestate
2344 1333 2373 1392 ct

1415 1433 1543 1502 turbine
1557 1435 1625 1502 riae
1642 1435 1725 1516 eius,
1748 1445 1780 1502 et
1802 1435 1934 1504 nebulae
1959 1433 2061 1522 puluis
2086 1431 2202 1520 pedum
2222 1429 2304 1510 eius,
2327 1431 2373 1498 iu-

1414 1555 1547 1624 crepans
1561 1557 1652 1606 mare
1670 1547 1700 1606 et
1724 1543 1887 1610 exsiccans
1903 1543 1980 1610 illud
2003 1547 2036 1610 et
2057 1539 2162 1626 omnia
2183 1539 2315 1606 flumina
2332 1537 2370 1606 ad

1414 1645 1574 1712 desertum
1598 1645 1754 1716 deduc-cns
1775 1675 1805 1712 a.
1832 1649 1866 1714 Et
1889 1649 1927 1714 de
1951 1649 2000 1714 bis
2025 1647 2150 1714 duobus
2171 1645 2204 1712 in
2234 1645 2371 1714 Psalmo:

1421 1751 1553 1832 «Dixit,
1577 1759 1608 1816 et
1631 1751 1718 1818 stetit
1739 1753 1871 1836 spiritus
1895 1753 2067 1838 procellae,
2093 1759 2122 1822 et
2147 1753 2276 1822 exaltati
2298 1757 2372 1820 sunt

1414 1857 1532 1924 fluctus
1560 1857 1755 1924 61666616.
1787 1895 1827 1906 -
1856 1859 1962 1924 Tertio
1994 1859 2045 1926 die
2081 1861 2220 1928 marinae
2249 1859 2373 1928 belluae
2391 1879 2471 1924 666.

1414 1963 1614 2032 ascendentes
1647 1981 1742 2046 super
1773 1981 1860 2030 6666
1891 1963 2011 2058 dabunt
2045 1963 2171 2050 rugitus
2203 1983 2303 2052 usque
2336 1965 2373 2034 ad

1414 2071 1548 2150 caelum,
1572 2071 1665 2154 quasi
1679 2069 1824 2136 loturum
1849 2077 2013 2136 narrantes
2037 2069 2373 2150 iudicium310bduo-
2484 2137 2485 2140 ,

1414 2177 1577 2258 decimolz
1607 2175 1782 2260 «Loquere
1805 2181 1927 2254 terrae,
1952 2181 1983 2242 et
2014 2175 2215 2242 annuntiabit
2235 2179 2310 2256 tibi,
2344 2185 2373 2246 et
2468 2249 2472 2258 ,

1415 2281 1592 2348 narrabunt
1613 2279 1715 2362 pisces
1736 2279 1865 2346 maris»
1895 2287 1952 2348 etc.
1971 2317 2014 2328 -
2038 2281 2157 2362 Quarto
2178 2279 2229 2346 die
2252 2281 2373 2350 ardebit
2393 2305 2479 2358 Quarto.

1414 2403 1512 2472 aqua,
1549 2385 1723 2452 secundum
1758 2383 1836 2452 illud
1869 2385 1966 2454 166166
1998 2383 2196 2470 sexagesimo
2236 2389 2371 2470 quarto:
2450 2391 2451 2396 ’

1419 2493 1569 2560 «Utinam
1595 2491 1809 2578 disrumperes
1830 2492 1931 2560 666166
1956 2497 1986 2560 61
2009 2491 2231 2580 descenderes,
2255 2509 2274 2558 a
2295 2491 2373 2560 lacie

1415 2605 1470 2666 166
1492 2605 1614 2668 666666
1645 2599 1839 2680 defluerent,
1869 2599 1952 2666 siout
1976 2599 2101 2668 exustio
2131 2597 2214 2684 ignis
2234 2599 2373 2666 tabesce-

1415 2713 1500 2788 rent,
1527 2725 1626 2792 aquae
1659 2705 1806 2774 arderent
1837 2707 1917 2792 igni,
1941 2712 1978 2774 ut
2008 2711 2118 2772 notum
2144 2705 2232 2772 lieret
2260 2725 2372 2776 nornen

1414 2817 1503 2878 tuum
1530 2811 1664 2880 inimicis
1685 2811 1749 2878 1616
1766 2839 1797 2878 u.
1813 2847 1857 2860 -
1872 2811 1988 2896 Quinto
2012 2811 2061 2878 die
2087 2811 2204 2879 norbae
2225 2819 2258 2878 ei
2280 2811 2371 2878 arbo·
2392 2833 2477 2890 Quinto.

1414 2937 1466 2986 res
1487 2919 1607 2988 dabunt
1641 2937 1746 2986 rorem
1771 2919 1994 3004 sanguineum3
2020 2917 2219 3004 apocalypsis
2251 2917 2372 2986 decimo

1409 3031 1529 3112 ,quarto
1543 3025 1587 3090 ¹⁰:
1616 3049 1631 3082 «
1650 3025 1683 3092 Et
1709 3025 1846 3094 calcatus
1867 3031 1915 3094 est
1929 3025 2019 3094 lacus
2034 3033 2126 3092 extra
2142 3023 2318 3104 ciuitatem,
2342 3031 2373 3092 et

1414 3131 1512 3198 exirit
1537 3133 1664 3220 sanguis
1685 3133 1725 3200 de
1748 3133 1819 3200 lacu
1844 3151 1944 3220 usque
1969 3133 2006 3200 ad
2030 3131 2136 3200 frenos
2159 3149 2315 3217 equorum
2339 3157 2369 3198 a.

1416 3275 1455 3288 -
1484 3241 1581 3308 Sexto
1614 3239 1665 3308 die
1700 3247 1794 3308 ruent
1828 3239 1983 3322 aedilicia;
2021 3241 2219 3326 apocalypsis
2252 3239 2372 3306 decimo
2393 3259 2464 3304 sena

1414 3349 1522 3410 sexto:
1552 3369 1568 3402 e
1586 3343 1620 3410 Et
1644 3345 1742 3412 fracta
1766 3351 1811 3412 est
1837 3343 1945 3412 civitas
1968 3363 2082 3430 magua
2102 3345 2135 3412 in
2160 3351 2224 3412 1666
2246 3351 2369 3430 666166,

1414 3453 1443 3514 61
1469 3449 1608 3516 ciuitates
1631 3451 1771 3534 gencium
1796 3451 2034 3532 6661666661»;
2057 3459 2090 3520 61
2111 3451 2256 3518 llattbaei
2291 3451 2373 3536 rige-

1413 3553 1491 3620 simo
1526 3561 1658 3640 quarto:
1686 3581 1704 3614 ιε
1721 3557 1786 3622 Non
1818 3557 2017 3642 relinquetur
2050 3557 2130 3642 lapis
2164 3575 2260 3642 super
2295 3556 2373 3640 lapi-

1413 3657 1500 3738 dem,
1526 3659 1581 3744 qui
1604 3677 1665 3724 non
1690 3659 1873 3754 destruatur
1895 3687 1910 3720 2>
1938 3669 1998 3730 etc.
2026 3699 2071 3710 -
2096 3661 2232 3748 Septimo
2266 3669 2372 3748 petrae
2391 3683 2494 3740 septimo.
2560 3675 2561 3678 ’

1413 3763 1601 3832 collidentur
1635 3765 1673 3832 ad
1697 3765 1848 3844 inuicem,
1871 3767 1956 3834 sicut
1983 3769 2101 3836 lactum
2123 3769 2184 3836 luit
2213 3769 2242 3836 in
2275 3769 2372 3834 domi-

1413 3869 1483 3938 nica
1505 3871 1665 3956 passione;
1688 3871 1836 3962 Matthaei
1852 3871 2002 3958 vigesimo
2025 3873 2157 3958 septimo
2169 3877 2211 3940 11:
2231 3899 2247 3934 «
2266 3875 2372 3942 Petrae

1413 3979 1528 4046 scissae
1550 3981 1624 4048 sunt
1641 4007 1656 4038 a
1687 3983 1746 4046 etc.
1769 3977 1944 4046 -Octavo
1974 3979 2025 4048 die
2047 3979 2101 4048 661
2132 3981 2286 4066 generalis
2308 3985 2372 4048 ter·
2392 4003 2478 4048 neuen.

1414 4091 1592 4164 raemotus3
1622 4083 1821 4170 Apocalypsis
1853 4083 1975 4152 decimo
2010 4093 2121 4154 sexto:
2162 4087 2238 4154 «ut
2272 4087 2373 4154 iactus

1413 4197 1461 4258 est
1491 4179 1701 4258 terraemotus
1725 4209 1872 4278 magum,
1907 4191 2009 4278 qualis
2039 4193 2205 4274 nonfuit,
2235 4211 2279 4262 ex
2309 4211 2373 4278 quo

1413 4295 1555 4366 homiues
1591 4313 1658 4364 esse
1692 4303 1864 4380 coeperunt
1889 4325 1918 4362 6.
1949 4337 1991 4348 -
2024 4299 2109 4366 Nono
2144 4299 2373 4386 adaequabitur
2392 4321 2462 4366 nono.

1413 4407 1515 4482 terra;
1547 4407 1579 4468 et
1609 4407 1684 4470 tunc
1716 4403 1899 4488 implebitur
1928 4405 2007 4472 illud
2045 4405 2141 4474 166166
2170 4407 2373 4492 quadragesi-

1412 4525 1465 4578 mo
1481 4507 1527 4574 ¹2:
1553 4507 1695 4576 «116616
1719 4509 1807 4576 uallis
1832 4511 2040 4590 exaltabitur,
2057 4519 2089 4578 et
2103 4513 2207 4580 omnis
2227 4531 2319 4580 mnus
2342 4519 2373 4586 61

1413 4615 1499 4684 661116
1523 4615 1743 4682 1661116666
1760 4639 1795 4696 »;
1821 4621 1851 4684 66
1874 4615 2073 4702 Apocalypsis
2096 4605 2203 4686 sexto}
2231 4645 2248 4676 r
2265 4619 2372 4688 Omnis

1413 4739 1503 4790 nrons
1527 4727 1557 4790 ct
1581 4721 1701 4788 insulae
1724 4721 1763 4788 de
1786 4721 1860 4790 locis
1885 4723 1952 4790 suis
1974 4729 2078 4792 motae
2100 4729 2175 4792 sunt
2191 4753 2232 4792 ».w
2246 4761 2288 4776 --
2315 4723 2373 4792 De·
2392 4745 2487 4794 6666.

1413 4827 1492 4896 oimo
1520 4827 1662 4902 ,exibunt
1697 4829 1840 4898 homines
1872 4831 1911 4896 de
1934 4815 2079 4904 cauernis
2111 4831 2178 4898 suis
2217 4839 2247 4900 et
2281 4831 2373 4900 ibunt

1412 4937 1499 5002 velut
1524 4941 1664 5004 amentes
1685 4941 1719 5002 et
1740 4955 1802 5004 non
1829 4941 1977 5022 poterunt
2000 4935 2058 5004 sibi
2084 4943 2196 5004 mutuo
2217 4937 2323 5026 loqui,
2342 4945 2373 5006 et

1412 5041 1473 5110 boc
1502 5059 1579 5128 prae
1610 5047 1739 5126 stupore
1772 5041 1898 5110 illorum
1915 5041 2141 5136 mirabilium,
2171 5061 2253 5128 quae
2287 5043 2373 5110 uide-

1412 5149 1491 5216 bunt
1520 5157 1551 5216 61
1579 5147 1806 5234 exspectabunt
1815 5173 1824 5228 ;
1847 5153 1878 5214 61
1902 5149 1962 5222 166
1988 5153 2076 5214 66161
2098 5147 2206 5242 161613,
2228 5167 2301 5216 666
2327 5149 2372 5216 di-

1413 5251 1473 5324 cit:
1501 5279 1518 5314 e
1535 5251 1754 5320 crescentibus
1778 5251 1959 5320 hominibus
1982 5269 2058 5336 prae
2082 5251 2237 5330 timore».
2258 5291 2296 5302 -
2310 5253 2373 5320 116-
2391 5275 2516 5326 elnaem.

1413 5359 1536 5428 decimo
1557 5359 1741 5444 aperientur
1772 5359 1935 5444 sepulcra,
1960 5365 1995 5426 et
2018 5359 2146 5426 stabunt
2174 5377 2245 5428 ossa
2276 5349 2372 5446 super

1483 5769 1607 5824 lpsalm.
1632 5773 1677 5834 111,
1700 5773 1724 5824 3.

1482 5857 1494 5890 ⁶
1514 5863 1565 5914 Cir.
1585 5869 1648 5914 tom.
1666 5863 1710 5914 lV.
1728 5873 1790 5926 pag.
1812 5861 1879 5922 966,
1904 5865 1965 5912 6616
1988 5861 2016 5912 2.
2033 5873 2106 5926 seqq.
2127 5885 2162 5896 -
2181 5857 2247 5912 Coei.
2265 5859 2286 5910 11
2306 5861 2372 5912 liaeo

1412 5951 1488 6016 signa
1508 5949 1602 6004 omittit
1623 5949 1782 6016 «quianon
1802 5953 1863 6002 sunt
1882 5947 2067 6000 6611166666».
2297 5975 2298 5978 =

1484 6035 1494 6068 l
1514 6037 1608 6106 Psalm.
1627 6039 1674 6100 92,
1696 6037 1722 6090 1.
2043 6081 2045 6084 .

1418 6163 1434 6170 ..
1482 6121 1493 6154 ⁸
1516 6127 1589 6178 Vens.
1613 6127 1639 6178 3.
1664 6131 1689 6176 61
1715 6123 1743 6184 1,
1772 6123 1814 6176 ubi
1840 6137 1890 6188 pro
1913 6121 2045 6176 deducens
2069 6119 2151 6172 ACD
2167 6121 2316 6176 adducens.
2336 6149 2373 6162 «-

1412 6209 1530 6266 Subinde
1547 6213 1673 6276 allegatur
1692 6213 1731 6262 Ps.
1754 6211 1818 6276 166,
1838 6211 1880 6262 25.
1900 6223 1956 6276 seq.

1482 6295 1493 6328 ⁹
1514 6301 1590 6352 11666.
1611 6299 1641 6366 8,
1660 6301 1686 6350 16
1712 6311 1767 6364 quo
1789 6313 1839 6364 pro
1859 6295 2017 6352 6666616661
2033 6295 2052 6350 G
2068 6299 2123 6350 DG
2142 6295 2319 6352 6666666661.
2336 6317 2373 6340 -’

1412 6385 1537 6450 Sequitur
1554 6387 1611 6438 lsai.
1632 6387 1680 6452 61,
1702 6389 1725 6438 l.
1746 6399 1803 6454 seq.
2020 6433 2021 6436 ,
2165 6447 2167 6450 ,

1483 6471 1507 6502 ¹⁰
1526 6475 1603 6528 Vens.
1621 6475 1783 6528 26.-1)66
1802 6489 1878 6542 seqq.
1893 6475 2015 6528 16616661
2031 6475 2113 6540 Apoc.
2136 6475 2166 6526 16
2175 6491 2184 6538 ,
2204 6475 2246 6526 19.
2267 6473 2326 6540 (666
2339 6477 2374 6532 Et

1411 6559 1501 6628 fructu
1525 6565 1584 6616 Uet.
1607 6577 1668 6616 cum
1689 6565 1800 6628 vulgata
1821 6565 1855 6618 Et
1871 6563 1959 6632 suctu)
1976 6569 2004 6616 et
2021 6565 2108 6618 llattb.
2128 6561 2177 6628 21,
2197 6565 2222 6616 2.
2243 6577 2299 6630 seq.

1277 6649 1278 6656 ’
1385 6653 1386 6656 ’
1474 6647 1504 6700 .¹²
1527 6651 1601 6714 Vens.
1622 6653 1665 6706 51.
1684 6669 1739 6722 seq.
1759 6681 1794 6694 -
1814 6651 1929 6706 Subinde
1947 6653 2073 6720 allegatur
2090 6653 2172 6716 61666.
2195 6651 2240 6714 16,
2262 6651 2302 6706 18.

1483 6737 1506 6772 ¹²
1528 6745 1601 6798 l'ers.
1622 6745 1803 6802 1616616616
1822 6745 1902 6812 Apoc.
1921 6745 2015 6814 6,,11.

1385 6877 1387 6884 ,
1482 6829 1506 6864 ²³
1526 6835 1599 6892 Vens.
1619 6839 1663 6892 26.
