5900 8266
1139 519 1337 588 EXPOSlTlO
1363 517 1596 586 THRENORUM
1617 517 1650 584 C.
1675 517 1708 584 ll.

431 691 601 754 occiderunt.
620 695 742 770 Propter
760 697 836 772 quod
861 697 1006 766 subditur:
1029 697 1137 768 Repent
1168 697 1230 756 eins
1262 701 1291 756 et
1304 679 1391 772 prin-'¹

428 793 503 864 cipes
531 793 593 850 cites
619 795 651 852 in
680 797 829 870 pentibus,
863 796 983 868 supple:
1010 793 1161 864 contrivit,
1192 795 1258 868 quia
1289 797 1388 868 gentes

428 893 467 952 eis
488 893 696 976 praeferuntur.
719 895 790 956 Non
809 897 852 954 cst
870 895 945 966 Lete,
968 891 1044 952 inter
1070 909 1116 952 eos
1137 893 1259 964 scilieet,
1282 897 1329 968 qui
1355 897 1387 954 li·

428 990 493 1048 bros
512 989 633 1062 habent,
658 993 705 1050 sed
725 991 808 1064 Legis
834 989 1026 1062 intelligentia
1052 991 1160 1048 carent.
1180 991 1234 1048 Sed
1253 991 1319 1062 quia
1337 985 1386 1048 'ad-

426 1087 483 1148 huc
501 1089 555 1148 sibi
568 1089 722 1148 venturum
734 1087 743 1118 ¹
765 1085 912 1145 Christum
925 1085 1112 1158 promitunt,
1131 1087 1232 1146 contra
1244 1085 1297 1144 hoo
1310 1085 1385 1144 recte

427 1185 622 1262 subiungitur:
644 1185 810 1256 Prophetae
831 1183 892 1242 eins
913 1201 974 1240 non
998 1185 1173 1250 inuenerant
1197 1183 1338 1240 visionem
1365 1201 1385 1240 a

426 1285 568 1356 Dareine,
591 1285 673 1354 quasi
691 1279 783 1340 dicat:
803 1279 838 1338 de
858 1279 983 1338 aduentu
1001 1281 1120 1338 Moesiae
1142 1279 1218 1354 quod
1241 1279 1384 1340 somniant

426 1399 442 1438 a
464 1399 493 1440 se
512 1379 634 1446 hebent,
657 1393 714 1436 non
734 1377 854 1436 Domino
869 1377 1024 1436 reuelante.

505 1477 554 1534 21.
574 1477 722 1548 Sequitur:
741 1471 882 1532 Scdmnnt
894 1473 946 1532 etc.
964 1467 1035 1532 Cum
1046 1477 1076 1533 in
1091 1477 1228 1548 principio
1241 1471 1381 1548 capituli⁹

290 1605 414 1660 deploratio
426 1571 568 1644 planxerit
590 1571 734 1644 Propheta
752 1571 867 1644 lapsum
886 1573 999 1644 generis
1019 1573 1152 1640 humani,
1177 1571 1276 1630 deinde
1297 1571 1382 1630 etiam

258 1659 453 1766 ssssissmEJJJss'iss
474 1665 631 1726 immediate
655 1667 884 1738 praecedentibus
903 1667 1120 1726 excaecationem
1143 1667 1240 1740 populi
1259 1667 1380 1738 Iudaici:

259 1763 289 1806 ns
303 1775 346 1808 ⁸⁰⁰·
362 1775 410 1808 ⁵⁰¹²·
424 1763 469 1822 hio
483 1765 607 1822 transire
620 1763 733 1822 videtur
743 1765 780 1822 ad
794 1765 1005 1838 deplorandum
1019 1767 1127 1844 statum
1137 1765 1287 1822 Ecclesiae
1295 1781 1381 1836 pruc-

258 1817 411 1912 sspcrurmattego·
425 1861 527 1944 sentis.
544 1861 615 1932 pure
634 1863 708 1920 onim
728 1879 779 1936 per
800 1861 898 1934 neten
928 1861 1000 1920 Sion
1029 1861 1084 1918 nisi
1103 1879 1236 1934 praesens
1256 1861 1381 1920 Ecclesia

425 1959 613 2032 designatur?
633 1975 705 2032 quae
728 1959 759 2016 do
783 1957 866 2032 Sion,
888 1975 938 2032 por
966 1957 1048 2016 fidem
1068 1957 1138 2016 neta
1159 1957 1219 2028 est,
1239 1961 1319 2018 cuius
1339 1975 1399 2018 ser
1445 2011 1447 2014 .

425 2073 476 2116 nes
494 2057 562 2116 sunt
582 2059 723 2116 Ecclesiae
749 2057 891 2130 pastores,
914 2057 963 2128 qui
981 2071 1061 2116 senes
1094 2055 1161 2114 sunt
1181 2057 1308 2128 profectu
1337 2073 1382 2116 sa-

424 2155 547 2224 pientiae
566 2155 597 2212 et
616 2171 726 2212 morum
751 2153 936 2224 maturitate:
965 2155 1035 2212 bene
1062 2169 1156 2226 senes,
1180 2169 1238 2212 non
1269 2153 1381 2226 parvuli

425 2251 478 2306 sub
495 2251 585 2322 Lege,
607 2249 656 2308 ubi
674 2251 801 2308 homines
821 2249 942 2308 terrenis
961 2249 1191 2322 promissionibus
1214 2251 1294 2324 quasi
1306 2249 1380 2308 lacto

401 2385 402 2390 η
424 2345 632 2404 nutriebantur.
655 2347 708 2404 Sed
727 2347 869 2408 ardentio
885 2349 980 2422 terre,
999 2365 1062 2406 cum
1085 2347 1225 2422 quaerunt
1243 2347 1381 2406 transito-

424 2445 467 2502 ria
487 2461 539 2516 per
563 2445 731 2514 auaritiam:
755 2445 869 2504 Baruoh
881 2443 907 2502 ³:
932 2467 948 2498 «
969 2445 1143 2504 Inveterasti
1168 2447 1199 2504 in
1219 2445 1296 2506 terra
1316 2449 1381 2506 alio-

423 2557 461 2598 na
475 2565 502 2598 a.
529 2539 733 2602 contineant
745 2557 796 2614 por
815 2541 1023 2614 ignorantiam,
1038 2543 1084 2600 uel
1098 2559 1149 2614 per
1168 2543 1380 2614 uerecundiam:

423 2641 503 2714 quia,
527 2641 574 2698 ubi
596 2641 793 2700 conscientiam
821 2641 962 2700 remordet
981 2641 1079 2698 reatus
1103 2641 1230 2710 sceleriS,
1251 2641 1381 2714 linguam

423 2739 668 2820 apraedicationo
686 2737 760 2812 ligat
785 2739 868 2798 timor
897 2739 1083 2810 conmsionis3
1110 2737 1279 2812 Gregorius:
1304 2761 1320 2790 «
1334 2737 1382 2796 Fit

424 2837 624 2908 omnipotentis
645 2837 696 2896 Dei
716 2837 831 2908 iudicio,
852 2835 885 2894 nt
906 2855 957 2896 nec
975 2839 1005 2896 in
1026 2839 1098 2896 bono
1124 2837 1252 2908 lingnam
1278 2835 1382 2904 hebeat

341 2959 404 3004 pq„
423 2935 472 3006 qui
491 2935 595 2992 habero
614 2935 717 2992 bonam
736 2935 828 2994 vitam
848 2937 961 2994 recusat
974 2959 1002 2992 s.
1025 2969 1064 2978 -·
1082 2935 1119 2992 nt
1141 2935 1224 3014 nota,
1246 2935 1320 3010 quod
1342 2953 1381 2994 se·

422 3031 504 3088 nibus
527 3032 579 3090 duo
601 3031 752 3092 debentur:
776 3035 867 3106 prima
896 3033 986 3104 sodes:
1008 3031 1098 3092 Iob⁴:
1119 3055 1134 3084 s
1149 3033 1176 3090 Si
1205 3031 1314 3106 quando
1337 3049 1381 3092 vo·

422 3127 514 3185 lebam
536 3129 575 3186 iro
597 3127 631 3186 ad
653 3145 714 3198 eos,
736 3129 864 3188 sedebam
886 3131 994 3202 primus
1017 3151 1049 3202 >23
1070 3129 1155 3198 item,
1175 3131 1299 3202 primum
1321 3145 1380 3188 vor·

339 3289 342 3294 ,
371 3239 373 3242 ·
422 3225 504 3294 bum:
537 3225 749 3286 Ecclesiasticus
763 3247 781 3300 :.
795 3249 810 3276 <c
824 3227 950 3298 Loquere
980 3229 1069 3286 maior
1091 3227 1176 3296 natu:
1208 3227 1286 3286 decet
1305 3229 1380 3286 enim

422 3325 450 3382 te
465 3347 492 3380 t.
514 3313 637 3392 Econtra
658 3341 736 3382 senes
756 3327 828 3382 sunt
840 3325 872 3382 in
895 3329 989 3398 terre,
1012 3325 1041 3382 et
1054 3325 1135 3398 pueri
1156 3325 1378 3398 praeficiuntur3

422 3437 501 3478 senes
523 3419 663 3494 coguntur
681 3421 790 3488 tacere,
811 3421 842 3478 ot
861 3421 942 3492 pueri
962 3421 998 3478 ad
1019 3421 1161 3480 doctrinae
1188 3421 1380 3494 principatum

422 3517 631 3586 sublimantur3
648 3517 721 3590 quod
734 3533 790 3574 non
810 3517 886 3574 esset
899 3507 1096 3586 lamentabile,
1115 3509 1181 3592 qnia
1203 3519 1283 3588 pueri
1296 3517 1378 3588 sunt,

422 3615 472 3672 sod
491 3613 564 3686 quod
586 3613 654 3670 sunt
672 3629 731 3672 non
750 3613 846 3670 minus
864 3613 989 3672 moribus
1018 3631 1101 3688 quam
1122 3615 1217 3672 notate
1247 3615 1379 3686 pueriles.

420 3711 570 3784 Sequitur:
604 3707 848 3782 conspartione
874 3709 998 3784 uirgines
1025 3709 1188 3768 Iernsuietn
1219 3709 1286 3766 sunt
1313 3709 1379 3768 boni

422 3809 543 3878 subditi,
564 3811 627 3880 qui,
650 3807 716 3866 fidei
734 3803 928 3880 integritatem
950 3807 1154 3878 custodientes,
1175 3807 1213 3864 ad
1226 3823 1379 3880 supernam

421 3907 545 3980 patriam
564 3905 594 3964 et
614 3921 712 3978 paoem
732 3903 862 3964 tendunt.
884 3905 938 3962 Per
961 3907 1047 3976 capnt
1069 3905 1227 3976 spiritualis
1247 3903 1321 3964 actio
1336 3905 1378 3962 de·

420 4001 561 4086 signatur.
584 4003 862 4076 antepassiones,
885 4003 932 4076 qui
953 4001 988 4060 ab
1002 4003 1068 4076 igne
1089 4003 1304 4074 relinquuntur,
1322 4003 1379 4060 nisi

420 4101 548 4160 terrenae
569 4099 693 4162 actiones
715 4099 929 4172 significantur?
952 4097 1037 4168 Quasi
1057 4101 1131 4158 enim
1159 4099 1195 4156 ab
1222 4100 1287 4174 igne
1307 4101 1378 4158 cinis

419 4199 558 4268 nascitur,
583 4201 714 4272 quoniam
733 4195 922 4270 tentationum
944 4199 1099 4256 carnalium
1119 4197 1254 4270 reliquiae
1278 4215 1294 4256 a
1316 4215 1378 4258 con-

419 4295 592 4370 cupiscentia
611 4297 720 4354 carnali
731 4295 915 4374 generantur.
935 4295 1017 4354 Unde
1030 4295 1179 4367 postquam
1200 4287 1280 4354 senes
1299 4295 1378 4354 sede-

419 4397 490 4452 rnnt
503 4383 564 4462 otc,
580 4395 705 4468 virgines
724 4393 951 4466 consperguntur
971 4391 1033 4462 eto,
1052 4393 1117 4466 quia
1133 4393 1287 4464 simplices
1314 4411 1377 4450 cum

324 4533 325 4536 κ
420 4491 562 4564 praelatos
584 4489 680 4550 vident
703 4491 822 4550 terrenis
844 4489 1035 4560 succumbere,
1056 4489 1086 4548 θὴ
1105 4489 1161 4562 ipsi
1181 4483 1321 4562 incipiunt
1340 4491 1377 4548 ad

417 4589 574 4648 consimilia
594 4591 729 4660 aspirare.
754 4619 794 4630 -
816 4579 889 4658 Vel,
911 4587 984 4644 cinis
1007 4605 1039 4644 ox
1058 4585 1204 4658 praedicta
1223 4603 1309 4644 causa
1333 4587 1377 4644 ost

418 4685 529 4744 effectio
542 4685 571 4744 et
587 4685 724 4758 ,rogitem
738 4683 834 4756 turpis
850 4687 881 4742 in
901 4683 1006 4756 capite,
1026 4683 1112 4742 idest
1134 4681 1289 4742 voluntate.
1304 4685 1377 4742 Boni
1412 4745 1413 4748 Ἴ

419 4783 515 4840 tamen
535 4783 685 4856 aliqnando
708 4783 851 4854 pulverem
872 4782 943 4840 levis
970 4779 1151 4854 cogitationis
1169 4779 1290 4850 habent,
1319 4797 1377 4840 non

417 4883 447 4938 in
468 4881 571 4954 capite,
589 4879 637 4938 sod
650 4883 678 4939 in
700 4879 833 4954 pedibus,
854 4895 936 4952 quern
950 4879 977 4938 et
990 4879 1124 4936 iubentur
1140 4879 1282 4950 excutere3
1304 4879 1376 4936 Mat-

370 4993 371 4996 *
418 4977 521 5036 thaeus
533 4975 555 5034 ⁵:
585 4975 784 5050 «Quicumque
804 4993 861 5036 non
876 4975 1013 5050 receperit
1031 4993 1083 5034 ros
1104 4991 1155 5032 neo
1174 4975 1295 5034 audierit
1321 4993 1376 5034 ser·

410 5085 514 5134 'rueres
534 5075 661 5144 uestros:
689 5073 823 5144 exeuntes
849 5073 925 5132 foras
947 5075 979 5132 de
1007 5073 1088 5132 domo
1114 5073 1160 5130 vel
1188 5071 1376 5142 decivitate,

416 5169 538 5230 excutite
558 5173 704 5242 pulverem
724 5173 758 5230 de
785 5171 902 5244 pedibus
921 5171 1026 5230 vestris
1039 5195 1069 5228 n.
1090 5171 1158 5240 Vol,
1181 5171 1255 5230 cinis
1275 5173 1308 5228 in
1328 5187 1377 5228 cu-

414 5269 477 5338 pite
495 5269 540 5326 est
560 5287 635 5326 vana
655 5269 746 5342 gioria
767 5271 796 5326 in
816 5269 891 5328 bena
904 5269 1029 5338 actione,
1049 5269 1149 5326 habita
1169 5269 1321 5342 principali
1333 5269 1378 5326 in-

372 5435 373 5438 *
417 5365 551 5424 tentione.
580 5355 712 5428 Aecincti
731 5371 801 5428 sunt
821 5367 938 5440 edicito,
961 5385 1041 5428 senes
1062 5367 1187 5438 scilicet;
1209 5383 1260 5440 per
1280 5367 1377 5426 cilicio

416 5463 583 5534 punctiones
615 5465 793 5524 terrenarum
830 5467 1030 5540 cogitationum
1065 5467 1270 5540 designantur,
1305 5483 1383 5540 quae.

415 5557 613 5616 conscientiam
635 5563 756 5620 assiduis
777 5563 909 5640 pungunt
936 5563 1140 5636 cogitationum
1159 5563 1273 5620 aculeis.
1301 5557 1392 5620 Bene

416 5671 482 5730 orgo
503 5657 550 5728 qui
571 5657 603 5712 in
625 5659 707 5716 terro
725 5661 822 5718 scolere
842 5659 974 5716 dicuntur
995 5659 1116 5718 terronis
1144 5659 1377 5728 delectationibus

325 5803 345 5836 r
417 5755 507 5824 primo
527 5751 721 5822 inhaerentes,
744 5753 842 5812 deindo
855 5755 976 5812 cilicium
998 5755 1141 5824 induenti,
1163 5757 1230 5828 quia
1253 5755 1377 5812 affectio-

304 5875 306 5878 ·
416 5867 481 5908 nem
494 5849 688 5908 delectationis
710 5849 839 5922 sequitur
852 5851 1012 5908 sollicitudo
1026 5851 1155 5908 desiderii
1169 5851 1302 5908 satiandi.
1322 5851 1377 5908 Hic

393 5933 395 5936 ⁵
415 5949 461 6006 ost
473 5965 587 6022 sacena,
602 5963 685 6022 quem
701 5947 837 6004 Dominus
851 5947 936 6004 iussit
950 5947 1099 6004 delumbis
1115 5947 1227 6016 tollore3
1244 5947 1335 6004 Isaiae
1347 5943 1375 6004 ⁶:

420 6067 435 6096 <r
447 6047 527 6106 Solve
546 6061 658 6104 saecum
678 6043 712 6102 de
731 6043 837 6102 lumbis
854 6041 956 6100 tuis».
976 6039 1154 6100 Adiecerunt
1172 6043 1206 6100 rit
1227 6043 1308 6102 terre
1328 6059 1377 6100 ou-

412 6135 479 6216 pitn
491 6161 547 6202 sno
560 6145 688 6218 uirgines
710 6141 798 6200 Indo.
820 6139 873 6200 Hic
897 6139 942 6198 est
955 6139 1120 6212 perditionis
1136 6139 1214 6208 ordo,
1229 6139 1264 6196 ut
1284 6141 1376 6210 primo

414 6245 531 6316 quisque
545 6241 634 6310 bona,
656 6257 726 6314 quae
751 6239 828 6314 agit,
852 6255 903 6310 per
916 6235 1103 6296 intentionem
1128 6235 1377 6294 bumanaelaudis

485 6539 494 6570 ¹
516 6541 580 6594 Cod.
598 6541 617 6592 Α
638 6541 792 6596 colentibus
890 6539 900 6570 ²
920 6539 986 6592 Vide
999 6553 1024 6592 n.
1038 6525 1069 6592 i:
1082 6537 1160 6592 Aliter
1174 6537 1314 6604 allegorice
1327 6544 1376 6592 etc.

484 6609 495 6640 ³
516 6611 622 6676 Cant,
641 6613 678 6664 tl.
692 6639 727 6652 -
740 6613 862 6680 Sequitur
875 6613 993 6676 Gregor,
1013 6613 1056 6664 Xl.
1076 6611 1163 6664 llorul.
1183 6625 1206 6666 c.
1229 6611 1271 6664 to.
1290 6625 1317 6662 n.
1331 6611 1377 6662 23.

484 6681 496 6712 ⁴
516 6683 580 6748 Cap.
598 6683 648 6746 22,
666 6683 714 6748 25;
733 6685 829 6736 deindo
846 6683 921 6736 Eccli.
943 6679 990 6746 32,
1012 6683 1034 6736 t.

485 6751 578 6818 ⁵Cop.
599 6753 646 6814 it),
666 6751 709 6804 ti.
1169 6751 1263 6818 ⁶Cop.
1281 6753 1329 6820 20,
1349 6753 1375 6802 2.

485 6823 495 6854 ⁷
515 6823 577 6888 Cap.
597 6823 645 6886 ld,
666 6823 707 6874 tr.
726 6853 761 6862 -
774 6825 897 6892 Sequitur
908 6827 1033 6892 August,
1046 6827 1064 6880 l.
1079 6825 1186 6892 Soliloq.
1199 6839 1220 6876 c.
1236 6827 1245 6876 l
1255 6823 1276 6878 t.
1292 6839 1318 6876 n.
1331 6823 1374 6876 26.

2346 527 2406 594 ost

1453 697 1610 766 obnubilet,
1626 713 1660 754 ao
1673 697 1771 754 deinde
1784 697 1847 770 ipsa
1859 699 1932 758 bona
1948 715 2033 774 opera
2044 689 2076 760 in
2087 719 2190 774 pravas
2202 703 2325 764 actiones
2339 719 2409 760 com·

1451 795 1551 856 mutet.
1571 795 1650 868 Ergo
1669 795 1763 852 chaere
1783 795 1870 866 ceput
1883 811 2036 868 aspernere
2048 797 2094 856 est
2105 797 2304 856 delectationes
2324 799 2409 856 terro-

1451 909 1503 952 nas
1525 909 1670 968 quaerere,
1685 893 1731 950 uel
1742 891 1775 948 in
1794 889 1875 950 bouis
1891 889 2000 948 actibus
2015 891 2049 948 ad
2066 891 2164 950 laudes
2177 891 2319 950 humanas
2336 895 2408 964 aspi·

1449 1007 1530 1060 rare3
1551 991 1642 1064 capnt
1654 977 1781 1048 interro
1793 1003 1906 1060 ponere
1918 987 1964 1044 est
1977 985 2125 1044 manifeste
2147 989 2229 1046 malis
2249 989 2406 1060 indulgere.

1530 1087 1578 1144 22.
1601 1087 1694 1162 (Vers.
1727 1083 1797 1162 11.).
1832 1085 1918 1144 Oura.
1951 1081 2127 1152 Defecerant
2150 1099 2225 1156 pree
2259 1083 2406 1156 lucrymis.
2430 1095 2574 1158 Secundam

1447 1181 1526 1240 Haec
1544 1183 1590 1240 est
1609 1185 1730 1242 secunda
1755 1199 1824 1256 pars
1850 1181 1982 1254 capituli,
2005 1181 2035 1236 in
2060 1195 2116 1252 qua
2146 1179 2211 1250 post
2234 1179 2407 1252 descriptam
2418 1147 2574 1256 iiiiiimffiii

1447 1279 1649 1338 desolationem
1674 1297 1836 1354 synagogae
1868 1277 2024 1336 introducit
2056 1275 2290 1334 tamentationem
2310 1277 2405 1348 epotus
2418 1255 2507 1308 ¹³¹¹⁰²³⁹‘

1445 1375 1524 1434 coms
1541 1375 1718 1450 Prophetae,
1731 1381 1823 1450 primo
1838 1375 1986 1436 ostendens
2001 1373 2111 1434 doloris
2126 1373 2172 1432 sni
2186 1371 2409 1454 ostentantium:
2423 1375 2515 1420 ostreo.
2540 1421 2541 1424 ,

1446 1471 1566 1528 secundo
1588 1471 1761 1546 subiungens
1781 1473 1892 1532 doloris
1910 1471 2082 1544 materiem,
2101 1469 2156 1528 ibi:
2183 1465 2256 1528 Onne
2276 1467 2406 1540 deiceret

1439 1567 1597 1638 parentes.
1614 1599 1657 1610 -
1674 1567 1889 1630 Vehementiam
1908 1569 2014 1630 doloris
2033 1567 2157 1626 ostendit
2176 1567 2238 1624 tum
2264 1583 2296 1624 ex
2321 1567 2404 1640 signe
2426 1569 2556 1614 sutrinse.

1445 1665 1600 1736 exteriori;
1619 1665 1681 1722 tum
1704 1683 1735 1724 ex
1757 1667 1854 1726 dolore
1874 1669 2028 1742 interiori,
2047 1667 2101 1726 ibi:
2129 1663 2312 1726 Conturbote
2335 1653 2412 1722 sunt

1443 1763 1572 1830 oisonem
1592 1761 1653 1818 tum
1672 1779 1707 1820 ex
1729 1765 1914 1822 concentione
1934 1767 2031 1824 omnis
2043 1765 2160 1838 solatii,
2181 1765 2238 1822 ibi:
2262 1759 2403 1832 Effusum

1445 1861 1487 1916 est
1505 1859 1539 1914 in
1556 1859 1646 1916 tenu.

1526 1953 1600 2014 Dicit
1619 1969 1702 2028 orgo:
1726 1951 1903 2024 Defecentnt
1925 1973 2004 2028 prae
2033 1957 2191 2032 inerpertis,
2213 1959 2240 2018 id
2271 1959 2316 2018 est
2336 1975 2403 2032 prao
2426 1967 2570 2014 vehementia

1595 2053 1601 2066 ·
1940 2055 1946 2068 .
2010 2057 2016 2068 .
2066 2057 2109 2068 ..
2417 2023 2498 2068 doloris
2506 2033 2529 2066 ex
2540 2023 2571 2064 si·

1445 2053 1620 2110 abundantra
1640 2053 1845 2126 lacrymarum,
1866 2053 1945 2110 ocnlt
1958 2071 2024 2112 met.
2043 2055 2139 2114 Srmrle
2159 2057 2193 2116 de
2206 2057 2259 2116 Iob
2271 2055 2295 2114 ἢ
2325 2059 2403 2116 «Fa
2416 2089 2459 2130 gno
2477 2075 2571 2120 exterio·

1445 2153 1499 2210 cies
1521 2167 1584 2208 mea
1608 2147 1744 2208 intumuit
1767 2141 1889 2218 aflotu,
1916 2149 1947 2206 ot
1977 2151 2130 2222 palpebrae
2159 2171 2235 2212 meae
2264 2155 2403 2228 caligave-
2416 2141 2442 2174 ¹⁶
2455 2133 2548 2174 ΝΜ

1445 2245 1515 2306 runt
1534 2269 1561 2302 θ.
1583 2247 1646 2306 Viri
1675 2247 1749 2304 enim
1775 2247 1865 2304 sancti
1896 2247 1924 2302 in
1946 2245 2129 2306 tribulatione
2159 2249 2205 2306 vel
2234 2249 2402 2308 contritione

1445 2345 1680 2404 vehementium
1703 2343 1793 2404 solent
1814 2361 1927 2418 parcere
1950 2343 2035 2404 oculis
2063 2345 2113 2404 aut
2139 2345 2254 2418 pectori.
2268 2345 2346 2404 Unde
2361 2347 2403 2404 di-

1445 2443 1483 2500 cit
1504 2443 1578 2500 ratio
1598 2441 1770 2516 Augustini:
1794 2463 1810 2494 θ
1831 2441 1932 2500 Cohibe
1954 2441 1980 2500 te
2010 2443 2194 2516 alacrymis3
2216 2443 2325 2514 stringe
2345 2443 2403 2500 ani·

1445 2557 1537 2610 mum,
1558 2539 1680 2598 multum
1703 2539 1814 2598 omnino
1836 2539 1956 2608 flevisti:
1976 2539 2007 2596 et
2026 2539 2072 2596 hic
2091 2539 2203 2598 omnino
2222 2539 2337 2596 morbus
2357 2555 2403 2610 po·

1445 2635 1531 2696 cteris
1550 2635 1596 2695 tui
1613 2635 1872 2710 graviteraccidit.
1894 2635 1932 2692 Et
1954 2635 2118 2710 respondet:
2145 2635 2260 2696 Modum
2283 2637 2328 2694 uis
2353 2636 2403 2694 lra-

1445 2733 1510 2794 bero
1529 2735 1602 2794 circa
1614 2735 1756 2806 lacrymas
1776 2749 1868 2802 meas,
1891 2749 1954 2792 cum
1967 2735 2095 2792 miseriae
2116 2749 2194 2792 meae
2213 2733 2327 2792 modum
2344 2749 2401 2792 non

1444 2833 1569 2912 videam
1591 2833 1781 2892 valetudinem
1800 2833 1925 2906 corporis
1947 2833 2121 2890 considerare
2141 2831 2238 2902 iubos,
2261 2847 2324 2890 cum
2350 2847 2400 2910 ego

1443 2931 1504 3004 ipse
1519 2931 1584 2990 tabe
1597 2929 1737 2990 coniectus
1754 2931 1805 2988 sim
1817 2955 1845 2988 ».
1856 2965 1897 2974 -
1913 2927 2095 2990 Conturbutn
2109 2933 2180 2988 sunt
2193 2929 2301 2988 uiscera
2320 2945 2400 3002 nee,
2426 2941 2457 3004 u:
2470 2923 2545 3002 aaron

1444 3027 1537 3088 dolore
1558 3029 1594 3086 ad
1620 3027 1722 3086 intima
1748 3027 1944 3102 pertingente:
1971 3027 2103 3086 Psalmus
2117 3025 2144 3086 8:
2171 3049 2187 3080 r
2209 3025 2400 3086 Conturbatns
2429 2997 2538 3040 interiore.

1444 3125 1487 3184 est
1500 3127 1531 3184 in
1543 3127 1588 3184 ira
1601 3127 1699 3184 oculos
1712 3143 1806 3196 moue,
1823 3127 1914 3184 anima
1928 3145 1991 3184 mea
2007 3127 2034 3184 et
2049 3125 2148 3184 uenter
2161 3143 2239 3186 meus
2252 3149 2278 3184 r.
2293 3157 2334 3166 -
2345 3121 2398 3196 Ef-
2417 3139 2449 3202 n:
2462 3149 2553 3202 :raroq-

1442 3223 1542 3292 fuscent
1563 3227 1605 3282 est
1625 3225 1656 3280 in
1677 3225 1758 3280 terre
1776 3223 1855 3280 iecur
1868 3239 1978 3294 morena·
2000 3225 2028 3280 in
2042 3223 2136 3282 decore
2150 3223 2227 3280 sodes
2243 3221 2399 3296 voluptatis
2410 3193 2559 3238 ²¹⁰n³⁵⁰¹³t¹h

1443 3319 1486 3376 est
1508 3319 1536 3378 et
1555 3319 1811 3392 concupiscentiae,
1833 3319 1865 3376 ut
1891 3319 1959 3376 dicit
1971 3319 2179 3394 Hieronymus:
2201 3321 2282 3392 quasi
2311 3319 2397 3386 dicat:

1442 3417 1472 3474 in
1492 3415 1606 3473 tantum
1636 3415 1758 3474 intrauit
1786 3415 1938 3484 desolatio,
1960 3415 1993 3472 nt
2024 3433 2103 3474 omne
2136 3417 2268 3474 solatium
2288 3417 2328 3472 sit
2353 3417 2399 3484 eli·

1439 3513 1521 3582 'snm;
1541 3513 1835 3586 snper-contritione,
1854 3515 1885 3570 id
1904 3515 1950 3570 est
1967 3513 2173 3580 destructione,
2195 3511 2274 3582 filine
2291 3507 2399 3584 popuii

1442 3609 1498 3664 rnei
1505 3653 1513 3682 ,
1528 3607 1557 3664 id
1572 3605 1618 3666 est
1629 3609 1766 3678 Iudaeae,
1786 3611 1832 3668 vol
1845 3609 1969 3668 civitatis
1983 3611 2149 3668 Ierusalem.
2159 3643 2202 3652 -
2214 3607 2287 3668 Onne
2303 3607 2400 3680 defice·
2415 3619 2499 3682 notaris
2513 3631 2558 3662 ma·

1441 3707 1493 3762 ret.
1516 3703 1600 3772 Ecce,
1621 3705 1701 3762 rotie
1715 3705 1905 3764 desolationis
1925 3705 2043 3778 duplex:
2060 3705 2163 3778 primo,
2186 3705 2327 3764 desolatio
2339 3673 2565 3784 nne-⁸e¹¹²d⁰⁹¹³‘'

1439 3805 1485 3876 pio
1509 3803 1740 3862 lamentabiiinnt
1755 3819 1968 3874 personatuum
1987 3805 2121 3874 secundo,
2144 3803 2282 3862 desolatio
2305 3807 2331 3862 et
2349 3805 2400 3862 tri·

1441 3901 1551 3958 bntutio
1573 3895 1784 3960 uniuersorum.
1798 3889 1840 3944 -έ
1852 3901 1949 3960 Primo
1967 3901 2058 3974 igitur
2078 3901 2245 3960 describitur
2264 3901 2399 3962 desolatio
2427 3913 2457 3958 oe
2472 3913 2541 3964 prima
2579 3965 2580 3968 Ἴ

1440 3997 1535 4070 :napis
1556 3997 1724 4070 inpnbrintn
1746 3999 2012 4072 etmiserubiiinnt,
2033 3999 2139 4058 scilicet
2152 4001 2336 4070 paruulorum
2351 4017 2400 4060 seu
2459 3967 2508 4008 Μ’

1423 4095 1608 4168 Ἰίθὴθηὴίιιθὴ,
1631 4111 1751 4168 quorum
1778 4097 1868 4168 primo
1889 4095 2021 4154 describit
2048 4095 2259 4170 indigentiam
2285 4099 2396 4168 deinde,
2488 4087 2489 4090 ¹

1442 4195 1594 4268 inpetrem
1625 4195 1854 4266 querimoniam,
1885 4195 1939 4252 ibi:
1969 4195 2124 4252 Mutribns
2153 4195 2214 4252 suis
2248 4195 2397 4266 discernam

1441 4289 1540 4358 tertie,
1556 4291 1798 4364 exinanitionem,
1821 4291 1875 4348 ibi:
1894 4287 1966 4348 Onon
1987 4289 2151 4364 deficerent,
2175 4291 2203 4348 ot
2216 4293 2337 4350 mortem
2354 4291 2398 4350 itt·

1419 4375 1644 4446 'menvtnbilnm
1665 4387 1738 4448 eun
1760 4387 1940 4448 enituissent.

1520 4483 1569 4542 23.
1591 4487 1685 4560 (Vors.
1707 4483 1755 4542 11.
1777 4483 1848 4560 12.).
1871 4485 2093 4554 cremitarum.
2115 4485 2191 4542 Dicit
2216 4501 2302 4558 ergo:
2326 4483 2397 4544 Otttn
2417 4493 2546 4548 rurigena.

1440 4581 1584 4654 deiiceret,
1604 4585 1686 4656 quasi
1707 4581 1796 4640 dicat:
1830 4599 1904 4650 ecce,
1937 4581 2057 4640 materia
2077 4583 2194 4650 doloris,
2216 4599 2278 4642 oum
2305 4583 2397 4640 defice·
2425 4585 2427 4588 '
2457 4645 2458 4648 ,

1440 4677 1484 4744 ret
1506 4695 1573 4752 prae
1598 4677 1672 4758 fame
1701 4677 1729 4736 et
1751 4679 1814 4748 siti,
1830 4679 1977 4750 parentes
2005 4681 2031 4736 et
2054 4679 2177 4736 iactans.
2197 4679 2294 4752 Aliqui
2319 4695 2397 4750 expo·

1440 4775 1515 4840 nmrt
1533 4777 1691 4834 lactentem
1709 4775 1814 4846 active,
1835 4791 1887 4848 pro
1907 4775 2046 4834 matribus
2069 4775 2172 4834 scilicet
2197 4791 2299 4848 pueros
2325 4777 2397 4834 lacte

1441 4873 1637 4946 pascentibus,
1658 4873 1761 4946 quibus
1780 4875 1899 4932 maximo
1920 4873 2211 4944 est'competiondum.
2234 4873 2273 4932 In
2288 4873 2398 4944 pluteis

1441 4969 1556 5042 oppidi,
1578 4969 1606 5026 id
1634 4969 1678 5028 est
1705 4971 1877 5042 Ierusalem,
1904 4987 1990 5044 quam
2010 4969 2091 5030 vocat
2120 4969 2259 5046 oppttnn
2282 4969 2412 5044 propter

1440 5067 1622 5128 abiectionem
1643 5069 1671 5128 et
1692 5069 1846 5140 uilitatom3
1870 5069 2031 5128 Matthaeus
2044 5065 2070 5126 9:
2097 5089 2113 5120 θ
2127 5067 2172 5127 Ιὴθ
2192 5069 2221 5126 in
2236 5065 2396 5136 castellum,

1422 5167 1515 5240 'quod
1533 5167 1634 5226 contra
1652 5185 1704 5228 vos
1724 5167 1811 5226 est».
1825 5167 1932 5226 -Sed
1952 5185 2003 5242 pro
2024 5161 2144 5242 inpnhri
2158 5169 2341 5240 querimonia
2357 5185 2397 5226 se·
2431 5175 2536 5240 cugnone

1441 5265 1554 5340 quitur:
1583 5263 1733 5324 Metribns
1761 5267 1824 5326 anis
1853 5267 2007 5340 dicerent,
2027 5267 2059 5324 in
2088 5266 2192 5338 quibus
2222 5267 2397 5326 terrenorum
2413 5241 2562 5286 ‘¹⁰⁰¹'¹¹¹³⁰¹¹¹³'·

1441 5365 1586 5422 affectibus
1606 5361 1738 5422 dixeram
1764 5379 1830 5436 prae
1850 5363 1935 5422 famis
1964 5363 2097 5436 angustia
2130 5363 2308 5432 deficientes,
2336 5379 2398 5422 cum

1440 5461 1533 5520 essent
1554 5463 1584 5520 in
1597 5461 1704 5520 deliciis
1723 5461 1839 5519 nutriti:
1861 5461 1918 5522 Ubi
1940 5463 1981 5520 est
2005 5461 2133 5520 ttdtt'cnnt
2152 5465 2181 5518 et
2199 5461 2323 5518 uinum?
2335 5461 2381 5520 Ist
2414 5497 2416 5500 -

1440 5557 1542 5632 potunt
1563 5561 1611 5632 qui
1632 5575 1689 5618 non
1702 5557 1830 5632 petentes
1843 5557 1987 5618 abundare
2002 5559 2040 5616 eis
2056 5557 2199 5630 solebant;
2213 5559 2287 5616 unde
2302 5575 2334 5618 ox
2346 5557 2397 5618 hoo

1427 5657 1521 5728 'patet
1541 5657 1645 5716 doloris
1664 5655 1848 5716 vehementia.
1870 5689 1910 5710 -—
1936 5653 2007 5716 &nn
2020 5655 2186 5730 deicerent,
2210 5655 2397 5716 exinanitione
2417 5671 2547 5716 urinantes.

1441 5753 1530 5812 totius
1550 5755 1692 5824 eorporis:
1714 5755 1801 5824 quest
1820 5753 1980 5824 metuenti,
2003 5751 2136 5812 effusione
2156 5755 2319 5826 sanguinis3
2339 5753 2398 5812 Isa-

1439 5847 1533 5908 ias·¹⁰:
1562 5873 1577 5902 a
1589 5849 1740 5908 interiecti
1754 5851 1812 5920 tui,
1826 5865 1884 5908 non
1899 5849 2042 5908 interfecti
2061 5851 2154 5924 gladio
2174 5867 2223 5908 neo
2244 5851 2348 5908 mortui
2369 5851 2397 5908 in

1441 5947 1514 6004 bello
1527 5967 1563 6016 »3
1583 5947 1617 6004 in
1636 5947 1747 6018 pluteis
1773 5947 1916 6018 ciuitate,
1945 5947 1994 6004 ubi
2014 5945 2142 6004 solebant
2171 5963 2231 6006 esse
2252 5947 2341 6004 securi
2370 5945 2397 6004 et

1442 6043 1544 6112 foveri;
1567 6059 1632 6100 cnm
1644 6041 1832 6112 extruderent,
1848 6057 1916 6112 prao
1938 6041 2019 6100 famis
2033 6043 2181 6114 angustia,
2197 6043 2314 6102 unimus
2326 6059 2397 6100 snus

1439 6139 1471 6196 in
1492 6139 1562 6196 sinte
1580 6139 1710 6196 neutrum
1730 6155 1869 6210 suetum,
1890 6139 1928 6194 ad
1947 6137 2088 6206 litteram,
2112 6139 2160 6196 ubi
2187 6139 2266 6212 patet
2294 6141 2397 6198 doloris

1440 6235 1625 6294 exacerbatio.

1511 6535 1635 6592 8Ρθθὴῐῐὴ.
1655 6539 1704 6602 30,
1725 6537 1765 6588 to.
1784 6561 1819 6574 -·
1838 6533 1960 6602 Sequitur
1979 6535 2098 6600 Hieron,
2118 6537 2133 6588 l.
2154 6535 2180 6586 in
2204 6535 2297 6588 Erech.
2324 6535 2347 6598 t,
2369 6535 2397 6600 73

1442 6611 1488 6662 clr.
1508 6611 1587 6674 Epist.
1608 6609 1650 6664 ot.
1669 6625 1695 6662 n.
1712 6609 1742 6664 7.
1885 6677 1888 6682 Ι

1511 6679 1521 6710 ⁹
1540 6679 1603 6748 Cup.
1625 6683 1669 6748 ot,
1690 6683 1713 6734 2.
1733 6679 1873 6742 —Supra
1892 6691 1941 6742 pro
1953 6677 2066 6730 lectione
2075 6677 2152 6730 codd.
2169 6675 2271 6730 tociens
2286 6677 2397 6742 Vulgata

1440 6751 1555 6818 tuebor,
1574 6767 1642 6820 quae
1662 6757 1761 6806 formae
1779 6763 1830 6802 non
1851 6763 1911 6802 roro
1931 6749 2133 6802 conluoduntur.

1511 6823 1532 6854 ¹⁰
1552 6823 1616 6890 Cap.
1634 6827 1682 6892 22,
1700 6827 1726 6878 2.
