5900 8266
576 601 639 666 602
955 639 956 642 =
1142 601 1337 668 COllblENT.
1364 600 1400 666 IN
1424 597 1663 666 EVANGELlUbl
1688 599 1806 666 LUCbE
1829 599 1863 664 C.
1886 599 1989 666 XlllV.

574 793 696 862 corpus
710 781 817 842 autern
833 777 955 846 subdit:
983 781 1021 844 nt
1042 775 1241 862 praedicuri
1256 777 1292 842 in
1316 775 1446 842 nornine
1460 775 1532 842 eits

569 879 804 966 poenitentiam
827 887 855 946 et
879 883 1104 950 remissionem
1125 889 1337 966 peccatorum
1363 881 1397 946 in
1423 899 1533 946 ocnncs

572 997 700 1074 pentes,
722 987 955 1074 incipientibus
980 989 1020 1056 ob
1038 987 1251 1076 ierosolyma.
1276 989 1357 1066 Hoc,
1384 985 1531 1074 inqvvam,

574 1093 725 1180 scriptum
752 1093 782 1160 in
808 1095 888 1180 che
911 1101 944 1162 θῖ
965 1097 999 1162 in
1022 1093 1227 1180 promissione
1250 1094 1416 1174 Abraham
1434 1093 1544 1160 Gene·

573 1201 617 1268 sis
632 1199 779 1286 vigesimo
806 1200 1071 1266 seouooo1:«ln
1094 1197 1211 1266 semine
1230 1205 1284 1264 tuo
1309 1198 1532 1266 benedicentur

572 1321 682 1372 omnes
696 1311 805 1390 gentes
820 1313 924 1372 terrae
938 1331 971 1386 ε,
990 1311 1019 1374 ot
1035 1303 1163 1372 Genesis
1179 1303 1419 1390 quadragesimo
1436 1321 1531 1370 nono:

578 1411 678 1496 «lpse
699 1411 760 1476 erit
782 1411 977 1494 exspectatio
1001 1409 1140 1496 gentium
1165 1435 1194 1474 a.
1208 1407 1281 1474 ‘Hoc
1307 1409 1456 1494 seriptum
1487 1417 1533 1476 est

573 1519 605 1584 in
624 1517 806 1582 esotnoe:
834 1543 849 1576 (ε
870 1517 1026 1584 Ροεῖθῖθθ
1043 1533 1109 1594 me,
1125 1521 1155 1582 et
1178 1515 1257 1584 dabo
1273 1515 1328 1582 tibi
1354 1521 1460 1600 gentes
1478 1517 1533 1582 he-

574 1609 737 1690 reditatem
767 1627 856 1690 tuam
872 1629 963 1702 v;‘ot
995 1623 1130 1688 iterum:
1159 1649 1176 1678 (ι
1195 1621 1332 1688 Laudato
1364 1621 1532 1688 Dominum

572 1747 681 1798 omnes
702 1735 812 1812 gentes
826 1753 858 1792 s.
882 1713 993 1796 Hocin
1009 1725 1204 1810 Prophetis·
1230 1727 1312 1792 unde
1337 1727 1431 1794 isaiae
1454 1747 1533 1812 qua-

572 1835 750 1918 dragesimo
770 1835 895 1900 nonni:
928 1835 1073 1900 «Parum
1097 1839 1143 1900 θεῖ
1169 1831 1263 1912 mibi,
1289 1837 1323 1898 ut
1349 1833 1389 1900 sis
1420 1851 1531 1902 servus

572 1957 662 2008 meus
686 1939 723 2006 ad
747 1939 847 2008 faeces
872 1939 964 2008 lsrael
996 1938 1240 2026 convertendas;
1262 1939 1332 2008 dedi
1366 1947 1395 2008 te
1419 1941 1449 2008 in
1482 1941 1533 2008 lu-

572 2067 638 2116 oern
665 2049 822 2134 gentium,
848 2053 882 2114 ut
908 2047 949 2114 sis
975 2047 1059 2116 salus
1082 2065 1152 2114 mea
1169 2075 1183 2106 o
1203 2053 1261 2116 etc.
1289 2047 1323 2114 Et
1347 2049 1532 2134 baeoprae-

571 2155 685 2222 dicatio
707 2155 868 2238 praedicta
882 2161 931 2222 est
952 2153 1092 2240 incipere
1109 2155 1147 2222 ab
1171 2155 1356 2236 Ierusalem
1372 2155 1467 2224 Isaiae
1484 2175 1533 2224 se-

572 2257 718 2326 ound04:
741 2261 816 2326 «De
841 2261 914 2326 Sion
934 2259 1035 2328 exibit
1058 2261 1111 2326 lex
1133 2267 1167 2328 et
1190 2261 1322 2328 verbum
1350 2263 1470 2330 bomini
1493 2263 1533 2332 de

571 2365 740 2432 ierusalem
754 2393 768 2424 >2
786 2389 794 2446 ;
812 2371 845 2434 et
862 2365 955 2434 isaiae
977 2367 1171 2452 sexagesimo
1189 2369 1342 2436 secundo:
1369 2397 1384 2428 v
1402 2371 1533 2458 Propter

471 2541 472 2544 ,
572 2471 644 2538 Sion
661 2489 722 2536 non
746 2471 870 2552 tacebo,
886 2479 919 2540 et
941 2479 1069 2558 propter
1087 2473 1254 2542 ierusalem
1272 2491 1335 2542 1101]
1355 2477 1530 2560 quiescam,

570 2579 670 2644 donec
682 2579 861 2664 egrediatur
873 2587 910 2646 ut
922 2579 1066 2664 splendor
1082 2581 1185 2646 iustus
1198 2581 1266 2648 eius
1280 2605 1309 2660 »3
1328 2589 1359 2648 et
1373 2581 1531 2648 Psalmus:

575 2711 592 2744 <r
610 2683 738 2774 Virgnm
757 2687 885 2752 virtutis
910 2693 983 2752 tuae
1004 2687 1124 2754 emittet
1148 2687 1299 2754 Dominus
1322 2705 1364 2754 ex
1388 2689 1461 2754 Sion
1477 2713 1506 2752 v.

596 2899 741 2980 Qrsurto,
765 2899 805 2964 cle
827 2897 1053 2982 ctionlpntione
1076 2897 1149 2962 icrn
1172 2897 1322 2982 cop-nilne
1348 2895 1506 2962 cecitatis,

664 3111 714 3174 66.
740 3109 840 3192 (Vens.
863 3107 940 3190 aa).
969 3109 1030 3172 Vos
1052 3113 1164 3172 nutent
1186 3105 1263 3172 estis
1289 3103 1530 3172 testesbcrnrn.

571 3217 642 3282 Post
666 3213 853 3298 descriptam
876 3211 1099 3278 revelationem
1122 3211 1365 3278 resurrectionis
1390 3218 1420 3278 et
1436 3229 1532 3296 appa-

572 3319 717 3386 ritionem
740 3319 934 3404 resurgentis
959 3325 989 3384 et
1013 3317 1231 3386 certitudinem
1252 3317 1458 3402 apparitionis
1479 3317 1533 3384 hic

571 3425 710 3512 qviarto⁵
734 3427 840 3510 agitur
862 3425 902 3490 de
923 3425 1152 3512 ciinnlpntione
1175 3423 1245 3490 inno
1271 3425 1420 3510 copnitue
1448 3425 1533 3490 neri·

571 3531 659 3598 totis.
683 3531 721 3598 Εῖ
742 3533 816 3616 quia
843 3533 918 3598 baec
939 3531 1111 3616 divulgatio
1127 3531 1211 3598 iacta
1232 3537 1281 3598 est
1299 3549 1356 3616 per
1381 3531 1532 3616 Spiritum

572 3645 716 3706 sanctum
753 3637 861 3704 datum
902 3637 1053 3722 Apostolis
1090 3645 1160 3722 post
1196 3637 1408 3706 ascensionem
1442 3637 1532 3706 Chri-

464 3765 551 3810 noso.
572 3745 629 3822 sti,
656 3743 724 3810 ideo
746 3745 786 3810 ad
808 3745 891 3810 hanc
913 3741 1037 3826 plenius
1059 3743 1296 3814 describendam
1326 3751 1464 3828 quatuor
1490 3737 1532 3812 ab

572 3849 768 3934 Evangelista
797 3849 1054 3928 introducuntur,
1082 3849 1199 3916 scilicet
1221 3851 1409 3916 commissio
1432 3849 1534 3940 offleii

568 3955 813 4040 praedicendi,
849 3955 1031 4040 promissio
1073 3955 1305 4040 spiritnolinrn
1345 3953 1533 4024 cbariscno-

511 4083 513 4086 ·
573 4069 663 4140 torn,
686 4061 864 4126 oscensio⁶
894 4057 1019 4128 Cbristi
1039 4065 1071 4126 et
1094 4061 1219 4128 deuotio
1241 4061 1494 4148 discipulorum.

665 4167 768 4234 Primo
790 4165 888 4252 igitur
911 4173 1065 4250 quantum
1089 4165 1128 4232 ad
1145 4165 1290 4254 officiunt
1309 4167 1534 4254 praedicendi

429 4297 509 4350 eramo,
526 4297 552 4342 u
571 4273 666 4340 dicit:
710 4273 771 4338 Vos
808 4279 926 4342 uotam
954 4273 1046 4344 estis.
1066 4279 1158 4338 testes
1197 4271 1342 4352 bornna;
1377 4293 1454 4354 oos,
1483 4273 1532 4338 in-

322 4369 324 4372 ·
410 4351 478 4398 officio
491 4363 552 4408 prae·

410 4405 502 4454 dicandi.

572 4399 682 4466 quam,
706 4381 788 4466 «qni
812 4379 932 4448 vidistis
956 4387 985 4448 et
1010 4379 1212 4462 audistis⁷>›,
1235 4381 1278 4448 ita
1294 4379 1380 4466 quod
1403 4381 1533 4464 potestis

573 4489 676 4556 dicere
702 4487 779 4554 illud
801 4487 922 4554 loannis
939 4489 1050 4554 tertio:
1081 4489 1203 4572 «Quod
1218 4489 1338 4554 scimus
1360 4487 1532 4574 loquimur,

574 4603 604 4662 ot
627 4595 713 4680 quod
727 4593 862 4660 vidimus
888 4601 1039 4661 testamur
1052 4619 1088 4676 »3
1104 4601 1138 4660 et
1159 4595 1281 4662 loannis
1296 4593 1418 4660 decimo
1435 4613 1531 4662 nono:

560 4701 669 4786 'nQui
695 4685 772 4768 vidit
794 4699 1008 4768 testimonium
1025 4699 1187 4786 perhibuit
1202 4729 1232 4764 v.
1255 4701 1336 4768 Nihil
1358 4707 1464 4768 autem
1485 4707 1532 4768 est

575 4807 658 4876 aliud
674 4827 822 4874 asserere
843 4807 1015 4876 ceritatem
1029 4807 1107 4892 pact
1127 4825 1221 4892 quam
1239 4807 1427 4892 testificari
1449 4807 1532 4886 unde

576 4915 709 4980 ,ictuum
731 4915 883 4998 vigesimo
906 4913 1041 4980 tertio⁸z
1074 4913 1192 4978 «Sicut
1215 4911 1399 4980 testificatus
1438 4931 1470 4978 es
1495 4915 1532 4980 de

575 5035 624 5084 me
647 5017 677 5084 in
698 5019 880 5098 ierusalem,
897 5017 942 5086 sio
961 5023 990 5086 te
1008 5023 1133 5104 oportet
1147 5025 1178 5086 et
1196 5019 1308 5086 Romae
1325 5017 1483 5086 testificari
1502 5045 1530 5082 v.

647 5409 654 5440 ²
675 5411 751 5464 Vcrs
772 5411 818 5472 tn,
838 5409 1146 5476 postcommum,
1169 5411 1209 5462 lb.
1227 5437 1263 5448 --
1283 5411 1409 5476 Superius
1430 5417 1490 5476 post
1508 5411 1534 5464 in

576 5501 643 5566 sepe
660 5499 719 5550 Vnt.
739 5513 799 5550 carm
820 5497 840 5548 ll
860 5497 956 5548 omittit
972 5501 1006 5550 et,

647 5587 656 5618 2
677 5587 769 5640 Psalrn.
788 5589 819 5650 2,
839 5587 864 5638 8.
887 5591 910 5638 et
930 5585 1023 5640 deinde
1048 5585 1110 5650 lid,
1133 5587 1153 5638 l.

648 5677 657 5706 ³
678 5677 756 5728 Vers.
774 5677 802 5726 6:
824 5677 918 5728 larum
939 5681 991 5740 est,
1011 5681 1038 5727 ut
1058 5677 1092 5728 sis
1112 5675 1175 5728 mibi
1195 5689 1287 5728 servos
1309 5677 1339 5728 ad
1361 5683 1409 5730 otc.

646 5763 656 5794 4
675 5765 754 5818 Vere.
773 5765 796 5816 3.
811 5791 844 5802 -
865 5765 920 5816 livio
941 5777 1014 5830 sequ.
1033 5765 1084 5816 loci
1103 5769 1163 5818 suot
1183 5765 1240 5818 lsai.
1260 5767 1307 5832 62,
1329 5767 1351 5818 l.
1373 5773 1397 5818 et
1416 5769 1456 5820 Ps.
1472 5767 1530 5830 lilii,

577 5857 599 5906 3.
621 5855 710 5906 Glossn
728 5851 871 5908 ordinario
891 5851 933 5920 (ex
952 5851 1032 5920 Beda)
1048 5853 1074 5906 in
1092 5855 1155 5908 Luc.
1175 5853 1221 5918 al,
1238 5855 1364 5920 tusco:
1379 5855 1530 5924 Oportebat,
1561 5877 1563 5880 ·

576 5945 603 5994 ot
624 5941 749 6006 ministri,
767 5941 813 6008 qui
833 5939 1025 6008 poenitention
1051 5943 1075 5994 et
1098 5939 1284 5996 remissionem
1310 5947 1383 5994 erant
1400 5943 1533 6008 praedica-

576 6029 627 6084 turi
644 6029 673 6082 in
693 6043 783 6084 omlnes
804 6033 906 6100 pentes,
938 6027 1142 6094 inciperemus
1170 6029 1358 6100 ierosolymis,
1377 6047 1429 6084 non
1448 6035 1532 6086 solum

575 6121 636 6190 quia
655 6117 709 6174 iltis
728 6117 831 6174 credito
848 6121 914 6174 sunt
932 6117 1037 6190 eloquio
1051 6117 1100 6174 Dei
1112 6119 1201 6190 [Rom.
1215 6121 1247 6184 3,
1265 6119 1314 6190 6.],
1326 6127 1353 6172 θῖ
1365 6121 1428 6188 qnia
1440 6135 1532 6174 eornm

575 6213 613 6266 cst
632 6207 738 6280 adoptio
757 6209 878 6280 pillarum
897 6207 984 6278 [llorn.
1004 6211 1034 6276 9,
1050 6209 1083 6278 4.]
1099 6217 1125 6262 θῖ
1142 6211 1236 6274 gloria,
1255 6215 1406 6264 testamenta
1421 6217 1446 6262 et
1458 6211 1534 6276 legis-

575 6301 648 6364 latio;
668 6301 715 6352 sed
736 6299 795 6352 ideo
815 6297 907 6362 etiarn,
929 6305 956 6352 ut
974 6303 1067 6364 gentes
1084 6299 1166 6350 variis
1179 6295 1314 6352 erroribus
1331 6305 1357 6350 et
1376 6299 1534 6350 facinoribus

575 6389 714 6454 implicitae
734 6391 783 6442 boe
804 6389 916 6440 proxime
935 6389 1031 6442 indicio
1052 6387 1157 6440 divinae
1177 6385 1278 6454 pietatis
1299 6385 1331 6438 ad
1351 6379 1427 6450 spem
1440 6387 1535 6436 veniae

575 6485 767 6544 provocentur,
795 6477 868 6544 quod
895 6477 935 6532 eis
960 6479 1008 6544 qui
1034 6477 1127 6530 Filium
1147 6475 1193 6528 Dei
1212 6475 1411 6539 crucifixerunt,
1430 6475 1533 6546 veniam

575 6567 680 6622 relaxat.
1199 6569 1203 6578 '

646 6655 729 6714 ⁵Clr.
749 6669 827 6720 supro
846 6671 874 6710 u.
895 6655 921 6710 l.
998 6663 1001 6670 ·

647 6743 657 6774 ⁸
679 6745 738 6796 Vnt.
755 6743 910 6808 absconsio,
931 6745 977 6796 sed
996 6747 1042 6796 cir.
1062 6743 1128 6796 inira
1146 6757 1173 6796 u.
1192 6743 1236 6794 63.

647 6831 656 6862 v
677 6835 708 6886 ut
728 6833 791 6886 (licit
810 6833 898 6886 Glossa
920 6831 1113 6886 interlinearis.
1131 6859 1167 6872 -
1187 6833 1339 6898 Sequuntur
1359 6831 1427 6880 ioan.
1446 6829 1472 6892 3,
1493 6829 1536 6880 tl.

576 6925 601 6972 et
624 6921 666 6988 ts,
687 6921 730 6974 35.
1382 6923 1383 6926 ’

1598 777 1634 842 Et
1657 775 1728 844 idco
1743 775 1837 844 lsaiae
1855 775 2093 862 quadragesimo
2111 775 2215 844 tertio:
2237 775 2366 854 «Vere,
2387 789 2441 840 vos
2459 779 2553 844 testes

1596 883 1677 962 mei,
1706 883 1782 950 dicit
1814 883 1965 950 Dominus
1983 911 2010 948 o.
2045 883 2078 950 lli
2111 889 2184 950 sunt
2216 883 2369 968 Apostoli,
2402 879 2439 946 ad
2473 901 2552 968 quos
2564 899 2721 958 spasandus

1596 991 1731 1078 dotuurn
1754 991 1873 1074 primo:
1902 1015 1920 1048 «
1937 989 2028 1056 Eritis
2052 989 2127 1056 mibi
2154 995 2246 1056 testes
2270 989 2302 1054 in
2327 987 2495 1056 ierusalem
2519 995 2550 1060 et
2603 961 2678 1006 ‘ems'

1596 1093 1628 1160 in
1652 1095 1737 1162 omni
1760 1093 1873 1162 iudaea
1895 1101 1928 1162 et
1942 1095 2079 1162 Samaria
2105 1101 2133 1162 et
2152 1113 2252 1180 usque
2268 1093 2307 1162 ad
2322 1093 2472 1162 ultimum
2489 1103 2552 1164 ter-

1597 1219 1650 1266 roe
1668 1225 1697 1280 »;
1723 1205 1753 1268 et
1776 1201 1846 1268 ideo
1863 1201 1973 1268 Petrus
1995 1203 2127 1268 ictuum
2144 1199 2265 1266 decimo
2279 1201 2305 1264 ⁹:
2336 1227 2352 1258 a
2364 1199 2424 1264 Nos
2440 1217 2552 1270 sumus

1598 1311 1692 1374 testes
1716 1309 1872 1388 oxnnium,
1896 1325 1979 1394 quae
2006 1305 2079 1372 lecit
2103 1307 2133 1372 in
2168 1307 2293 1392 regione
2315 1305 2501 1372 ludaeorum
2519 1335 2549 1372 ε.

1604 1413 1723 1480 «Hunc
1745 1413 1829 1480 Deus
1859 1411 2019 1480 suscitavit
2043 1411 2133 1478 tertia
2154 1411 2202 1478 die
2224 1417 2253 1480 et
2277 1411 2361 1479 dedit
2383 1429 2456 1478 eum
2486 1431 2551 1480 ma·
2647 1413 2648 1416 ’

1598 1519 1744 1586 nilestum
1770 1519 1839 1586 fieri
1857 1537 1917 1584 non
1940 1517 2026 1582 omui
2044 1517 2174 1602 populo,
2198 1517 2250 1584 sed
2269 1519 2402 1584 testibus
2423 1535 2551 1600 praeor-

1597 1623 1709 1690 dinatis
1733 1643 1750 1690 a
1773 1625 1852 1706 Deo,
1874 1621 1980 1702 nobis,
1996 1621 2051 1708 qui
2075 1621 2337 1690 manducavimus
2359 1629 2391 1690 et
2414 1623 2550 1690 bibimus

1599 1747 1671 1796 curn
1694 1747 1746 1810 eo,
1771 1739 1935 1816 postquam
1962 1729 2139 1796 resurrexit
2162 1729 2339 1798 amortuis.
2363 1729 2401 1798 Et
2423 1747 2550 1816 praece·

1598 1837 1642 1924 pit
1667 1837 1755 1904 nobis
1780 1837 1960 1924 praedicare
1991 1837 2107 1922 populo
2129 1841 2162 1902 et
2184 1837 2362 1918 testificari,
2387 1837 2463 1924 quia
2484 1837 2550 1922 ipse

1598 1951 1662 2026 est,
1685 1945 1740 2030 qui
1773 1945 1963 2014 constitutus
1992 1949 2041 2012 est
2069 1963 2090 2012 a
2119 1943 2182 2012 Deo
2216 1943 2310 2012 iudex
2344 1945 2487 2012 vivorum
2522 1949 2551 2012 et

1597 2059 1806 2120 mortuorum.
1832 2051 1908 2118 liuto
1930 2071 2039 2120 omues
2054 2051 2227 2138 Prophetae
2249 2053 2463 2120 testimonium
2480 2067 2551 2134 per-

1600 2159 1707 2226 bibent
1722 2185 1751 2224 v.
1778 2161 1917 2224 Fuerunt
1938 2165 2043 2226 autom
2068 2157 2204 2244 Apostoli
2232 2185 2247 2216 «
2270 2164 2361 2225 testes
2387 2155 2470 2224 omni
2494 2173 2550 2222 ex-

1597 2265 1737 2350 peptione
1753 2265 1896 2358 'maiores
1910 2265 1932 2306 1⁰
1955 2293 1971 2326 »
1999 2273 2032 2332 et
2053 2271 2181 2350 propter
2207 2283 2294 2332 suam
2312 2263 2491 2352 virilitatem
2509 2263 2551 2326 'et

1597 2371 1791 2440 sanctitatem
1818 2379 1851 2438 et
1885 2377 2013 2458 propter
2030 2369 2228 2438 veracitatem
2254 2379 2286 2440 θῖ
2304 2377 2433 2454 propter
2459 2365 2551 2434 stabi-

1595 2479 1731 2558 litatem,
1754 2479 1830 2564 quia
1853 2477 1932 2562 passi
1961 2485 2035 2544 sunt
2060 2459 2201 2562 pro‘lrao
2223 2477 2353 2544 veritate
2381 2491 2482 2562 usque
2514 2473 2551 2540 ad

1598 2589 1746 2664 mortem,
1772 2590 1806 2650 ut
1824 2601 1898 2650 vere
1913 2591 2020 2662 testes,
2040 2583 2072 2648 id
2093 2589 2139 2650 est
2154 2587 2324 2668 martyres,
2346 2583 2467 2668 possint
2480 2581 2550 2648 dici.

1596 2689 1631 2754 Et
1648 2689 1718 2754 ideo
1733 2689 1772 2754 ad
1788 2689 1941 2754 Hebraeos
1966 2689 2149 2754 duodecimo
2162 2689 2204 2752 11:
2225 2715 2239 2746 c
2259 2689 2410 2756 Habentes
2434 2695 2550 2754 mutarn

1598 2795 1715 2860 nubem
1738 2793 1864 2860 testium
1890 2791 2085 2876 impositam,
2108 2809 2277 2860 curramus
2291 2797 2348 2878 per
2372 2793 2551 2878 patientiam

1595 2897 1634 2962 ad
1661 2897 1855 2982 propositum
1880 2897 1971 2982 nobis
1988 2903 2164 2974 certamen,
2189 2897 2374 2980 aspicientes
2390 2897 2420 2962 in
2446 2901 2551 2962 auoto-

1597 3019 1662 3068 rem
1682 3001 1752 3068 fidei
1776 3009 1804 3070 et
1830 3007 2111 3070 consummatorem
2138 3003 2234 3070 lesum
2254 3029 2269 3062 v
2297 3011 2355 3070 eto.
2484 3069 2485 3072 ,
2558 3071 2562 3074 ,

1685 3109 1737 3174 ot.
1760 3109 1859 3194 (Vers.
1877 3109 1956 3192 aa).
1973 3109 2114 3176 Secundo
2132 3115 2284 3194 quantum
2303 3109 2343 3176 ad
2354 3109 2550 3194 promissio·
2568 3127 2673 3180 secono,
2690 3129 2715 3172 u

1595 3233 1667 3280 nem
1691 3213 1922 3298 spiritvs-utinm
1940 3211 2185 3280 cbarisnnttnrn
2209 3209 2307 3280 additi
2330 3217 2365 3280 Et
2386 3235 2443 3300 epo
2458 3217 2549 3280 nvitto
2574 3193 2715 3280 piiffiiiiie

2609 3291 2661 3330 tnui.

1592 3321 1799 3406 promissum
1819 3321 1935 3388 Patris
1954 3319 2017 3388 rnei
2030 3319 2066 3386 in
2083 3339 2148 3386 oos.
2165 3321 2331 3406 Signanter
2351 3319 2426 3388 dicit
2447 3319 2555 3400 mitto,

1595 3427 1669 3512 quia
1694 3433 1724 3494 et
1747 3435 1827 3494 tevine
1848 3427 1933 3494 dedit
1957 3427 2105 3514 Spiritum
2132 3417 2273 3494 sanctum
2297 3427 2330 3493 in
2352 3427 2447 3506 flatu,
2469 3427 2552 3496 sicut
2620 3415 2621 3420 ¹
2701 3421 2703 3424 ’

1595 3533 1711 3600 dicitur
1726 3533 1848 3602 loannis
1871 3535 2022 3620 vigesimo
2033 3535 2086 3620 122
2097 3559 2113 3592 «
2132 3533 2215 3600 Sicut
2231 3533 2318 3600 misit
2332 3551 2383 3600 rne
2398 3533 2505 3612 Pater,
2520 3541 2551 3600 et

1595 3657 1653 3724 ego
1676 3639 1768 3732 mitto
1790 3659 1854 3706 vos.
1878 3641 1957 3706 llaec
1979 3657 2052 3708 ovim
2070 3641 2214 3718 dixisset,
2239 3639 2409 3706 insufflavit
2440 3641 2469 3706 in
2499 3657 2552 3708 eos

1595 3745 1720 3812 dicens:
1744 3745 1879 3830 Accipite
1902 3745 2052 3830 Spiritum
2079 3751 2238 3824 sanctum3
2264 3763 2399 3830 quorum
2424 3743 2554 3810 remise-

1596 3849 1665 3916 ritis
1698 3859 1854 3936 peccata»
1886 3857 1944 3918 etc.
1975 3851 2037 3916 lloo
2062 3857 2120 3948 Ιθεῖ
2149 3851 2266 3916 donum
2298 3851 2488 3936 promissum
2519 3851 2555 3918 in

1595 3957 1784 4042 Scripturis;
1802 3957 1971 4025 Ezechielis
1988 3957 2147 4042 trigesimo
2162 3963 2255 4024 sexto
2268 3957 2310 4024 ¹³:
2331 3983 2352 4020 «w
2363 3957 2448 4024 Dabo
2463 3957 2553 4026 vobis

1597 4063 1742 4148 spiritum
1760 4083 1879 4132 novum
1891 4091 1905 4124 ε
1923 4071 1981 4132 ete,
2005 4063 2089 4130 llunc
2105 4063 2253 4148 spiritum
2270 4063 2336 4148 ipse
2353 4063 2446 4130 etiam
2462 4063 2553 4130 Chri-

1595 4177 1663 4238 stus
1688 4171 1870 4258 frequenter
1890 4169 2032 4256 promisit
2057 4171 2088 4234 in
2109 4169 2290 4254 Evangeli03
2316 4169 2438 4236 loannis
2457 4171 2553 4254 septt-

1595 4295 1665 4344 nro:
1698 4277 1786 4362 «Qui
1812 4277 1878 4344 sitit
1899 4277 2004 4344 veniat
2025 4277 2066 4342 ad
2087 4293 2138 4342 me
2159 4283 2192 4342 et
2213 4275 2301 4342 bibat
2317 4299 2351 4352 >³3
2377 4281 2406 4342 et
2432 4275 2553 4346 loannis

1595 4383 1717 4450 decimo
1741 4383 1869 4468 quinto:
1898 4409 1913 4442 «
1932 4383 2010 4450 Cum
2025 4381 2147 4450 venerit
2168 4381 2361 4461 Paracletus
2384 4399 2478 4468 quem
2496 4399 2553 4468 ego

1595 4489 1717 4558 mittam
1736 4489 1853 4558 vobisa
1878 4491 1981 4570 Patre,
2000 4489 2145 4574 spiritum
2162 4487 2304 4558 veritatis
2318 4515 2348 4552 v.
2374 4487 2460 4556 lluno
2477 4505 2553 4574 ergo
2571 4503 2702 4550 soranum.

1596 4603 1673 4664 tunc
1697 4597 1780 4664 dedit
1804 4597 1942 4676 occulte,
1965 4595 2020 4662 sed
2044 4600 2115 4682 post
2130 4597 2263 4662 daturus
2285 4599 2355 4662 erat
2378 4593 2554 4660 abundon-

1596 4709 1646 4768 ter
1668 4711 1700 4770 ct
1720 4711 1850 4788 operte,
1877 4699 1995 4770 scilicet
2016 4709 2086 4786 post
2110 4701 2214 4768 decern
2241 4689 2414 4780 dies14',in
2438 4699 2554 4786 quibus

1596 4825 1631 4874 se
1652 4807 1808 4876 debebant
1830 4809 1871 4876 ad
1892 4807 1977 4872 illam
2002 4807 2225 4890 plenitudinem
2251 4823 2449 4890 praeparare.

1688 4915 1738 4978 66.
1765 4911 1833 4978 ldeo
1857 4911 1980 4980 subdit:
2008 4913 2067 4976 Vos
2087 4919 2199 4976 untern
2222 4911 2323 4978 sedete
2347 4911 2382 4978 in
2406 4909 2552 4990 civitate,
2571 4925 2686 5024 vvplrtvga

1595 5017 1844 5104 θεῖ-6666666615
1858 5017 2052 5084 indicemini
2062 5017 2183 5082 uirtute
2193 5035 2234 5080 ccc
2246 5017 2320 5082 olto.
2334 5015 2504 5102 Gregorius
2514 5017 2552 5084 ¹⁶:

1670 5411 1775 5464 8ῖθῖε.
1799 5413 1839 5468 ll.
1858 5437 1890 5452 ·-
1912 5407 2028 5462 Subinde
2058 5409 2201 5472 allegantur
2231 5411 2286 5462 lsai.
2314 5409 2363 5474 43,
2390 5413 2415 5464 9.
2443 5425 2499 5478 seq.
2528 5419 2553 5466 et

1597 5499 1652 5554 Act.
1675 5501 1701 5566 l,
1724 5501 1749 5554 8.
2339 5497 2444 5554 ⁹Vers.
2466 5501 2553 5554 36-43.

1670 5587 1692 5618 1⁰
1710 5589 1800 5640 Glossn
1819 5587 1845 5638 in
1866 5587 1881 5654 g
1899 5587 1965 5640 ltcnt
1986 5583 2142 5650 ccrbornrn,
2157 5587 2190 5640 de
2203 5587 2313 5638 inutilib.
2333 5589 2446 5652 stipulat.
2471 5589 2554 5656 (insti-

1597 5677 1676 5740 nion,
1694 5677 1732 5728 lll.
1747 5677 1852 5730 institut.
1868 5675 1995 5740 imperial.
2013 5675 2052 5728 tit.
2071 5675 2124 5744 ab.)
2138 5679 2214 5728 testes
2230 5675 2337 5730 idoncos
2358 5683 2436 5728 vocat
2457 5677 2552 5730 <cononi

1597 5767 1750 5830 exceptione
1777 5767 1903 5828 maiores,
1932 5763 1959 5816 id
1979 5767 2024 5824 θεῖ,
2049 5763 2121 5830 <ruod
2148 5765 2219 5818 nulla
2244 5765 2361 5830 exceptio
2388 5765 2485 5830 poterit
2512 5767 2551 5818 eis

1597 5857 1738 5920 opponi»,

1670 5943 1690 5974 ¹1
1710 5945 1787 5998 Vera
1805 5947 1826 5996 l.
1840 5971 1876 5984 -
1887 5941 1939 5994 Cir.
1952 5955 2033 6008 sopra
2048 5955 2109 6008 pag.
2126 5941 2187 6006 538,
2199 5949 2259 5996 nota
2277 5945 2299 5996 l.
2312 5941 2394 5996 verba
2408 5943 2553 6008 Augustini.

1673 6031 1694 6062 ²2
1712 6033 1790 6084 Vers.
1809 6031 1898 6084 tvl-23.
1919 6031 1986 6082 Vide
2004 6043 2083 6094 supra
2104 6045 2129 6082 n.
2144 6031 2185 6094 48,
2199 6031 2245 6084 ubi
2263 6031 2386 6104 docetur,
2407 6033 2473 6082 hanc
2485 6029 2554 6082 Cirri-

1598 6121 1629 6172 sti
1649 6121 1839 6186 apparitionem
1865 6119 1975 6172 eundern
2001 6131 2060 6170 esse
2087 6131 2148 6170 curn
2177 6119 2234 6184 illa,
2252 6119 2287 6172 de
2313 6133 2366 6184 qua
2391 6121 2499 6170 loannes
2519 6121 2553 6170 lo·

1598 6209 1696 6274 quitur.
2108 6251 2110 6256 .

1671 6295 1692 6326 ¹³
1711 6295 1788 6350 Vens.
1807 6297 1897 6350 66-
1917 6297 1974 6348 liuo
1992 6307 2067 6360 seqq.
2086 6295 2134 6346 loci
2155 6299 2215 6346 sunt
2234 6297 2302 6346 loun.
2315 6293 2342 6358 7,
2355 6295 2398 6346 37.
2413 6299 2436 6346 θῖ
2451 6295 2496 6358 46,
2510 6297 2553 6346 36.

1635 6427 1644 6432 ..
1666 6383 1692 6434 ,14
1711 6385 1761 6436 Clr.
1782 6387 1836 6436 Art.
1859 6385 1887 6446 ῖ,
1908 6385 1933 6436 3.
1950 6397 2025 6450 seqq.
2046 6387 2070 6436 et
2090 6385 2119 6444 2,
2139 6383 2165 6434 l.
2182 6397 2255 6450 seqq.
2287 6441 2288 6446 ,

1671 6469 1692 6502 ¹⁵
1711 6473 1796 6526 Codd.
1814 6473 1895 6526 ACD
1916 6487 2064 6542 quousque,
2087 6473 2108 6524 H
2126 6469 2219 6526 dorvcc.

1672 6559 1693 6592 ¹⁶
1711 6561 1782 6614 Libr.
1802 6563 1827 6612 ll.
1847 6561 1940 6612 Homil.
1961 6561 1987 6614 in
2006 6563 2106 6626 Eveng.
2124 6559 2215 6616 lrornil.
2235 6563 2278 6616 36.
2291 6577 2315 6616 n.
2336 6563 2365 6616 3:
2388 6563 2468 6616 «Nisi
2486 6563 2553 6616 intus

1554 6717 1556 6720 Ι
1599 6651 1632 6704 sit
1655 6649 1699 6718 qui
1729 6649 1833 6714 doceat,
1854 6649 1968 6702 doctoris
1990 6649 2079 6718 lingna
2105 6649 2217 6704 exterius
2240 6651 2267 6702 in
2292 6665 2408 6704 vacuom
2426 6649 2553 6702 loborat...

1599 6739 1636 6790 De
1656 6741 1704 6790 trac
1724 6739 1846 6790 unctione
1864 6739 1976 6812 Spiritus
1994 6751 2087 6792 rursus
2105 6753 2154 6804 per
2172 6741 2294 6790 loannem
2314 6737 2343 6806 [l.
2361 6741 2393 6802 2,
2414 6737 2471 6806 ti]
2489 6739 2553 6790 diei·

1600 6833 1654 6880 tor:
1675 6825 1751 6880 Sicut
1768 6827 1859 6880 unctio
1876 6827 1932 6880 eins
1952 6825 2028 6882 docet
2050 6841 2097 6882 cos
2124 6827 2157 6882 de
2183 6825 2308 6882 omnibns
2320 6847 2345 6878 v.
2363 6829 2414 6880 Pro
2432 6825 2553 6892 Spiritus

1600 6915 1690 6970 vvtncno
1709 6915 1792 6970 CDG
1809 6913 1929 6982 Spiritus
1949 6915 2043 6972 cirins.
2062 6947 2098 6956 -
2117 6917 2239 6984 Sequitur
2258 6917 2347 6970 blattis.
2366 6917 2409 6978 lu,
2428 6915 2472 6966 20.
