5908 8266
1164 499 1201 568 ΙΝ
1224 499 1515 568 conuenientes
1540 505 1567 570 S.
1595 505 1818 574 sententiata
2427 505 2492 572 766

785 583 849 640 CON
2144 597 2211 654 cca

552 703 583 712 -
604 673 633 726 nt
648 673 715 728 inter
728 675 868 730 canonicos
884 673 1039 730 imminente
1052 679 1135 730 morte
1174 677 1248 742 bilis,
1275 675 1499 746 concupiscibilis,
1528 679 1667 732 irascibilis
1685 679 1713 730 31
1745 681 1813 732 ni
1853 681 1908 736 ium
1926 689 1967 736 est
1983 685 2197 748 gastrimargiae,
2225 685 2361 736 iactantiae
2389 685 2414 734 et
2436 681 2497 732 ma-

497 763 624 830 episcopi,
644 765 704 832 quis
717 763 813 820 debeat
824 763 953 830 praeponi
966 765 1009 828 716
1029 763 1134 818 660-36
1174 793 1209 806 -
1227 765 1437 820 Conversatiouis
1455 769 1578 820 leonastes
1592 767 1733 820 attenditur
1743 767 1813 820 circa
1852 769 1999 822 litiae-ibid.
2029 799 2062 808 -
2089 773 2115 822 fn
2140 771 2262 824 convivio
2291 769 2490 836 gastrimargiae

497 879 531 892 ι-
560 853 744 920 Apostolorum
767 869 819 908 non
847 853 973 906 trahenda
997 853 1023 904 in
1048 847 1134 904 exem·
1174 855 1300 908 exteriora
1317 853 1349 906 71
1371 859 1433 908 63
1805 855 1806 858 ’
1851 855 2022 908 dehonestata
2041 859 2145 910 luerunt
2162 871 2226 910 vasa
2243 859 2350 910 Domini
2366 853 2427 910 thid.
2454 883 2490 894 -

497 943 570 1006 plum
590 941 653 996 6616.
671 969 706 984 -
725 943 779 996 Non
800 949 839 996 ost
858 939 1057 994 adhaerendum
1076 955 1135 994 con·
1227 969 1263 982 -
1281 943 1374 998 Christi
1394 949 1450 996 erat
1474 943 1530 996 aliis
1556 943 1689 996 dissimilis
1705 943 1812 994 71633
1851 943 1876 994 66
1897 943 2020 996 convivio
2039 943 2174 994 iactantiae
2193 943 2400 996 interfectusest
2415 955 2488 1008 prae·

497 1029 604 1084 lentioni
623 1033 764 1086 carnalium
785 1029 846 1084 thid.
1173 1045 1206 1084 ν.
1222 1031 1254 1084 16
1271 1057 1309 1072 -
1326 1027 1356 1084 16
1372 1031 1442 1084 bona
1463 1031 1662 1084 conversatione
1673 1029 1746 1082 adest
1760 1029 1814 1096 Spi·
1851 1043 1941 1084 cursor
1961 1027 2053 1084 Christi
2072 1027 2134 1084 thid.
2147 1057 2182 1068 -
2194 1033 2223 1084 in
2235 1031 2357 1084 convivio
2376 1031 2490 1084 malitiae

525 1105 718 1174 ¹Corvrronxuo
738 1119 879 1172 *dicitur
891 1117 1041 1172 coniunctio
1053 1117 1134 1184 ligno·
1173 1119 1239 1174 ritus
1257 1121 1362 1174 Domini
1381 1121 1426 1174 716
1445 1121 1497 1174 633
1526 1121 1557 1174 13
1576 1147 1612 1160 -
1627 1119 1678 1170 Per
1697 1121 1813 1172 honesta·
1851 1115 2332 1172 666666666666666661.
2383 1135 2385 1142 ¹

496 1223 555 1262 rum
569 1209 605 1262 66
617 1207 819 1274 cooperiendam
839 1207 948 1260 domum
968 1207 1087 1260 76866.
1103 1207 1133 1260 18
1174 1213 1227 1262 166
1250 1209 1459 1264 conversationis
1486 1213 1684 1262 conformamur
1713 1205 1813 1262 Christo
1903 1233 1938 1248 ·-
1957 1207 2056 1258 nullutn
2076 1211 2157 1258 restat
2172 1213 2232 1272 post
2251 1219 2361 1258 coenam
2375 1205 2417 1258 766
2436 1203 2487 1258 370

551 1295 720 1350 6666666666
738 1325 773 1336 -
792 1295 1135 1360 661666666661666666-
1175 1297 1227 1350 336
1239 1297 1273 1350 66
1287 1327 1322 1336 -
1336 1297 1406 1352 bona
1419 1299 1534 1352 maxime
1545 1297 1686 1366 requiritur
1699 1297 1725 1348 in
1736 1309 1813 1360 prae·
1851 1295 1884 1348 36
1904 1323 1938 1336 -
1958 1295 2134 1348 abundantiae
2157 1295 2318 1360 promittitur
2337 1295 2488 1350 desideran-

497 1399 568 1444 mum
589 1383 693 1438 71166
713 1387 789 1438 631
811 1413 847 1422 --
866 1389 906 1436 est
924 1385 1006 1450 gratia
1025 1383 1071 1438 Dei
1091 1387 1135 1438 716
1173 1385 1355 1440 1611666336
1783 1405 1784 1408 ¹
1850 1383 1920 1438 tibus
1938 1381 2009 1438 bona
2028 1383 2170 1450 spiritualia
2191 1381 2242 1436 167
2267 1383 2308 1438 ta.
2332 1383 2381 1436 168
2400 1383 2433 1436 63
2453 1409 2490 1424 -·

497 1471 549 1524 163
567 1471 602 1524 36
615 1501 650 1510 -
663 1471 802 1526 Continens
818 1487 897 1526 uerno
911 1477 1065 1540 potestesse
1078 1475 1134 1528 sine
1226 1499 1260 1514 -
1280 1477 1364 1528 liores
1382 1477 1507 1528 honestae
1527 1473 1733 1530 conversationis
1751 1477 1813 1528 sunt
1850 1471 1953 1528 Christo
1965 1475 1993 1528 fit
2006 1471 2097 1538 triplex
2108 1471 2278 1536 convivium,
2289 1471 2487 1538 poenitentium,

496 1561 579 1624 gratia
600 1561 646 1612 Dei
666 1561 697 1612 76
719 1561 769 1612 166
789 1577 814 1612 6.
835 1561 864 1614 36
881 1561 1134 1616 -Continensnon
1173 1565 1251 1618 tiores
1270 1563 1302 1618 76
1323 1565 1374 1616 306
1394 1579 1419 1618 v.
1439 1565 1455 1616 3
1476 1591 1509 1602 -e
1529 1563 1812 1630 honestasignihcatur
1850 1561 2041 1628 proficientium
2060 1567 2088 1614 et
2104 1563 2282 1626 perfectorum
2296 1561 2329 1612 71
2348 1561 2395 1612 661
2418 1561 2489 1612 0-

488 1645 589 1714 ’666661
619 1661 748 1702 consensu
780 1650 821 1702 vel
846 1651 991 1714 voluntate,
1019 1651 1065 1704 sed
1097 1657 1135 1704 est
1173 1651 1269 1704 vellere
1288 1651 1376 1704 ovium
1398 1653 1449 1706 683
1470 1655 1484 1704 3
1503 1681 1540 1690 -
1557 1653 1607 1704 Ρ66
1625 1651 1810 1704 vestimentum
1849 1657 1957 1714 paratur
1973 1649 2157 1716 omnihusper
2169 1651 2297 1716 gemitum
2311 1649 2490 1716 compunctio·

495 1735 613 1788 mrrndus
630 1749 742 1802 corporo
760 1743 788 1792 et
805 1739 885 1792 corde
908 1739 957 1791 130
977 1753 1002 1792 v.
1028 1739 1058 1792 66
1091 1773 1095 1780 ,
1172 1737 1324 1804 intelligitur
1343 1741 1466 1792 honestas
1484 1739 1690 1792 conversationis
1709 1745 1812 1792 sauctae
1849 1739 2151 1794 6666616666711631
2175 1741 2209 1792 13

485 1873 489 1888 ,,
551 1851 585 1864 ··-
605 1825 694 1890 triplex
715 1825 852 1880 laudabilis
872 1829 968 1882 76163
987 1829 1134 1882 86-666-
1175 1827 1288 1878 761313
1307 1827 1350 1878 86.
1370 1825 1422 1878 336
1441 1827 1476 1880 66
1853 1855 1856 1864 ·
1903 1855 1938 1868 ·-
1961 1831 1995 1882 ln·
2013 1829 2142 1884 conviviis
2168 1831 2287 1882 virorum
2315 1827 2487 1894 spiritualium

424 1909 425 1912 ’
495 1913 537 1966 uis
554 1913 717 1978 significatur
735 1927 783 1978 per
801 1915 1023 1980 praecinctionem
1037 1915 1136 1966 intubo·
1226 1939 1262 1952 -··
1280 1911 1449 1966 Conversatio
1469 1915 1602 1968 mundana
1614 1915 1715 1966 inducit
1732 1915 1768 1966 ad
1780 1915 1812 1966 la·
1850 1915 1930 1968 verba
1952 1919 2094 1984 spiritualia
2107 1917 2240 1972 miscenda
2255 1923 2317 1972 sunt
2330 1917 2370 1970 716
2386 1917 2436 1968 366
2451 1915 2484 1968 36

496 2003 669 2054 66671638
688 2001 1063 2068 3-66666661661,661166
1078 2013 1136 2052 csse
1173 2013 1251 2066 psum
1273 2001 1365 2064 ctripae
1385 2001 1488 2054 71613
1520 2001 1672 2054 6-6761661
1691 2003 1727 2054 616
1744 2003 1812 2056 noci·
1902 2003 2052 2058 Convocatis
2072 2033 2106 2044 —
2126 2011 2163 2058 est
2176 2009 2299 2070 copulare
2313 2005 2346 2058 ad
2360 2005 2487 2058 unitatem

495 2089 644 2154 praemium
663 2089 733 2142 66166
749 2089 906 2142 continentis
923 2090 974 2141 133
992 2103 1021 2140 v.
1037 2089 1073 2140 63
1172 2101 1238 2140 vum
1258 2091 1305 2152 est,
1324 2089 1392 2140 sicut
1410 2089 1558 2140 conversari
1580 2103 1639 2140 curu
1659 2089 1812 2154 perniciosis
1849 2095 1875 2142 et
1893 2095 2100 2146 conformitatem
2120 2095 2217 2146 amoris
2234 2095 2279 2148 Vll
2297 2095 2349 2146 388
2372 2095 2403 2146 f8

550 2175 852 2230 Conrmoaus--Araro
862 2173 1074 2242 contingentibus
1083 2189 1136 2228 non
1173 2175 1326 2230 7166376
1346 2175 1575 2230 —cumviduis
1598 2175 1812 2242 reprehensibilis
1903 2179 2043 2234 66666666
2060 2209 2096 2218 -—-
2114 2181 2185 2234 Deus
2204 2187 2359 2248 cooperatur
2378 2185 2487 2234 naturae

494 2263 576 2316 debet
595 2265 661 2318 ratio
678 2265 845 2330 pronuntiari
858 2263 891 2314 76
911 2265 962 2316 363
982 2263 1016 2314 86
1036 2261 1092 2330 (83)
1106 2263 1135 2314 3*
1172 2271 1213 2318 666
1229 2269 1338 2330 propter
1354 2263 1532 2330 suspicionem
1550 2263 1773 2316 6616661366
1848 2269 2000 2330 cooperanti
2019 2269 2050 2320 76
2072 2269 2121 2320 338
2144 2269 2176 2320 36

549 2351 697 2406 66666666
719 2383 752 2392 -
779 2353 908 2416 significat
933 2351 1084 2404 avaritiam·
1100 2351 1134 2404 Vi
1226 2351 1365 2406 66666666
1385 2351 1812 2406 -6666666666666661661-
1902 2351 2135 2408 Coruinus-esf
2152 2355 2368 2408 6666663670
2384 2355 2434 2408 336
2450 2355 2483 2408 37

497 2439 585 2494 6877
818 2475 820 2482 ·
1172 2441 1281 2494 ferenda
1298 2441 1334 2494 de
1351 2441 1395 2494 die
1413 2441 1437 2494 in
1458 2441 1528 2494 diem
1547 2441 1582 2492 71
1601 2441 1635 2494 66
1654 2455 1680 2494 v.
1694 2439 1723 2496 6.
1743 2441 1812 2492 336
1847 2467 1884 2482 -
1901 2441 2041 2496 duodecim
2062 2443 2210 2508 significant
2221 2443 2362 2496 duodecim
2377 2445 2486 2508 Aposto-

549 2527 736 2584 6666666666
756 2559 790 2568 -
807 2545 862 2584 666
887 2535 926 2584 661
953 2529 980 2582 66
1008 2529 1038 2582 666
1066 2539 1135 2596 quae
1172 2531 1318 2596 -petitur
1337 2545 1350 2584 a
1364 2531 1418 2584 Deo
1432 2531 1476 2586 711
1497 2529 1530 2582 67
1542 2529 1578 2582 37
1595 2531 1719 2584 -Deos
1737 2535 1812 2584 sanat
1848 2529 1888 2584 los
1900 2529 1963 2584 thid,
1976 2561 2013 2570 --
2024 2531 2115 2596 repleti
2129 2537 2189 2584 suut
2202 2531 2353 2598 fragmentis
2367 2531 2485 2602 quinque

495 2635 550 2674 non
567 2623 719 2672 referuntur
735 2621 770 2674 66
783 2619 854 2674 6666
867 2623 973 2684 ternpus
985 2619 1019 2672 76
1037 2617 1087 2670 663
1100 2617 1134 2670 30
1172 2633 1315 2674 conversos
1334 2619 1366 2672 ad
1388 2633 1449 2672 euru
1468 2619 1501 2672 71
1524 2617 1575 2672 633
1594 2619 1627 2670 63
1642 2647 1675 2660 ·-
1694 2621 1764 2672 Dum
1777 2623 1812 2670 fa·
1847 2633 1948 2684 panum
1961 2621 2178 2686 hordeaceorum,
2191 2621 2269 2674 idest
2281 2621 2398 2674 doctrina
2411 2621 2486 2686 quin·

496 2737 534 2750 -
551 2711 616 2762 inter
642 2707 843 2762 contradictorie
865 2709 986 2774 opposita
1015 2707 1078 2762 nihil
1096 2713 1136 2762 est
1172 2709 1226 2762 cies
1244 2709 1339 2762 mentis
1355 2715 1462 2762 nostrae
1479 2707 1515 2760 ad
1532 2707 1615 2762 Deum
1637 2707 1810 2770 convertitur,
1847 2721 1901 2776 que
1918 2707 2046 2762 librorum
2075 2711 2155 2776 Moysi
2183 2707 2246 2764 thid.
2265 2737 2298 2748 --
2318 2711 2366 2762 Per
2385 2709 2489 2764 duode-

496 2797 801 2852 66666671113816
1172 2797 1346 2862 illuminatur,
1374 2797 1527 2850 melioratur
1552 2805 1579 2850 et
1604 2797 1740 2862 perficitur
1769 2797 1811 2848 Vll
1847 2797 1900 2852 cim
1931 2797 2059 2862 cophinos
2090 2801 2297 2864 fragmentorum
2323 2797 2485 2862 sigofncatur

549 2885 1136 2952 6666616666-66616666666666666666-
1172 2887 1224 2944 ast
1244 2887 1278 2940 66
1297 2915 1333 2926 -
1350 2887 1457 2940 Homini
1475 2899 1602 2938 conv‘erso
1628 2887 1661 2938 ad
1679 2885 1812 2938 Christum
1847 2885 1966 2942 doctrina
1985 2887 2169 2952 Apostolorum
2190 2887 2222 2940 71
2243 2887 2288 2938 331
2316 2887 2356 2940 13.
2378 2887 2429 2938 333
2450 2887 2483 2938 33

495 2981 556 3028 sunt
575 2989 633 3028 esse
652 2977 674 3028 in
694 2977 789 3028 eodem
809 2977 843 3028 Vl
860 2977 895 3028 86
913 2989 938 3040 q.
955 2975 1135 3030 ——Contraria
1172 2983 1199 3028 et
1216 2977 1275 3028 foce
1292 2977 1349 3030 eius
1367 2977 1513 3028 illuminato
1538 2977 1603 3028 nihii
1631 2989 1689 3028 esse
1706 2975 1812 3028 videtur
1872 2989 1873 2992 ¹
1901 2975 1999 3030 Coram
2015 3003 2053 3014 -
2071 2977 2197 3028 mentium
2214 2975 2327 3028 sanctior
2344 2981 2385 3028 est
2401 2987 2485 3040 qtram

496 3063 575 3116 simul
595 3077 723 3116 essenon
740 3071 851 3130 possunt
870 3065 912 3116 716
931 3065 982 3116 333
1003 3063 1038 3116 76
1172 3071 1304 3118 terrenum
1325 3067 1375 3118 133
1397 3065 1428 3118 69
1847 3077 1990 3130 corporum
2010 3065 2053 3116 711
2073 3063 2124 3118 337
2143 3065 2177 3116 63

502 3185 503 3188 ,
549 3179 586 3190 —-
604 3149 737 3204 Contraria
758 3165 810 3204 non
824 3151 1068 3204 habentortumab
1083 3167 1135 3208 uno
1226 3181 1259 3190 -
1279 3153 1396 3206 Perfecta
1408 3153 1545 3206 conversio
1558 3153 1592 3206 ad
1604 3151 1736 3208 Christum
1750 3165 1812 3206 con·
1901 3153 1955 3208 Coa
1970 3181 2009 3190 —
2025 3157 2067 3206 est
2084 3153 2110 3204 in
2129 3153 2216 3208 medio
2235 3153 2269 3206 ad
2293 3151 2484 3206 vivificandum

482 3239 636 3304 principio,
654 3253 704 3292 nec
722 3253 804 3292 unum
834 3237 866 3292 ab
896 3235 1134 3306 6666711666
1172 3241 1238 3316 sistit
1257 3241 1281 3292 in
1301 3243 1440 3296 aversione
1459 3257 1472 3294 6
1491 3247 1599 3306 peccato
1618 3241 1812 3306 perpoeniten-
1847 3241 1949 3298 71661
1973 3241 2007 3294 66
2024 3269 2062 3280 -
2079 3241 2100 3292 Α
2120 3241 2207 3308 corde,
2225 3241 2298 3310 quod
2327 3247 2366 3294 est
2384 3241 2412 3292 iti
2428 3253 2486 3292 cen·

407 3349 411 3360 ·
473 3341 553 3392 arg.
572 3325 861 3382 -Licitumestveifa
875 3325 1135 3390 contraria,ubinon
1172 3331 1234 3382 tiam
1255 3333 1280 3382 et
1297 3329 1325 3380 in
1343 3331 1517 3382 conversione
1535 3331 1570 3382 ad
1587 3331 1681 3382 Deum·
1696 3343 1744 3394 per
1768 3329 1812 3382 lte·
1847 3335 1902 3394 tro,
1921 3337 2011 3382 manat
2027 3329 2115 3382 666666
2138 3330 2208 3382 calor
2233 3331 2260 3382 in
2283 3333 2367 3382 totum
2387 3341 2486 3394 corpus

497 3421 568 3482 patet
587 3415 675 3468 divina
694 3415 814 3468 voluntas
833 3415 913 3482 836.
1171 3417 1345 3470 nevolentiam
1365 3419 1410 3472 Vll
1428 3419 1477 3470 683
1499 3417 1531 3468 67
1557 3445 1592 3456 -
1616 3421 1729 3484 perfecta
1759 3423 1813 3482 est,
1849 3419 1893 3472 711
1912 3419 1963 3472 363
1985 3417 2019 3470 67
2036 3445 2073 3456 -
2090 3419 2179 3470 calens
2197 3423 2279 3472 66166
2303 3415 2418 3470 calefacit
2431 3429 2487 3470 cor-

549 3503 684 3556 6666666
704 3533 738 3542 -
757 3505 838 3556 Dolor
854 3503 1137 3556 contritionisestme-
1172 3517 1234 3556 cunr
1255 3505 1391 3568 diligimus
1408 3505 1493 3558 Deum
1513 3511 1537 3558 et
1556 3505 1812 3570 rediligimurabeo
1847 3521 1899 3570 pus
1917 3505 1980 3562 ibid.
1999 3535 2032 3546 ·-
2052 3505 2173 3560 divinum
2192 3505 2485 3560 dcihcumfacithomi-

497 3593 585 3646 dicioa
602 3591 793 3658 praeparativa,
811 3605 861 3658 per
880 3597 1080 3658 qnarnsanatur
1099 3591 1136 3644 in·
1173 3595 1224 3644 686
1244 3591 1278 3646 76
1545 3649 1550 3662 ¹
1847 3607 1909 3646 nem
1929 3591 1991 3646 ibid.

497 3681 712 3736 6666671661
741 3683 812 3734 3-
830 3679 984 3746 producitur
1008 3693 1023 3732 a
1045 3679 1135 3736 divina
1224 3707 1262 3720 -
1278 3679 1424 3746 peccatoris
1442 3679 1812 3734 adDeunaeslmaxinreuti·
1901 3711 1937 3722 --
1955 3681 2068 3736 hominis
2084 3679 2196 3748 quiescit
2206 3681 2235 3732 in
2254 3679 2355 3734 Christo
2374 3679 2418 3732 711
2432 3679 2484 3734 660

496 3773 579 3838 gratia
598 3785 647 3838 per
662 3769 744 3824 tidem
764 3771 807 3824 716
828 3771 879 3824 633
897 3769 931 3822 37
1171 3767 1370 3822 1667161737
1390 3771 1514 3824 -Deus
1535 3769 1698 3822 convertitur
1718 3769 1754 3822 ad
1781 3783 1810 3822 se
1847 3771 1883 3824 66
1900 3799 1939 3810 -
1958 3783 2011 3822 666
2031 3775 2163 3822 saturator
2182 3767 2261 3822 rebus
2285 3769 2409 3832 candide,
2435 3769 2483 3822 sed

549 3887 586 3902 -
603 3867 644 3914 est
661 3859 797 3914 infirmitas
817 3871 915 3926 poenae
929 3863 1035 3912 causata
1052 3859 1087 3912 ab
1100 3859 1136 3912 in·
1172 3863 1352 3912 convertentes
1371 3859 1404 3910 71
1423 3859 1473 3910 363
1493 3857 1527 3910 76
1847 3857 1987 3914 dulcedine
2004 3859 2091 3912 divina
2106 3859 2138 3912 71
2157 3859 2192 3910 67
2208 3871 2238 3926 q.
2252 3861 2267 3910 3
2281 3857 2310 3910 3*
2321 3885 2359 3900 -·
2371 3871 2424 3910 non
2441 3871 2484 3910 sa·

404 3971 405 3974 ¹
496 3949 584 4004 teriori
603 3949 636 4002 71
655 3949 740 4002 6663
770 3975 804 3986 --
830 3951 951 4000 causatur
968 3961 1001 4000 ex
1019 3947 1136 4000 conside
1224 3975 1261 3986 -
1277 3947 1383 4000 Frustra
1400 3947 1563 4004 convertitur
1574 3947 1620 4014 qui
1634 3961 1688 4000 non
1705 3961 1810 4012 perma·
1846 3952 1948 4002 turatru
1964 3949 2023 4000 visu
2044 3953 2070 4000 et
2087 3947 2179 4002 audito
2196 3945 2259 4000 ibid.

495 4041 596 4092 ratione
613 4037 654 4090 sui
672 4035 734 4090 thid.
756 4035 807 4088 607
828 4038 837 4089 6
860 4063 896 4074 ·-
914 4033 1080 4090 Contritionis
1097 4035 1135 4088 in·
1172 4033 1810 4090 6617136377-1666666661666666666666
1899 4067 1935 4078 -
1953 4035 2049 4102 duplex
2068 4039 2119 4104 est,
2136 4035 2244 4102 quando
2267 4039 2357 4100 partes
2373 4033 2430 4086 eius
2447 4033 2484 4086 ad

495 4127 613 4194 dignatio
633 4129 720 4180 contra
739 4126 845 4190 culpam
857 4123 930 4176 venit
941 4139 970 4178 cx
983 4123 1136 4188 cognitione
1172 4123 1198 4176 in
1216 4123 1260 4176 die
1277 4123 1367 4178 iudicii
1381 4123 1641 4188 comprehenduntur
1654 4125 1762 4178 761337
1774 4125 1810 4178 63
1847 4123 1952 4178 diversa
1983 4127 2100 4176 feruntur
2127 4123 2316 4190 principaliter,
2343 4123 2417 4192 quod
2443 4127 2484 4176 est

497 4217 529 4268 63
548 4231 577 4268 v.
596 4215 639 4266 18.
658 4215 724 4266 306
1055 4241 1056 4244 =
1092 4253 1093 4258 1
1223 4243 1260 4252 -
1286 4213 1441 4278 Exemplum
1467 4213 1647 4266 conversionis
1674 4213 1811 4268 exhibetur
1847 4213 1951 4268 occasio
1969 4213 2061 4266 mortis
2079 4211 2220 4278 spiritualis
2240 4213 2271 4264 71
2293 4212 2337 4265 111
2363 4225 2388 4264 v.
2414 4213 2424 4264 1
2447 4239 2486 4254 -

547 4333 585 4370 ὴ-
600 4309 642 4356 661
654 4309 828 4370 unguentum,
839 4315 894 4368 quo
906 4307 1040 4368 unguntur
1051 4301 1136 4366 pedes
1163 4303 1199 4354 -in
1215 4303 1317 4356 latrone
1334 4315 1462 4354 converso
1484 4303 1525 4358 711
1544 4303 1595 4354 680
1616 4303 1644 4354 66
1667 4331 1703 4342 -
1720 4303 1751 4356 61
1762 4315 1811 4368 per
1846 4303 1977 4356 finitatem
1997 4301 2084 4354 cordis
2102 4301 2198 4354 faciunt
2216 4301 2283 4354 fides
2302 4301 2328 4354 in
2351 4301 2484 4366 rationali,

495 4393 591 4448 Christi
608 4393 644 4444 71
662 4391 714 4444 613
734 4391 775 4444 10.
789 4391 841 4444 633
861 4405 888 4444 v.
908 4393 971 4442 3-
985 4391 1135 4444 debetesse
1171 4391 1316 4444 intellectus
1333 4391 1538 4456 captivationem
1558 4391 1590 4444 76
1610 4391 1662 4444 603
1682 4391 1715 4444 36
1734 4393 1811 4444 -tit
1847 4391 1941 4444 caritas
1958 4389 1986 4442 in
2004 4389 2214 4456 concupiscibili,
2234 4403 2283 4454 pax
2309 4389 2335 4440 in
2361 4389 2485 4442 irascibili

495 4479 657 4534 66666666
677 4481 693 4532 3
715 4507 754 4518 -
780 4477 946 4532 666166166666
969 4471 1135 4544 unguentum
1171 4495 1219 4546 per
1238 4479 1461 4546 praedicationem
1479 4479 1567 4546 ¹verbi
1584 4479 1630 4532 Dei
1649 4479 1698 4534 661
1721 4483 1756 4534 33
1772 4507 1809 4518 -
1846 4477 1908 4532 ibid.
1933 4505 1969 4518 -
1994 4483 2031 4530 est
2060 4477 2110 4542 ibi,
2137 4477 2184 4532 tabi
2211 4483 2251 4530 est
2277 4479 2416 4530 thesaurus
2438 4479 2484 4534 716

495 4555 1135 4634 coniiciturexspeciebusviiissimis,idestpro·
1172 4567 1274 4620 animae
1302 4567 1456 4634 designator
1481 4567 1508 4620 in
1535 4581 1645 4622 ascensrr
1673 4567 1822 4630 naviculae
1847 4567 1952 4618 33367

494 4661 559 4726 priis
578 4655 876 4724 6666616671168673
974 4707 975 4710 ,
1171 4657 1286 4708 711300
1307 4657 1338 4708 63
1817 4681 1819 4684 -
1898 4681 1936 4696 -·
1957 4659 2082 4720 pensatur
2101 4669 2116 4708 a
2133 4655 2189 4706 Deo
2207 4653 2295 4718 magis
2315 4669 2395 4720 quarn
2421 4651 2486 4708 sub·

547 4775 585 4788 --
602 4746 632 4799 in
649 4745 801 4800 contritione
820 4749 858 4798 est
877 4745 1004 4810 gaudium
1022 4745 1134 4798 etdofor
1173 4779 1175 4782 -
1222 4771 1260 4786 -··
1277 4747 1371 4810 Magna
1389 4745 1440 4798 erit
1465 4743 1580 4810 dignitas
1604 4745 1638 4798 de
1664 4743 1809 4798 multorum
1846 4743 1941 4796 616666
1957 4743 2001 4796 716
2020 4743 2067 4796 631
2092 4743 2410 4796 3-Fervoremcordis
2429 4757 2486 4796 rna·

495 4837 529 4890 71
549 4837 579 4890 31
601 4849 630 4888 v.
649 4837 663 4886 8
683 4861 718 4874 -
737 4833 1032 4900 6666606166716136
1052 4833 1135 4886 37-
1170 4833 1342 4888 66666666666
1361 4833 1404 4888 766
1426 4833 1476 4884 683
1496 4833 1528 4886 38
1547 4859 1583 4872 ·-
1602 4833 1689 4900 Quare
1705 4833 1809 4886 animae
1847 4831 1887 4894 gis
1919 4837 2036 4898 acceptat
2064 4831 2134 4886 Deus
2167 4843 2248 4900 quarn
2272 4831 2483 4896 magnitudinem

495 4925 543 4978 Per
563 4923 745 4978 contritionem
764 4921 891 4976 scinditur
908 4935 955 4976 cor
972 4923 1008 4976 71
1027 4921 1079 4974 666
1097 4921 1115 4972 3
1171 4933 1314 4974 conversae
1337 4921 1374 4974 de
1399 4917 1522 4986 gentibus
1550 4921 1675 4974 dicuntur
1691 4921 1809 4986 quinque
1846 4921 1962 4974 muneris
1982 4921 2033 4972 633
2054 4921 2068 4972 6

505 5039 507 5042 -
547 5041 584 5056 -
607 5015 654 5064 Ρ66
683 5011 862 5066 contritionem
890 5013 993 5064 lavatur
1022 5025 1068 5064 cor
1099 5011 1133 5064 76
1170 5007 1205 5064 66.
1223 5011 1257 5062 33
1897 5009 2051 5062 -durum
2069 5009 2196 5074 liguratur
2215 5023 2231 5062 6
2249 5009 2379 5074 petravff
2400 5011 2481 5062 1313

495 5101 546 5156 660
569 5105 579 5156 1
601 5129 638 5142 ·-
655 5101 734 5154 Dolor
753 5101 914 5156 contritionis
933 5101 1044 5154 mundat
1061 5099 1134 5164 spiri·
1222 5101 1312 5152 -ad
1329 5095 1808 5152 16666666666666166166671160
1847 5123 1881 5136 -
1898 5097 1999 5152 Duritia
2016 5099 2107 5152 cordis
2123 5099 2183 5152 facit
2204 5097 2290 5150 Deum
2310 5111 2362 5150 non
2380 5099 2484 5164 timere,

495 5191 597 5244 toaiitcr
616 5191 683 5242 sicut
701 5205 770 5258 aqua
788 5191 844 5242 600
862 5191 879 5242 6
895 5215 932 5230 —·
949 5195 989 5242 est
1007 5203 1076 5256 aqua
1095 5191 1133 5242 66-
1169 5201 1197 5242 v.
1216 5189 1250 5242 10
1845 5187 1892 5242 666
1911 5187 2000 5254 potius
2017 5191 2186 5242 contemnere
2205 5185 2255 5238 663
2270 5187 2286 5238 6
2299 5213 2334 5226 -
2347 5199 2425 5240 omne
2442 5191 2485 5240 est

495 5293 561 5332 vaus
578 5279 613 5332 ad
639 5279 854 5332 emundationem
879 5279 963 5332 sordis
992 5277 1044 5332 633
1063 5293 1077 5330 6
1096 5305 1133 5320 -·
1222 5277 1340 5332 Convicia
1360 5305 1394 5320 -·
1422 5277 1564 5332 biirabilius
1590 5283 1643 5342 est,
1671 5277 1807 5330 hominem
1845 5289 1959 5330 vacuum
1987 5277 2044 5330 sine
2069 5277 2178 5330 caritate
2194 5275 2246 5328 386
2276 5277 2304 5328 31
2332 5303 2367 5314 -6
2394 5273 2482 5330 Cordo

495 5375 533 5420 est
564 5381 637 5420 mare
668 5367 856 5422 transeundum
887 5365 921 5422 ab
948 5365 1132 5434 incipientibus
1169 5367 1288 5420 convicia
1316 5381 1425 5432 passum
1451 5381 1506 5420 non
1524 5367 1640 5430 moveri,
1661 5379 1742 5434 quarn
1760 5367 1808 5418 ho·
1844 5365 1911 5420 dura
1929 5371 2059 5432 respuunt
2075 5365 2210 5420 caritatem
2229 5363 2292 5420 ibid

494 5455 546 5506 637
567 5457 582 5506 3
1169 5455 1265 5508 61666
1284 5457 1451 5508 volneratum
1470 5461 1497 5508 et
1518 5469 1676 5520 percussum
1693 5469 1746 5508 non
1763 5467 1808 5506 ca·
1897 5455 1998 5510 Coanxn
2015 5485 2052 5496 -
2068 5455 2270 5510 66166666666
2289 5459 2344 5508 erat
2356 5455 2480 5518 reposito·

547 5569 582 5580 κ-
600 5541 629 5594 16
646 5543 802 5610 contritione
814 5543 957 5596 suscitatus
975 5545 1026 5596 exit
1045 5543 1079 5596 de
1091 5557 1132 5596 sc·
1169 5543 1365 5596 6666711673
1383 5545 1419 5596 68
1632 5571 1635 5578 ,
1844 5543 1914 5596 rium
1933 5543 2089 5608 deputatum
2108 5545 2141 5596 ad
2166 5543 2310 5596 oblationes
2328 5557 2376 5608 pro
2397 5555 2481 5596 sacer·

496 5631 586 5696 pulcro
606 5629 703 5682 76631
728 5631 800 5682 3-
818 5631 866 5684 Ρ66
878 5631 1060 5684 contritionem
1072 5645 1132 5698 pec·
1221 5629 1380 5686 6666666666
1410 5661 1446 5672 -
1476 5631 1619 5686 Convictus
1645 5637 1685 5686 est
1710 5635 1807 5698 horno,
1844 5631 1950 5686 dotibus
1969 5635 2011 5686 vei
2040 5633 2142 5686 votivas
2171 5631 2205 5684 Vi
2234 5633 2286 5686 363
2314 5633 2349 5686 36
2367 5661 2402 5670 -·
2420 5629 2481 5686 Cor·

496 5715 744 5782 catoresincipiont
761 5719 861 5770 66166
879 5719 953 5770 odire
971 5719 1024 5770 386
1044 5719 1077 5770 38
1095 5749 1132 5758 ·-
1169 5719 1275 5786 quando
1294 5719 1382 5774 delicit
1409 5721 1450 5774 via
1480 5719 1566 5788 aliqua
1595 5721 1628 5774 ad
1651 5719 1805 5786 fugiendum
1844 5719 1915 5774 bona
1932 5725 1973 5774 est
1994 5735 2054 5776 arca
2078 5721 2178 5776 habens
2205 5725 2324 5776 foramen
2352 5721 2479 5788 desuper,

480 5833 529 5872 ,ε-
548 5809 596 5860 Per
618 5805 799 5860 contritionem
823 5809 946 5870 peccator
964 5807 1079 5872 resurgit
1106 5815 1132 5862 et
1169 5807 1283 5862 716360
1305 5809 1336 5860 10
1843 5809 1871 5860 66
1881 5823 1935 5876 qua
1947 5809 2085 5862 mittebant
2097 5809 2245 5864 sacerdotes
2257 5809 2398 5876 pecunias,
2410 5823 2481 5878 quae

495 5897 564 5950 levat
581 5899 661 5962 caput
679 5907 693 5946 a
711 5898 778 5948 terra
799 5893 841 5948 711
862 5893 912 5946 173
932 5895 965 5946 33
1222 5893 1364 5948 Convrvrou
1382 5923 1418 5934 —
1435 5893 1582 5948 Convivare
1601 5899 1640 5948 est
1658 5895 1802 5948 communi·
1844 5897 2073 5962 congregabantur
2099 5899 2132 5950 ad
2151 5899 2310 5952 necessarios
2334 5913 2398 5952 usus
2416 5903 2481 5950 tem·

548 5979 1132 6046 66666666-666166666666666166666
1169 5985 1207 6034 ter
1226 5981 1340 6034 6161661
1358 5983 1431 6034 refici
1450 5983 1482 6034 Vl
1502 5983 1553 6034 163
1565 5995 1593 6034 v.
1607 5983 1622 6034 0
1635 5983 1728 6034 -hd
1745 5995 1806 6034 con·
1843 5983 1878 6048 pli
1898 5985 1941 6038 711
1961 5985 2010 6038 630
2033 5987 2043 6038 1

495 6075 526 6128 sti
546 6077 577 6128 71
597 6073 649 6126 367
670 6071 712 6124 67.
731 6073 782 6126 363
803 6069 836 6124 76
858 6097 890 6110 --
910 6069 948 6122 De
966 6071 1131 6124 contumeliis
1169 6069 1270 6122 viviom
1283 6067 1393 6122 invitare
1412 6073 1487 6122 notos
1504 6085 1557 6124 non
1569 6073 1611 6122 est
1620 6073 1710 6122 contra
1730 6083 1806 6136 prae·
1895 6071 2479 6138 66666ω661666661666616666676

496 6177 549 6216 non
568 6168 608 6215 est
625 6161 771 6216 curandum
791 6161 834 6212 761
860 6157 964 6212 66677
983 6187 1018 6196 -·
1037 6157 1132 6224 probat
1169 6163 1273 6226 ceptum
1293 6157 1336 6208 Vll
1357 6157 1408 6208 367
1427 6157 1461 6208 37
1844 6157 1876 6208 33
1898 6157 1948 6210 136
1962 6161 2271 6226 -766,66666666166
2288 6159 2479 6222 1638666666,

482 6235 645 6320 ¹patientiam
665 6251 759 6304 Christi
776 6249 810 6304 71
829 6247 928 6300 1366.
947 6247 980 6298 13
1221 6271 1256 6298 --,
1273 6245 1401 6298 166666
1420 6245 1537 6298 convivii
1555 6245 1723 6300 inveniuntur
1733 6243 1804 6298 oble·
1844 6243 1890 6298 fuit
1910 6259 1990 6300 cornu
2008 6243 2071 6298 tetd.
2090 6271 2125 6284 -
2144 6247 2190 6298 Per
2210 6259 2292 6298 cornu
2304 6247 2396 6298 salutis
2408 6247 2481 6298 intel·

548 6337 723 6392 Cournnaauo
736 6343 821 6394 -est
833 6335 1010 6402 impatientiae
1022 6341 1049 6388 et
1059 6349 1132 6390 com·
1169 6331 1351 6388 6166661671
1370 6331 1405 6386 66
1424 6345 1450 6384 6.
1471 6333 1486 6384 3
1505 6361 1541 6372 —
1559 6333 1714 6386 iudaeorum
1733 6337 1805 6386 erant
1843 6331 1932 6398 ligitur
1948 6337 2064 6398 potestas
2083 6333 2176 6388 Christi
2194 6335 2356 6398 resurgentis
2372 6331 2435 6388 ibid.

495 6427 625 6496 passionis
642 6427 677 6480 71
695 6427 731 6480 67
748 6427 806 6494 (pf
1169 6423 1302 6498 frixuriosa
1320 6421 1353 6472 86
1373 6433 1399 6472 6.
1421 6421 1451 6472 13
1672 6445 1673 6448 ¹
1895 6421 1995 6476 Conona
2013 6449 2050 6460 -
2067 6425 2108 6474 est
2123 6421 2231 6486 signum
2248 6421 2382 6486 regaler
2397 6421 2479 6474 6303
2553 6421 2556 6424 ’

548 6515 691 6570 convertero
707 6545 744 6556 -
761 6523 802 6570 est
818 6515 928 6582 simplex
943 6515 1084 6582 promissio
1098 6517 1130 6570 111
1156 6571 1157 6574 ¹
1221 6541 1261 6552 --Ι
1275 6509 1424 6562 indifferens
1445 6513 1485 6562 est
1511 6509 1690 6562 familiaritatis
1715 6513 1804 6564 huma·
1842 6535 1878 6550 -·
1895 6509 1986 6576 spinea
2003 6515 2059 6562 erat
2078 6509 2112 6562 de
2128 6509 2214 6562 iuncis
2231 6509 2340 6562 marinis
2356 6505 2420 6562 ibid.

469 6627 470 6632 ¹
496 6607 548 6660 183
560 6619 585 6658 6.
606 6607 634 6658 31
1169 6619 1218 6660 nae
1245 6599 1289 6654 761
1313 6599 1366 6652 367
1389 6601 1424 6650 38
1441 6625 1479 6640 -
1495 6597 1596 6652 bonum
1622 6601 1716 6664 triplex
1742 6595 1804 6652 t'bt‘d.
1894 6627 1931 6640 -
1947 6613 2046 6664 magna
2067 6597 2178 6652 debetur
2205 6595 2331 6662 operibus
2356 6595 2484 6648 aedifica-

548 6693 882 6752 Cutvvnttsnrto-Debitus
891 6697 1063 6752 conversandi
1076 6711 1131 6750 mo·
1168 6721 1203 6736 -
1222 6689 1371 6744 indifferens
1392 6687 1564 6754 permittitur,
1594 6687 1691 6740 mulum
1719 6687 1805 6754 prohi-
1842 6687 1920 6742 tionis
1943 6689 1988 6742 vll
2012 6685 2063 6740 tal
2084 6689 2099 6740 6
2117 6685 2240 6738 —vitae
2267 6689 2416 6750 perpetuae
2429 6689 2487 6736 est
2533 6691 2534 6694 ’

495 6787 546 6840 666
563 6787 693 6854 respicere
711 6785 792 6842 debet
803 6793 889 6843 actum
903 6781 1006 6842 virtutis
1018 6787 1130 6842 rationa-
1168 6785 1255 6850 betur,
1284 6783 1310 6832 et
1336 6777 1436 6832 bonum
1465 6775 1590 6832 suadetur
1611 6773 1673 6830 ibid.
1697 6803 1734 6816 —
1750 6789 1804 6830 rua·
1841 6773 2340 6846 6666666666616666711336.3
