5908 8266
485 611 550 708 333
1343 625 1459 692 innox
1481 627 1610 694 3344343

772 713 831 764 84411
2129 705 2178 760 SiC

539 803 634 848 —est
652 801 803 854 sensualitas
824 793 855 854 44
875 799 926 852 633
948 801 978 854 46
998 827 1033 838 -
1051 799 1127 864 igniti
1162 801 1260 854 multos
1277 799 1337 854 lacit
1354 815 1448 854 servos
1463 805 1519 852 tom
1538 801 1628 866 quoad
1646 801 1726 854 vitam
1742 801 1800 852 acti·
1889 827 1927 840 -
1945 797 2025 848 Servo
2047 807 2093 848 suo
2112 795 2182 846 43333
2193 795 2315 858 providet
2325 795 2473 852 necessaria

487 889 548 936 33434
578 891 663 938 motus
692 887 939 952 concupiscentiales
960 887 986 938 in
1007 889 1128 940 sensuali·
1161 901 1233 954 vam,
1245 893 1299 940 tom
1310 887 1682 956 333363334343343444344444
1695 889 1728 938 33
1739 889 1799 938 4.8
1836 887 1955 942 Vlietl
1986 883 2016 936 43
2035 911 2072 922 -··
2097 881 2142 934 bei
2173 881 2251 934 hehet
2270 885 2358 938 Deum
2380 889 2406 936 34
2430 887 2474 938 ha·

392 1013 394 1018 .
487 977 540 1024 tate
557 971 619 1026 thid.
1215 1001 1254 1014 —
1270 989 1319 1040 per
1335 975 1417 1028 tiliom
1437 975 1536 1040 indiget
1564 975 1668 1028 liberari
1696 975 1728 1027 41
1749 975 1800 1028 364
1835 973 1912 1028 betur
1926 989 1941 1026 a
1953 973 2007 1024 4333
2020 977 2048 1024 34
2060 969 2136 1024 habet
2148 983 2217 1034 quae
2231 969 2310 1024 habet
2320 971 2390 1024 Deos
2410 971 2473 1026 4446.

540 1087 577 1100 -
594 1061 738 1112 contrarios
759 1067 796 1112 est
815 1061 876 1114 lidei
896 1061 939 1114 444
959 1061 1011 1112 384
1029 1061 1064 1112 33
1156 1061 1416 1128 ,49--1334344436
1436 1061 1594 1128 3344334344,
1615 1063 1801 1128 qoamvalent
1889 1091 1925 1100 -
1944 1059 2031 1112 Servis
2046 1057 2090 1112 1334
2104 1055 2262 1124 promittitur
2276 1059 2426 1124 praemium
2440 1061 2474 1110 41

542 1147 660 1202 83343444
679 1149 849 1202 -Christos
878 1149 992 1202 servavit
1016 1147 1128 1214 discipu·
1161 1149 1275 1202 444433
1297 1151 1326 1202 34
1835 1147 1965 1202 5464-
1979 1147 2067 1200 Servis
2084 1145 2245 1212 promittitur
2261 1159 2373 1212 reguum
2389 1145 2472 1198 6383

486 1235 528 1290 133
554 1235 582 1290 43
607 1235 727 1298 nomine,
759 1239 783 1288 in
801 1239 900 1290 virtute
916 1243 944 1290 34
960 1237 996 1290 ad
1014 1239 1126 1302 gloriam
1214 1265 1251 1274 —
1268 1237 1320 1304 Qoi
1345 1237 1419 1302 prius
1448 1239 1554 1288 inerunt
1575 1235 1645 1290 servi
1664 1251 1680 1288 a
1698 1235 1800 1290 Christe
1835 1263 1872 1276 -
1890 1235 1941 1302 Qui
1958 1235 2040 1286 servit
2058 1235 2112 1286 4333
2124 1237 2232 1300 propter
2245 1233 2392 1288 mercedem
2408 1241 2474 1288 tem-

487 1323 624 1376 Patris'Vi
647 1321 698 1376 473
716 1323 751 1376 34
769 1351 806 1364 -
823 1325 898 1376 Pater
915 1325 1032 1376 servavit
1051 1325 1127 1376 disci·
1161 1329 1290 1376 vocantur
1310 1325 1343 1376 36
1362 1323 1503 1376 amicitiam
1522 1325 1556 1376 44
1576 1323 1623 1374 454
1647 1325 1692 1388 34,
1710 1325 1746 1374 33
1763 1351 1800 1362 -
1835 1323 1953 1388 poralem
1972 1327 2010 1374 est
2027 1321 2231 1388 vituperandos,
2248 1323 2295 1388 otri
2312 1321 2392 1376 servit
2412 1335 2474 1388 pro·

489 1413 567 1478 polos
585 1413 612 1462 in
631 1413 737 1464 nomine
756 1411 812 1464 Filii
825 1403 1071 1482 ibid—Christos
1082 1427 1127 1478 pe·
1162 1411 1257 1464 Christi
1283 1413 1445 1464 honorantur
1471 1409 1583 1462 44838
1608 1439 1641 1448 -
1659 1411 1697 1464 133
1721 1423 1800 1464 servo
1835 1415 1893 1474 pter
1913 1409 2061 1462 mercedem
2073 1415 2205 1462 aeternam
2219 1415 2257 1464 est
2269 1409 2473 1478 approbandus,

487 1499 569 1562 431434,
587 1499 686 1552 servari
702 1499 852 1564 discipulos,
866 1513 899 1552 ne
911 1505 1127 1554 converterentur
1161 1499 1257 1552 Christi
1276 1499 1306 1550 iit
1324 1499 1391 1550 illios
1409 1495 1470 1552 thid.
1493 1523 1527 1538 υ·
1548 1499 1596 1564 Qui
1622 1501 1731 1550 honorat
1748 1511 1800 1552 ser·
1835 1497 1883 1548 sed
1910 1509 1961 1548 nou
1991 1499 2097 1550 omnino
2124 1499 2286 1552 extollendos
2312 1499 2417 1552 38834
2435 1527 2472 1538 -

456 1605 459 1612 “
487 1589 524 1640 36
540 1585 672 1640 mundum
693 1601 739 1652 prr
758 1601 878 1640 amorem
896 1587 1127 1640 44338-64444·
1161 1587 1470 1652 vomChristimagnum
1481 1583 1800 1640 33444333363443834
1835 1583 2127 1640 444346343464331444434
2143 1601 2191 1652 per
2210 1595 2317 1652 gustum
2336 1585 2473 1640 suavitatis

488 1679 543 1728 stos
568 1673 684 1730 servavit
707 1673 848 1740 discipulos
869 1691 884 1728 3
902 1675 971 1728 malo
995 1675 1128 1740 praevari·
1213 1675 1462 1740 -persecutiones
1491 1673 1570 1728 debet
1586 1673 1714 1728 sustinere
1733 1675 1801 1730 sicot
1835 1677 1954 1724 aeternae
1975 1673 2015 1724 Vll
2037 1673 2088 1726 433
2105 1675 2242 1728 43-4334
2260 1675 2364 1730 43344433
2381 1675 2472 1730 dicun·

487 1763 596 1816 cationis
614 1759 675 1816 idid.
777 1751 778 1754 ’
1161 1763 1284 1818 dominos
1304 1763 1335 1816 44
1357 1763 1407 1814 433
1428 1763 1460 1814 33
1480 1789 1515 1802 -
1532 1763 1659 1816 Homines
1675 1763 1800 1816 animales
1835 1765 1889 1828 tor,
1909 1757 1971 1828 quia
1989 1761 2053 1814 nihil
2074 1763 2181 1814 divinae
2203 1761 2310 1816 bonitati
2334 1767 2473 1820 conserunt

540 1879 578 1890 -
593 1853 663 1904 43333
687 1857 774 1904 servat
799 1851 917 1904 36334443
945 1853 1127 1904 conservande
1162 1853 1275 1906 oderunt
1293 1865 1385 1906 servos
1403 1851 1498 1904 Christi
1515 1853 1560 1905 Vll
1579 1851 1629 1904 449
1649 1853 1684 1906 64
1700 1881 1739 1892 -
1755 1865 1800 1904 ve·
1836 1847 1887 1902 433
1907 1849 1935 1902 34
1958 1875 1995 1888 -
2011 1849 2072 1914 4334,
2091 1849 2136 1902 3434
2158 1849 2277 1904 dieantur
2297 1853 2415 1916 inutiles,
2435 1857 2472 1904 ta·

488 1929 623 1994 hominem
642 1939 666 1990 in
687 1937 757 1992 buno
776 1937 810 1992 44
830 1937 882 1990 444
898 1939 933 1990 33
947 1965 979 1978 -
993 1939 1127 1992 43333334·-
1162 1955 1208 1994 433
1229 1939 1347 2006 sequitur
1370 1941 1509 1994 Dominum
1528 1941 1563 1994 44
1582 1939 1633 1994 448
1653 1943 1688 1994 38
1836 1951 1896 1990 meu
1917 1949 1997 2002 opera
2014 1949 2108 1990 eorum
2125 1937 2195 1990 utilia
2215 1937 2264 1992 sibi
2284 1945 2345 1992 sunt
2361 1937 2472 1994 ibid.-

488 2033 532 2088 vat
551 2029 647 2080 electos
665 2019 809 2080 inanitate
833 2027 992 2080 concordiae
1010 2033 1035 2078 et
1055 2027 1127 2092 pacis
1220 2055 1257 2068 -
1274 2029 1302 2082 ln
1321 2029 1393 2082 coria
1412 2031 1467 2082 1333
1488 2027 1579 2084 Christi
1591 2029 1736 2084 nobiliores
1754 2029 1800 2084 mi·
1835 2027 1899 2078 itate
1927 2025 2049 2078 servienti
2072 2025 2197 2078 Dominus
2218 2027 2392 2078 comminatur
2412 2041 2472 2092 sop-
2531 2031 2533 2036 ‘

491 2115 536 2168 444
572 2117 603 2168 34
623 2141 657 2154 -
675 2117 811 2172 praelatus
836 2121 924 2168 servat
946 2113 1067 2168 subditos
1089 2117 1127 2168 in·
1162 2119 1269 2170 nistrant
1298 2125 1323 2172 34
1349 2117 1466 2172 serviunt
1496 2119 1537 2172 444
1566 2117 1619 2172 334
1640 2121 1674 2172 36
1692 2135 1799 2174 —non
1835 2115 1941 2182 plicium
1961 2117 1995 2168 44
2012 2113 2064 2168 546
2082 2113 2101 2166 7
2119 2141 2155 2154 -
2173 2113 2229 2166 iton
2249 2113 2391 2168 servientes
2417 2115 2472 2168 Deo

488 2203 633 2258 structione
647 2207 675 2254 et
693 2205 813 2268 exemplo
830 2201 882 2256 444
901 2205 936 2258 33
1162 2207 1243 2260 dehet
1270 2207 1407 2270 dedignari
1433 2221 1511 2272 opera
1544 2207 1701 2272 humilitatis,
1730 2223 1799 2276 3333
1835 2205 1952 2272 sequitur
1971 2203 2087 2258 conlusio
2102 2201 2165 2258 leid.
2181 2229 2218 2242 —
2236 2203 2391 2270 delinquere
2407 2201 2472 2256 divi·

541 2293 684 2342 -Sermo
696 2289 788 2342 Christi
803 2291 948 2344 servandos
965 2293 1042 2346 estin
1058 2291 1127 2346 intel·
1163 2297 1222 2348 iacit
1241 2297 1365 2348 dominus
1377 2297 1409 2348 41
1430 2297 1480 2348 438
1502 2297 1532 2354 43
1548 2323 1582 2336 -
1600 2309 1691 2350 omnes
1703 2297 1798 2350 Christi
1834 2307 1897 2345 nom
1918 2291 2052 2346 servitium
2069 2297 2097 2344 34
2114 2291 2207 2344 iterum
2237 2305 2263 2342 se
2288 2291 2321 2344 ad
2341 2291 2472 2344 mundum

489 2379 556 2432 lecto
568 2393 615 2446 per
626 2379 794 2442 memoriam,
809 2379 832 2432 in
845 2381 940 2432 allecto
951 2393 1001 2444 per
1012 2381 1126 2436 dileetio·
1162 2381 1260 2438 debent
1277 2383 1411 2436 conservis
1431 2385 1529 2438 servire
1548 2383 1579 2438 44.
1601 2385 1633 2436 36
1833 2387 1989 2434 convertere
2005 2381 2165 2446 prohibitum
2183 2387 2224 2442 ost
2241 2381 2284 2432 444
2303 2379 2355 2432 363
2373 2379 2425 2432 444

490 2469 606 2532 nem‚in
620 2469 710 2520 3443343
724 2481 772 2532 per
784 2469 978 2522 exsecutionem
998 2471 1030 2522 44
1043 2471 1125 2524 6033
1213 2499 1251 2530 ,-
1267 2471 1553 2526 33444336333343314
1566 2473 1620 2526 Deo
1632 2473 1676 2526 444
1688 2473 1722 2524 46
1740 2473 1798 2528 434.
1862 2447 1924 2508 ”-
1940 2471 1989 2522 Per
2005 2469 2169 2522 vocationem
2193 2483 2331 2522 servorum
2351 2467 2472 2532 intelligi-

543 2555 650 2610 Ssnvnn
662 2585 699 2594 -
710 2555 738 2606 tn
752 2555 867 2612 Sabbata
879 2573 947 2624 opus
959 2559 1056 2612 3344443
1067 2573 1126 2624 pro·
1162 2561 1195 2612 93
1216 2561 1250 2612 44
1265 2587 1304 2600 -
1320 2561 1375 2612 4333
1392 2561 1563 2612 serviendum
1580 2565 1620 2612 est
1637 2561 1741 2612 ratione
1753 2559 1798 2612 de·
1833 2569 1893 2606 mos
1913 2555 2075 2609 4333633344
2099 2555 2310 2620 praedicatorum
2330 2561 2356 2608 et
2372 2555 2472 2620 praeta-

489 2643 600 2698 hibitum
621 2651 677 2698 erat
695 2645 726 2696 41
747 2645 798 2698 366
818 2647 862 2700 34.
882 2647 934 2700 308
953 2649 998 2714 34,
1014 2649 1050 2700 33
1162 2647 1223 2710 biti,
1242 2649 1374 2702 commodi
1392 2653 1420 2700 34
1436 2647 1590 2716 4433334444
1610 2647 1661 2700 646
1681 2645 1797 2700 8-641
1833 2647 1920 2696 434343
1937 2641 1984 2694 414
2002 2641 2053 2694 448
2075 2641 2290 2696 44-643343434
2306 2645 2470 2696 assederam

485 2763 486 2766 =
543 2735 666 2786 Snnrrros
686 2759 719 2772 -
739 2739 776 2786 est
806 2735 960 2788 conditionis
983 2749 1029 2800 per
1049 2735 1126 2800 origi·
1162 2737 1215 2788 Deo
1241 2735 1410 2788 serviendum
1439 2739 1529 2786 movet
1557 2735 1633 2786 timor
1661 2733 1797 2798 supplicii,
1835 2729 1884 2780 443
1907 2729 1937 2780 43

490 2835 566 2888 nem,
592 2823 635 2874 vel
655 2821 834 2886 oppressionis
853 2837 899 2886 per
919 2823 1065 2876 dominium
1089 2825 1125 2876 44
1162 2837 1237 2876 amor
1254 2823 1378 2886 praemii,
1397 2821 1485 2886 pudor
1502 2819 1798 2886 opprobrii,honorof-
1885 2843 1923 2854 --
1939 2817 2043 2880 primus
2059 2815 2156 2868 dicitur
2174 2815 2216 2888 ille
2234 2819 2277 2868 coi
2296 2819 2380 2882 primo
2401 2831 2470 2870 4334-

480 2909 541 2962 364
562 2911 594 2962 63
614 2937 648 2950 ·-
666 2915 755 2962 manet
772 2909 800 2960 in
818 2909 894 2960 bonis
915 2909 950 2962 ad
967 2909 1126 2962 exercitatio·
1162 2909 1212 2962 licii
1233 2909 1266 2964 44.
1287 2909 1304 2960 4
1322 2935 1359 2948 -
1378 2909 1431 2960 1333
1448 2915 1490 2962 334
1506 2907 1798 2972 serviendumvigilan-
1834 2903 1942 2956 missum
1963 2909 2000 2956 est
2018 2903 2221 2970 praedicationis
2232 2905 2348 2958 3444343443
2360 2905 2405 2958 444
2417 2905 2465 2958 484

489 3011 551 3048 nem
570 2995 646 3048 344334
667 2997 722 3048 3433
742 3003 848 3060 peccato
869 2999 900 3048 83
915 2997 1126 3062 enumeratis
1163 3003 1200 3050 434
1229 3003 1356 3064 quantum
1383 2997 1419 3048 ad
1448 2995 1649 3048 sollicitudinem
1676 2995 1797 3062 rationis,
1835 2993 1869 3044 36
1886 3019 1923 3030 -
1940 2991 2043 3056 primos
2069 2997 2109 3044 est
2134 2991 2200 3046 ordo
2221 2993 2358 3054 doctorum
2376 2993 2403 3046 in
2422 2993 2469 3046 344-

392 3147 393 3152 ,
491 3089 528 3136 334
547 3083 711 3146 sustinenda,
731 3083 821 3146 legalis
838 3089 879 3136 est
895 3083 1126 3146 eva'eoanda,spi·
1163 3083 1272 3136 tideliter
1292 3089 1420 3150 quantum
1435 3083 1469 3134 ad
1482 3083 1665 3136 rectitudinem
1683 3083 1799 3136 intentio·
1835 3079 2022 3134 comcisionem
2050 3081 2146 3132 missos
2172 3077 2235 3132 44444.
2257 3109 2306 3164 -Ι
2321 3081 2366 3150 qui
2390 3079 2470 3134 4431434

489 3171 587 3224 riloalis
606 3173 644 3222 est
662 3171 860 3232 amplectenda,
881 3169 991 3222 carnalis
1008 3175 1049 3222 est
1064 3167 1126 3222 abo·
1163 3171 1216 3236 nis,
1235 3167 1344 3224 libenter
1364 3175 1491 3238 quantum
1508 3171 1545 3222 ad
1562 3171 1797 3236 promptitudinem
1835 3169 1927 3220 decem
1945 3179 2020 3220 mnas
2039 3167 2159 3232 designat
2177 3167 2297 3222 ordinem
2315 3183 2408 3224 eorum
2423 3171 2470 3236 qui

490 3257 627 3322 minanda,
641 3257 777 3308 aeternalis
791 3263 830 3310 est
841 3257 970 3308 horrenda
986 3255 1038 3308 343
1052 3271 1075 3308 v.
1091 3257 1125 3310 33
1161 3257 1315 3320 4313343443,
1335 3265 1535 3322 perseveranter
1552 3263 1679 3326 qrtautom
1691 3259 1727 3312 ad
1739 3271 1800 3312 eon·
1837 3255 1938 3310 ludaico
1958 3257 2056 3320 populo
2074 3255 2293 3320 praedicaverunt
2311 3257 2362 3310 486
2381 3257 2415 3308 34
2434 3285 2470 3296 -

490 3373 522 3384 -
542 3343 680 3398 aeternalis
698 3343 895 3398 continuatore
915 3345 994 3410 eulpa
1016 3345 1045 3396 in
1062 3357 1126 3408 poe·
1162 3347 1329 3400 tinuationem
1363 3347 1449 3412 operis
1481 3345 1514 3400 34.
1546 3349 1560 3398 6
1594 3373 1628 3386 -
1659 3347 1799 3400 Servitium
1835 3345 1927 3398 dacem
1946 3357 2022 3396 mnas
2040 3345 2178 3412 aequisivit
2195 3351 2303 3410 propter
2323 3345 2470 3400 couversio-

488 3429 831 3498 3344344444-3333314,
852 3433 892 3486 434
912 3433 984 3486 bona
1001 3431 1035 3486 44.
1055 3433 1070 3484 3
1089 3461 1123 3470 -
1163 3435 1254 3490 Christi
1273 3435 1410 3488 reducitur
1436 3435 1471 3488 36
1497 3433 1690 3488 observantiam
1717 3437 1799 3500 perie-
1836 3445 1896 3486 nem
1915 3445 2004 3486 eornm
2025 3431 2069 3500 qoi
2090 3439 2162 3486 erant
2178 3433 2230 3486 soh
2246 3433 2317 3500 Lege
2338 3435 2382 3488 484
2408 3435 2440 3488 36
2464 3473 2465 3476 ,

488 3521 687 3588 matamorus
704 3521 1125 3584 servitorcarni‚n1ondo,pec·
1161 3527 1231 3578 etam
1247 3523 1340 3578 decem
1361 3523 1542 3576 mandatorum
1560 3525 1605 3576 444
1624 3521 1675 3576 449
1693 3525 1728 3576 43
1886 3519 2044 3586 -plebem
2070 3521 2225 3590 acquisitam
2252 3523 2362 3576 Domino
2396 3523 2471 3576 oiiert

489 3599 546 3662 cato
566 3607 627 3662 ibid.
647 3635 681 3646 --
698 3610 767 3662 mala
786 3615 825 3662 est
844 3611 989 3676 laboriosa,
1013 3611 1125 3674 ignomi-
1213 3641 1250 3650 —
1268 3613 1320 3664 1333
1350 3611 1529 3664 tumulandum
1556 3619 1596 3664 est
1622 3615 1675 3664 tota
1703 3611 1799 3664 virtute
1836 3615 1960 3674 tanquam
1979 3605 2102 3684 meritum
2129 3609 2173 3662 vu
2201 3609 2247 3662 484
2279 3611 2309 3662 36
2330 3639 2364 3650 -
2384 3607 2470 3662 bonos

488 3697 576 3760 niusa,
596 3697 755 3750 infructuosa
773 3695 808 3752 to.
827 3701 843 3750 3
863 3725 896 3738 --
917 3697 986 3752 bona
1004 3705 1124 3764 est,qoa
1164 3701 1203 3756 444
1225 3701 1257 3752 39
1277 3701 1311 3752 66
1329 3701 1469 3752 -133334
1496 3697 1565 3752 cibat
1584 3707 1609 3752 et
1627 3703 1715 3764 potat,
1734 3701 1797 3752 dum
1835 3697 1929 3752 dicitur
1957 3697 1983 3748 in
2009 3695 2137 3764 obsequio
2165 3695 2284 3752 iaciendo
2310 3699 2361 3752 483
2381 3695 2415 3750 34
2432 3723 2471 3736 -

462 3785 600 3840 servitor
620 3785 688 3850 Deo,
705 3785 821 3850 praelato
840 3791 867 3840 et
884 3787 1003 3850 proximo
1022 3785 1092 3840 444
1163 3787 1224 3842 iacit
1248 3787 1320 3854 qood
1350 3789 1462 3840 maxime
1489 3793 1608 3852 acceptat
1634 3787 1680 3840 434
1713 3789 1743 3840 43
1763 3815 1798 3826 -
1837 3785 1920 3838 tidelis
1937 3785 2033 3838 dieitur
2050 3785 2076 3838 in
2096 3785 2235 3838 commisso
2248 3785 2379 3840 servando
2393 3791 2418 3838 34
2429 3785 2470 3838 64-

512 3875 514 3880 ’
541 3901 576 3914 -
594 3879 634 3926 334
662 3887 746 3940 poena
768 3873 865 3926 indicta
883 3887 933 3940 pro
958 3881 1067 3940 peecata
1091 3875 1124 3928 44
1163 3875 1266 3932 servire
1296 3873 1425 3930 debemus
1452 3877 1506 3928 Deo
1535 3881 1622 3936 sancte
1652 3875 1739 3944 quoad
1771 3889 1799 3930 se
1836 3875 1984 3938 spansando
2002 3871 2063 3926 44444.
2082 3901 2117 3914 -
2135 3873 2220 3928 tidelis
2237 3875 2390 3940 simpliciter
2408 3875 2470 3928 dici·

489 3965 520 4016 83
535 3975 711 4034 q.-·magna
722 3963 846 4032 astsequi
860 3965 953 4018 malam
965 3965 1124 4018 voluntatem
1163 3967 1262 4032 ipsum,
1276 3965 1343 4018 iuste
1361 3965 1448 4032 quoad
1468 3965 1629 4030 proximum,
1649 3965 1799 4030 simpliciter
1836 3967 1876 4016 tor
1897 3961 1941 4028 qui
1961 3961 2108 4014 fidelitatem
2121 3967 2211 4016 servat
2223 3961 2292 4016 circa
2309 3977 2394 4030 parva
2407 3965 2468 4016 iide-

490 4051 542 4104 364
561 4051 594 4104 33
614 4079 648 4092 -
668 4053 766 4118 peccati
786 4059 824 4106 ost
842 4055 956 4118 pessima
977 4055 1027 4106 363
1049 4055 1125 4106 til-
1163 4055 1376 4122 3333643333,
1405 4057 1602 4118 perseveranter
1627 4059 1748 4118 respecto
1775 4067 1798 4106 o·
1835 4049 1892 4102 liter
1910 4049 1967 4102 aliis
1991 4049 2210 4102 communicanda
2236 4049 2298 4106 iota.
2324 4053 2469 4106 -decem

489 4139 517 4216 ΑΙ
531 4139 658 4194 334444343
686 4141 786 4206 peccati
803 4155 852 4208 per
869 4141 1013 4194 doctrinam
1033 4139 1125 4196 Christi
1164 4143 1263 4196 mnium
1283 4139 1479 4206 praedictorum
1497 4139 1532 4192 46
1551 4141 1611 4208 433,
1630 4141 1681 4206 436
1693 4167 1731 4178 -
1742 4141 1798 4192 Ser·
1836 4139 1958 4190 dicontur
1970 4137 2053 4190 vocati
2066 4145 2174 4202 propter
2185 4139 2379 4194 universitatem
2394 4153 2469 4206 prae

490 4226 631 4294 liberamur
655 4227 690 4282 34.
709 4227 744 4280 43
764 4257 798 4268 -
817 4235 1001 4296 perpetuatur,
1019 4229 1125 4298 quando
1164 4229 1239 4284 viont
1263 4229 1375 4282 Domino
1394 4229 1440 4296 qui
1459 4241 1521 4280 eum
1539 4229 1649 4282 audiunt
1666 4229 1798 4282 eredendo
1835 4225 1980 4280 dicatorum
1999 4223 2049 4278 483
2069 4227 2099 4278 34

490 4319 570 4370 horno
589 4315 698 4370 moritur
713 4317 745 4370 io
761 4325 870 4382 peceato
887 4319 939 4370 364
959 4319 994 4370 34
1164 4325 1188 4372 34
1206 4317 1357 4372 obediendo
1373 4313 1410 4370 44.
1428 4317 1475 4370 434
1886 4341 1923 4354 -
1940 4315 2024 4368 Servo
2041 4313 2117 4380 pigro
2138 4313 2207 4366 dona
2220 4327 2342 4370 concessa
2359 4319 2469 4382 propter

545 4405 639 4458 8444433
658 4433 692 4452 -,
710 4405 797 4460 Homo
822 4419 918 4460 servus
942 4407 1054 4460 allicitur
1077 4421 1125 4472 per
1217 4433 1250 4446 -
1269 4405 1322 4458 Deo
1343 4405 1441 4458 servire
1462 4403 1685 4458 estnonoriteum
1699 4403 1797 4456 44546
1835 4403 2035 4468 negligentiam,
2058 4401 2187 4454 desidiam
2208 4407 2232 4454 et
2250 4403 2404 4458 abusionem
2422 4417 2470 4456 ao-

490 4493 687 4558 osurpatiouem
706 4493 741 4545 Vl
759 4493 795 4546 69
812 4509 839 4562 q.
859 4495 869 4546 4
890 4523 927 4532 -
944 4493 1019 4562 Servi
1040 4495 1125 4548 cendi·
1165 4493 1235 4548 i·-
1251 4493 1306 4546 Deo
1331 4493 1431 4546 servire
1448 4491 1567 4546 debitum
1589 4497 1639 4558 est,
1659 4493 1721 4560 quia
1739 4505 1797 4544 con·
1836 4493 1948 4544 lereutor
1975 4489 2020 4542 444
2046 4489 2097 4544 486
2115 4489 2152 4542 34
2168 4515 2205 4528 -
2222 4489 2297 4556 piger
2316 4505 2345 4544 se
2361 4497 2469 4544 excusat

491 4579 573 4634 tiones
593 4581 658 4634 viles
677 4581 728 4634 364
746 4581 780 4634 33
799 4609 834 4622 -
852 4583 998 4636 dominium
1018 4583 1124 4636 334333
1165 4581 1245 4646 ditor,
1265 4585 1581 4646 protector‚sustentator
1599 4579 1632 4634 44.
1656 4583 1725 4632 8-
1742 4581 1797 4634 4333
1835 4591 1881 4646 per
1906 4577 2026 4632 timorem
2045 4577 2097 4630 484
2115 4579 2151 4630 34
2167 4605 2205 4616 -
2221 4579 2296 4646 piger
2316 4595 2344 4634 sa
2361 4585 2469 4634 excusat

489 4667 682 4724 6343441193
702 4669 737 4722 te
869 4677 870 4680 ’
1164 4671 1261 4724 3344443
1281 4669 1342 4724 utile
1360 4675 1413 4734 est,
1430 4669 1493 4736 quia
1511 4669 1596 4722 servis
1612 4669 1721 4722 remittit
1742 4669 1797 4722 col·
1834 4665 1966 4736 nequiter,
1991 4667 2050 4734 qoia
2081 4667 2185 4732 culpan
2214 4681 2277 4722 suae
2294 4667 2468 4736 negligentiae

547 4785 579 4796 -·
600 4757 650 4824 Qui
669 4761 749 4812 servit
775 4763 861 4814 solum
887 4775 979 4814 autore
995 4769 1036 4814 est
1052 4775 1125 4826 praa
1163 4773 1239 4826 pam,
1256 4757 1372 4810 immittit
1396 4757 1522 4824 gratiam,
1540 4757 1667 4822 promittit
1685 4757 1795 4822 gloriam
1834 4757 1944 4820 imponit
1963 4753 2103 4808 austeritati
2123 4755 2223 4808 domini
2248 4757 2388 4812 iudicantis
2405 4755 2467 4812 44444.

489 4845 571 4898 cuniis
590 4847 751 4900 extollendos
769 4847 804 4900 44
823 4849 873 4902 388
894 4849 929 4900 34
946 4849 1125 4902 *officiosos
1163 4847 1197 4902 44.
1218 4849 1233 4900 9
1252 4873 1287 4886 -—
1305 4847 1360 4898 Deo
1378 4847 1479 4898 3344443
1493 4847 1632 4898 1433334343
1647 4845 1796 4898 3344344333
1833 4871 1866 4884 -
1887 4845 1963 4910 piger
1979 4857 2008 4896 se
2027 4849 2131 4898 34344334
2148 4843 2467 4912 43343433434,“443433334

489 4939 513 4986 34
532 4933 616 4988 663443
633 4936 738 4988 exaltari
755 4935 821 4988 solet
839 4943 947 5002 propter
961 4937 1125 4990 suumobse-
1163 4935 1499 5002 dominii‚qoiamagnos,
1514 4935 1612 4988 ratione
1629 4933 1795 5000 oihcii,qoia
1833 4929 1941 4984 deberat
1960 4931 2031 4998 loqui
2048 4945 2098 4996 pro
2116 4945 2159 4998 se,
2187 4933 2301 4998 loquitor
2330 4939 2418 4986 contra
2433 4947 2467 4986 se

490 5021 581 5088 qrriom
603 5021 654 5074 696
674 5023 696 5090 3,
719 5023 734 5076 4
1165 5023 1251 5082 3344443
1271 5029 1323 5088 334,
1337 5021 1435 5074 4344333
1448 5021 1533 5088 servi,
1551 5021 1612 5088 quia
1632 5023 1666 5076 ad
1683 5021 1796 5074 33444344-
1834 5017 1895 5072 trid
1913 5047 1948 5068 -.-
1966 5019 2060 5072 dicitur
2078 5033 2206 5084 ueqoam,
2232 5021 2293 5084 quia
2319 5021 2395 5084 piger
2411 5023 2468 5072 erat

542 5135 575 5150 -·
594 5111 642 5162 Per
662 5123 751 5164 servos
776 5111 954 5176 intelliguntur
973 5111 1125 5166 obedientes
1164 5111 1271 5164 domei
1290 5113 1371 5162 iactos
1390 5117 1428 5162 est
1446 5109 1481 5162 t‘b.
1502 5111 1537 5162 46
1833 5105 1860 5158 in
1877 5105 2047 5170 negligendo,
2067 5105 2200 5170 superbos
2217 5105 2241 5156 in
2261 5119 2289 5160 se
2301 5107 2467 5160 4336643363

489 5197 522 5250 41
543 5199 592 5250 533
614 5201 627 5248 8
648 5225 683 5238 -·
701 5213 780 5252 arans
797 5199 839 5252 vel
858 5201 1071 5264 pascensdoctor
1086 5205 1123 5252 est
1216 5225 1249 5236 --
1268 5201 1329 5250 sont
1347 5197 1437 5258 activi,
1458 5197 1503 5264 qui
1518 5199 1570 5248 1333
1585 5195 1739 5258 impendunt
1751 5193 1796 5246 ob·
1834 5199 1857 5244 et
1876 5207 1987 5258 nequam
2009 5193 2146 5246 dominum
2164 5195 2313 5246 accusando
2332 5193 2365 5246 ir.
2386 5195 2418 5246 35
2432 5223 2466 5234 -

490 5285 618 5338 Ecclesiae
638 5285 745 5338 444434
771 5287 803 5338 48
1163 5285 1284 5350 sequium
1302 5285 1413 5336 actionis
1430 5283 1466 5334 Vl
1486 5283 1537 5334 638
1556 5283 1572 5332 3
1592 5309 1627 5320 -
1647 5283 1700 5334 Deo
1718 5281 1797 5334 servi·
1835 5279 1916 5344 piger,
1930 5279 2041 5354 domse
2060 5279 2143 5332 credit
2160 5279 2315 5346 iustificare,
2333 5285 2419 5348 potius
2439 5297 2466 5336 se

436 5357 437 5360 ¹
542 5399 576 5444 ·,·'
605 5375 629 5426 in
658 5379 787 5440 quantum
812 5375 876 5426 dicit
903 5373 1079 5428 obedientiam
1101 5379 1125 5426 et
1163 5377 1206 5424 tor
1224 5371 1248 5422 in
1267 5359 1371 5432 negotio
1388 5369 1513 5440 aetionis,
1534 5369 1558 5420 in
1579 5369 1677 5434 proelio
1697 5369 1796 5434 passio·
1834 5367 1966 5420 accusavit
1991 5365 2052 5420 44444.
2072 5395 2106 5406 -
2126 5369 2190 5422 dom
2208 5369 2334 5424 iodicium
2352 5377 2379 5424 et
2396 5385 2468 5424 seve·

491 5447 694 5522 subiectionem,
714 5473 765 5512 non
781 5461 949 5524 distinguitur
963 5465 1052 5512 333444
1064 5459 1126 5510 ami·
1163 5459 1217 5522 nis,
1235 5459 1259 5510 iu
1286 5459 1399 5510 thalamo
1423 5457 1661 5522 contemplationis,
1679 5457 1707 5508 iu
1725 5455 1797 5508 mini·
1834 5453 1934 5508 ritatem
1954 5457 2001 5508 Dei
2019 5453 2257 5528 ostenditsescira,
2275 5459 2391 5526 loqrritur
2408 5473 2466 5512 con·

488 5561 562 5614 cum;
581 5547 608 5600 in
626 5551 750 5612 quantum
772 5549 867 5600 dicitur
884 5547 1012 5600 serviliter
1022 5547 1125 5612 timens,
1164 5547 1241 5598 sterio
1270 5545 1433 5612 praelationis
1453 5543 1503 5596 646
1524 5545 1539 5598 3
1557 5573 1593 5582 -
1610 5545 1657 5598 4334
1673 5545 1796 5598 dicontur
1835 5549 1871 5596 tra
1892 5557 1918 5598 se
1937 5541 2000 5598 thid.

487 5649 541 5688 uon
558 5641 599 5688 est
614 5633 716 5686 amicus
743 5633 777 5686 44
802 5633 854 5686 463
876 5633 912 5686 38
931 5661 967 5672 -
985 5639 1124 5700 praecepta
1163 5633 1209 5702 qni
1226 5633 1251 5684 in
1271 5633 1405 5688 sanctitate
1422 5633 1458 5684 illi
1477 5633 1794 5694 serriont2392-Dei
1886 5663 1920 5672 -
1949 5633 2104 5688 centurionis
2132 5639 2237 5688 curatus
2265 5651 2279 5688 a
2309 5633 2409 5690 Christo
2428 5639 2467 5688 est

476 5721 630 5776 observant
658 5735 687 5774 344
716 5723 807 5774 timere
833 5721 878 5774 434
905 5723 946 5774 34.
968 5721 1018 5774 433
1038 5723 1071 5774 38
1091 5751 1124 5760 -
1163 5723 1256 5776 dieitur
1276 5719 1373 5774 ratione
1394 5721 1475 5776 663143
1493 5723 1628 5792 obsequii,
1646 5723 1744 5778 ratione
1761 5725 1796 5776 34-
1833 5721 1915 5790 figora
1934 5723 2076 5776 curationis
2093 5723 2186 5788 pepuli
2210 5723 2314 5788 gentilis
2332 5729 2356 5778 el
2379 5737 2467 5790 pecca·

487 5815 528 5864 est
545 5809 592 5876 qui
610 5811 690 5864 servit
708 5823 739 5860 344
756 5809 852 5864 4443343
870 5797 983 5862 444394
1002 5809 1047 5882 34
1163 5811 1215 5864 4341
1231 5817 1257 5864 34
1275 5811 1375 5868 4344343
1395 5809 1514 5864 beneticii
1532 5809 1594 5864 iht'd.
1833 5811 1958 5866 43443444
1977 5813 2026 5864 469
2046 5813 2089 5876 44,
2108 5811 2142 5862 ts

542 5925 575 5976 -ε
594 5897 675 5950 Nemo
693 5903 781 5976 potest
798 5899 852 5952 4333
864 5903 891 5950 34
904 5897 1008 5952 64314343
1027 5897 1125 5952 servire
1215 5929 1248 5938 --·
1269 5899 1314 5954 Dei
1333 5905 1394 5954 sont
1411 5899 1467 5954 aios
1478 5899 1608 5954 debitores
1628 5901 1671 5954 444
1692 5901 1740 5954 433
1763 5903 1789 5954 34
1886 5903 1968 5954 Sessio
1986 5927 2023 5942 -·
2038 5901 2069 5952 in
2088 5901 2141 5954 Deo
2158 5915 2211 5954 non
2228 5901 2291 5954 dicit
2310 5901 2466 5970 positionem

487 5999 517 6040 ex
537 5987 703 6056 quadruplici
722 5985 821 6042 ratione
841 5987 884 6040 444
904 5987 948 6040 444
974 5989 1007 6040 33
1022 6017 1054 6026 -
1069 5989 1124 6042 Ser·
1161 6017 1197 6028 -ψ
1215 5989 1287 6058 quod
1305 5991 1365 6044 lacit
1394 5989 1477 6056 magis
1504 5995 1542 6044 est
1570 5987 1687 6044 debitum
1715 6005 1794 6058 qoam
1832 5989 1954 6056 localem,
1972 5991 2019 6044 sed
2037 5987 2126 6056 potios
2143 6001 2274 6042 sommam
2293 5987 2417 6056 quietem,
2432 5987 2468 6042 di·

487 6077 546 6130 vire
570 6089 739 6128 mammonae
766 6077 861 6130 dicitur
888 6075 914 6130 iu
936 6077 1012 6132 eoios
1031 6079 1123 6132 363343
1162 6079 1278 6142 donoro,
1295 6077 1380 6144 magis
1393 6079 1486 6138 iustitia
1501 6077 1623 6134 tentionis
1642 6091 1721 6146 qoam
1734 6093 1794 6144 gra·
1833 6077 1957 6142 gnitatem
1983 6077 2220 6140 etauctoritatem,
2240 6089 2271 6128 ae
2288 6089 2337 6140 per
2355 6079 2406 6128 hoe
2426 6089 2467 6128 ae·

473 6163 596 6234 'divitiae
620 6163 792 6218 dominantur
817 6163 852 6222 ib.
871 6167 907 6218 34
923 6191 961 6206 -··
978 6167 1064 6218 Servii
1089 6167 1124 6218 di·
1161 6167 1195 6221 tia
1217 6167 1456 6234 supererogationis
1482 6167 1533 6220 433
1562 6167 1596 6218 36
1613 6195 1650 6206 -
1666 6167 1695 6218 ln
1718 6179 1794 6220 servo
1832 6167 1980 6240 qualitatem
2002 6167 2041 6218 444
2063 6163 2113 6218 647
2133 6163 2164 6216 48

486 6251 557 6308 vitiis
575 6251 622 6320 qui
641 6267 684 6306 aas
702 6253 815 6308 custodit
842 6257 870 6310 ut
897 6267 990 6308 servos
1007 6251 1071 6310 ibid.
1089 6281 1123 6296 -
1161 6257 1210 6308 1334
1226 6255 1332 6308 servitia
1349 6255 1434 6320 magis
1455 6253 1613 6308 sonidebita
1627 6269 1707 6322 qoam
1721 6259 1793 6320 grata
1885 6255 2025 6306 3343444443
2042 6279 2079 6292 -
2096 6249 2232 6304 severitati
2261 6249 2339 6304 dehet
2357 6251 2466 6318 adiungi

488 6337 562 6406 Opus
581 6341 705 6394 avaritiae
725 6347 763 6396 est
781 6343 912 6396 servitutis
930 6343 982 6396 364
1001 6343 1017 6394 3
1161 6341 1222 6398 ibid.
1240 6373 1277 6402 ε·
1294 6343 1343 6396 4334
1358 6343 1448 6396 omnia
1466 6347 1590 6408 operator
1607 6341 1643 6398 ab
1659 6341 1732 6408 ipso,
1745 6341 1794 6396 soh
1832 6341 1914 6406 pietas
1934 6341 1975 6394 444
1995 6339 2028 6392 43
2050 6339 2082 6392 44

477 6477 480 6484 ,
541 6455 575 6468 -
594 6429 687 6482 6434434
707 6439 828 6494 peccator
846 6431 879 6484 44
899 6431 926 6482 84
950 6447 977 6484 4.
995 6429 1014 6482 4
1031 6461 1068 6470 -
1086 6435 1124 6484 est
1160 6431 1218 6498 ipso
1235 6437 1263 6484 et
1283 6417 1402 6498 propter
1419 6417 1509 6496 ipsum
1536 6429 1598 6484 thid.
1618 6459 1654 6470 -
1671 6431 1719 6482 Dei
1742 6445 1794 6484 non
1886 6431 1965 6482 Sexus
1982 6455 2019 6470 -
2036 6433 2148 6494 uterque
2165 6427 2301 6492 spectabat
2319 6429 2352 6482 ad
2366 6429 2466 6484 redem-

486 6515 588 6580 peccati
605 6519 651 6582 qui
669 6519 730 6571 lacit
746 6525 884 6584 peccatum
905 6519 955 6572 363
969 6519 1011 6572 49.
1025 6519 1122 6572 36463
1149 6519 1259 6572 'debent
1277 6517 1392 6584 superbe
1409 6519 1434 6570 iu
1454 6517 1580 6584 operibus
1597 6519 1652 6572 sois
1664 6517 1795 6572 confidere
1832 6515 1962 6582 rationem,
1981 6517 2048 6572 sicot
2067 6519 2178 6584 uterque
2204 6515 2333 6570 ceciderat
2360 6517 2403 6572 444
2433 6521 2465 6572 63

487 6631 529 6674 ‘ff
542 6605 642 6670 peccati
659 6619 712 6658 non
730 6613 817 6662 manet
830 6609 855 6662 in
866 6607 948 6660 domo
967 6607 1085 6676 63344434,
1098 6605 1123 6660 li·
1162 6605 1212 6660 433
1232 6607 1261 6658 34
1832 6605 1877 6658 84.
1895 6605 1946 6656 468
1964 6605 1998 6656 86

439 6691 441 6702 ’
486 6697 529 6744 333
545 6693 579 6744 344
597 6693 621 6744 43
642 6695 753 6748 Ecclesia
773 6709 834 6750 corn
852 6695 928 6748 bouis
947 6695 998 6748 364
1019 6695 1051 6748 56
1213 6701 1248 6734 ’-
1268 6695 1434 6760 spiritualiter
1454 6707 1480 6748 se
1500 6695 1586 6760 ipsun
1600 6693 1748 6758 praecingit
1759 6707 1796 6746 re·
1885 6695 1977 6746 64344444
1996 6721 2031 6734 -
2049 6691 2353 6750 eratcivitasSamariae
2367 6697 2398 6752 44
2414 6697 2466 6750 399

504 6773 506 6776 ’
539 6807 574 6816 -
592 6779 684 6836 Christi
704 6795 757 6834 non
776 6789 931 6850 potestesse
945 6783 1123 6836 servusistios
1160 6785 1314 6848 stringendo
1342 6783 1467 6836 4443343433
1484 6783 1602 6836 6343333
1622 6785 1663 6836 444
1685 6783 1730 6836 434
1763 6781 1794 6832 49
1832 6783 1901 6834 d·-
1919 6781 1946 6834 in
1963 6781 2052 6848 lingua
2079 6781 2217 6838 Chaldaica
2243 6791 2281 6840 est
2309 6787 2412 6840 Sichem
2439 6785 2466 6839 in

486 6865 581 6918 3434364
600 6867 645 6920 444
664 6869 714 6922 tto
733 6869 762 6922 34
785 6897 822 6910 -
839 6869 958 6926 Christos
970 6881 1082 6936 magnos
1099 6875 1124 6920 et
1160 6881 1196 6910 ‘-
1215 6871 1343 6926 ministrat
1360 6885 1390 6924 se
1407 6869 1494 6934 ipsum
1515 6869 1659 6950 deiicienda
1677 6867 1740 6924 4446.
1832 6869 1920 6934 lingua
1940 6869 2058 6924 Hebraea
2076 6869 2138 6926 ibid.
