5908 8266
1106 581 1299 648 ceddam.
1324 581 1362 648 IN
1388 581 1624 648 EVANGELlUltl
1650 577 1767 646 adala
1790 575 1823 644 C.
1847 575 1920 642 Vlll.

532 755 678 842 pluribus
691 757 819 822 medicis
844 765 873 824 θῖ
899 762 1081 842 erogaverat
1097 755 1200 822 emnia
1217 773 1291 836 sue,
1315 773 1373 822 nec
1397 755 1488 843 quid-

532 877 625 944 quam
650 859 844 944 profecerat,
867 861 921 926 sed
944 861 1045 944 magis
1065 861 1207 926 deterius
1229 859 1364 926 hahebat
1381 887 1411 926 o.
1427 861 1487 928 Sed

530 967 627 1030 Lucas
659 963 798 1032 medicus
829 965 888 1030 hcc
920 971 1016 1046 tacet,
1047 965 1086 1032 de
1116 965 1243 1032 medicis
1272 965 1422 1032 curialius
1446 967 1487 1032 lc·

365 1089 512 1140 asiriacum.
529 1085 636 1154 quens.
652 1103 694 1116 -·
708 1067 753 1134 Ex
774 1087 838 1154 quo
854 1069 1029 1154 colligitur,
1044 1071 1128 1154 quod
1145 1069 1339 1136 medicorum
1363 1087 1417 1136 ars
1439 1077 1487 1136 est

530 1171 729 1250 laudabitis,
752 1175 877 1258 quando
902 1175 1046 1260 sequitur
1068 1193 1238 1260 supernam
1262 1175 1430 1258 potentiam
1456 1183 1486 1244 et

528 1285 673 1344 naturam
695 1277 897 1346 substratam.
922 1279 1007 1346 Unde
1031 1279 1147 1348 dicitur
1171 1279 1373 1346 Ecclesiastici
1391 1281 1485 1364 trige-

529 1383 607 1448 simo
628 1389 739 1448 octavo
751 1385 782 1448 1:
808 1409 822 1440 c
841 1385 884 1448 Da
902 1385 1004 1450 locum
1022 1385 1160 1464 medico,
1175 1403 1216 1450 ne
1232 1385 1357 1450 recedat
1371 1403 1391 1450 a
1407 1393 1437 1450 te
1453 1415 1483 1452 s.

528 1487 585 1554 Sed
610 1493 684 1554 tuac
707 1487 768 1554 erit
791 1487 1020 1574 vituperabilis
1043 1489 1182 1574 operatio
1205 1489 1335 1568 medici,
1358 1493 1484 1574 quando

528 1593 655 1678 negligit
683 1595 733 1658 vel
754 1595 954 1660 considerave
977 1601 1141 1674 natvvram,
1166 1593 1216 1660 vel
1238 1611 1299 1660 non
1324 1597 1484 1680 anteponit

526 1685 663 1766 divinam
686 1701 874 1784 potentiam,
900 1701 981 1768 sicut
1002 1701 1118 1768 dicitur
1142 1701 1179 1766 de
1203 1703 1260 1766 Asa
1285 1703 1412 1768 secundi
1428 1703 1483 1768 Pa-

527 1805 739 1890 ralipomenon
763 1807 882 1874 decimo
908 1813 996 1874 sexto
1010 1807 1044 1872 ²:
1073 1805 1282 1892 «aegrotavit
1303 1807 1361 1872 llsa
1376 1807 1483 1874 dolore

527 1911 639 1996 pedum
666 1913 876 1980 vehementer·
890 1931 946 1980 nec
971 1913 1015 1980 sic
1038 1911 1205 1978 Dominum
1229 1911 1412 1996 requisivit,
1428 1913 1483 1978 sed

526 2017 623 2102 magis
655 2017 849 2086 medicorum
878 2027 946 2084 arte
978 2017 1114 2084 conisus
1145 2021 1191 2084 est
1211 2039 1241 2096 »3
1267 2023 1297 2084 θῖ
1319 2015 1481 2102 sequitur,

525 2123 610 2208 qnod
637 2147 654 2180 «
671 2129 814 2190 manuus
840 2129 886 2190 est
903 2151 932 2188 a.

614 2229 666 2294 8l.
689 2229 791 2312 (vers.
814 2229 893 2312 id).
918 2229 1023 2296 Tertio
1046 2233 1200 2312 quantum
1223 2227 1263 2294 ad
1285 2225 1481 2314 facilitatem

388 2345 420 2390 00
433 2345 503 2388 tertio·
521 2331 687 2420 perfectae
710 2333 897 2400 corretionis
920 2353 937 2400 a
963 2337 1120 2402 salvatore
1146 2333 1308 2402 subditur:
1338 2335 1482 2402 Accessit

511 2447 614 2504 retro
636 2447 666 2504 et
689 2439 792 2524 tetigit
812 2439 984 2524 [imbriam
1007 2441 1190 2508 vestimenti
1213 2441 1293 2506 eins.
1315 2441 1479 2520 Accessit,

524 2545 600 2630 quia
621 2543 771 2610 credebat
783 2569 794 2624 ,·
824 2545 862 2612 ad
895 2545 1050 2612 Hebraeos
1075 2545 1288 2612 undecim03:
1317 2545 1481 2630 «Oportet

524 2651 722 2716 accedentem
743 2651 872 2718 credere
888 2675 920 2732 »;
944 2659 1053 2730 retro,
1070 2651 1146 2736 quia
1166 2649 1316 2728 timebat,
1334 2651 1415 2716 sicut
1430 2669 1479 2718 so-

524 2775 577 2824 ror
602 2755 741 2822 eiusdem
764 2759 875 2852 illaria,
902 2777 998 2842 supra
1020 2759 1169 2842 septimo:
1191 2783 1208 2816 «
1224 2759 1313 2822 Stans
1330 2765 1416 2824 retro
1430 2775 1479 2824 se-

524 2879 579 2930 cus
604 2863 696 2948 pedes
721 2863 843 2930 Domini
860 2891 888 2928 a.
922 2865 1056 2950 Tetigit,
1082 2865 1157 2950 quia
1171 2863 1319 2948 sperauit
1335 2863 1457 2930 cavari
1467 2887 1479 2942 ,·

524 2969 669 3036 llatthaei
698 2987 801 3036 neno:
831 2969 990 3038 «Dicebat
1015 2971 1099 3038 intra
1120 2987 1175 3036 se:
1201 2971 1230 3036 Si
1254 2969 1386 3058 tetigero
1410 2969 1479 3036 lim-

523 3075 621 3142 briam
656 3077 850 3154 restituenti,
879 3075 966 3142 salva
995 3095 1050 3142 ero
1065 3101 1097 3140 >›.
1133 3075 1250 3160 Tetigit
1278 3083 1382 3142 alutem
1406 3075 1479 3158 dna·

524 3179 632 3244 driam
646 3179 679 3256 4,
703 3179 805 3248 idest
835 3181 975 3246 inhrnam
1007 3187 1127 3266 partem
1145 3179 1354 3258 aestimanti,
1383 3197 1479 3264 repu-

523 3291 593 3350 tans
615 3301 648 3350 se
672 3285 863 3350 immundam
881 3289 914 3352 et
928 3285 1140 3352 honorificans
1163 3287 1277 3352 Christi
1294 3287 1478 3368 potentiam,

522 3389 576 3474 qul
602 3395 701 3474 potest
725 3391 956 3458 salutemdare
979 3409 1037 3474 per
1059 3391 1176 3458 intima.
1203 3429 1243 3440 —
1269 3395 1305 3458 Et
1320 3391 1396 3476 quia
1412 3411 1479 3458 cre-

521 3493 600 3560 didit
622 3501 654 3560 et
677 3495 831 3578 speravit,
857 3497 925 3562 ideo
948 3497 1080 3560 faciliter
1097 3497 1239 3562 obtinuit.
1266 3497 1396 3580 Propter
1419 3497 1479 3564 hoc

521 3599 666 3664 additur:
691 3601 732 3664 Et
754 3597 924 3684 confestim
947 3601 1036 3666 stetit
1055 3599 1171 3682 flantes
1193 3601 1372 3686 sanguinis
1388 3601 1479 3678 eias‚·

522 3721 563 3770 ex
587 3721 651 3788 quo
674 3711 803 3788 apparet
826 3705 908 3770 mira
930 3705 984 3770 Dei
1009 3705 1128 3782 virtus,
1155 3723 1235 3790 quae
1250 3707 1398 3772 morbum
1415 3713 1478 3772 tam

453 3893 454 3896 Ἴ
521 3809 707 3874 diuturnum
733 3815 762 3874 et
788 3815 851 3874 tam
873 3827 1001 3892 gravem
1027 3809 1150 3876 curavit
1172 3809 1276 3876 statim
1298 3809 1339 3876 ad
1359 3815 1476 3876 tactum

521 3913 617 3980 iunius
639 3913 820 3998 particulae.
847 3913 923 3980 llira
945 3921 992 3980 θεῖ
1016 3931 1092 3998 ergo
1116 3913 1217 3980 virtus
1239 3913 1371 3992 Christi,
1398 3933 1479 4000 quae

522 4017 706 4084 credulitate
731 4019 780 4084 sui
802 4019 1005 4102 impossibilia
1020 4019 1094 4084 iacit
1109 4019 1227 4098 laclia,
1251 4019 1422 4086 secundum
1441 4019 1478 4094 il<

522 4125 574 4190 lud
599 4123 691 4190 llarci
708 4141 791 4190 trono
802 4121 834 4188 ⁵:
856 4149 870 4182 «
887 4123 917 4188 Si
932 4129 1023 4206 potes
1038 4123 1182 4202 credere,
1199 4109 1303 4188 omnia
1319 4123 1478 4208 possibilia

521 4235 596 4294 sunt
611 4225 747 4294 credenti
761 4253 793 4306 »3
808 4235 841 4294 et
856 4227 977 4292 loannis
987 4227 1108 4292 decimo
1123 4233 1254 4312 quarto:
1274 4229 1361 4310 «Qui
1378 4229 1477 4293 credit

521 4333 553 4398 in
567 4349 632 4412 me,
650 4349 761 4416 opera,
780 4349 861 4418 quae
884 4349 940 4418 ego
965 4331 1059 4410 facio,
1078 4339 1108 4396 et
1123 4331 1190 4416 ipse
1207 4331 1296 4396 saciet
1312 4337 1344 4398 et
1358 4331 1477 4396 maiora

520 4439 635 4504 horum
659 4437 749 4504 luctet
764 4463 797 4518 »3
821 4445 853 4504 θῖ
874 4437 1008 4502 dctuum
1034 4435 1155 4502 decimo
1176 4453 1278 4502 nono:
1302 4435 1476 4502 «Virtutes

518 4559 581 4608 nen
612 4541 747 4608 modicas
779 4541 918 4608 iaciebat
941 4541 1026 4606 Deus
1055 4557 1112 4624 per
1145 4559 1272 4606 manum
1304 4541 1407 4620 Pauli,
1439 4547 1476 4608 ut

519 4647 612 4714 etiam
635 4647 674 4712 de
696 4665 828 4732 corpere
859 4647 927 4712 eius
958 4645 1158 4713 deferrentur
1180 4645 1306 4716 sudaria
1330 4651 1359 4712 et
1383 4647 1475 4712 serni-

369 4757 499 4802 usualium.
518 4751 647 4830 cinotia,
671 4759 701 4818 θῖ
725 4753 912 4820 recedebant
926 4751 966 4818 ab
981 4751 1027 4818 eis
1043 4753 1209 4836 languores
1225 4779 1254 4814 a.
1274 4751 1301 4818 Si
1319 4769 1395 4836 ergo
1411 4759 1474 4818 tam

518 4853 645 4919 saluhre
668 4859 714 4920 est
737 4871 795 4938 per
817 4855 911 4922 tidem
933 4859 1061 4940 tangere
1092 4853 1246 4920 fimbriam
1280 4853 1474 4934 vestimenti,

518 4977 613 5044 quam
650 4961 776 5026 salubre
806 4961 866 5026 erit
897 4961 999 5046 ipsum
1031 4961 1190 5026 Christum
1225 4967 1359 5026 teneret
1389 4961 1475 5026 Unde

518 5067 741 5132 ecchardust:
773 5067 901 5134 «Dulce
923 5067 997 5132 satis
1022 5071 1067 5132 est
1091 5075 1139 5144 te,
1164 5067 1243 5132 hone
1268 5067 1354 5146 lesu,
1379 5081 1475 5150 quaeu

518 5189 605 5252 rere,
627 5171 751 5240 dulcius
781 5181 887 5240 tenere
904 5197 933 5252 »;
959 5173 1042 5238 unde
1058 5189 1171 5258 sponsa
1187 5171 1386 5240 Canticornm
1412 5175 1475 5236 ter-

590 5537 598 5566 ¹
619 5539 693 5590 Vers.
715 5541 756 5592 11.
776 5549 800 5594 et
821 5543 862 5594 12.
876 5571 910 5580 =-
923 5543 1050 5606 Superius
1063 5557 1111 5606 pro
1131 5541 1181 5594 iaec
1201 5547 1270 5596 tacet
1288 5543 1341 5594 CD
1358 5543 1424 5596 leaeo
1438 5545 1475 5596 ta·

518 5631 563 5680 cei.
577 5627 695 5680 Subinde
708 5643 756 5692 pro
770 5633 903 5684 scutrarum
914 5629 1080 5684 salutratam
1092 5633 1151 5682 Vat.
1160 5635 1290 5684 nutarunt
1299 5631 1474 5686 adstructam.

588 5711 756 5768 211θ1ε.12.
779 5721 802 5768 et
821 5717 864 5768 13.
884 5743 918 5752 ·-
937 5717 1064 5780 Superius
1092 5729 1142 5782 pro
1170 5729 1225 5770 nort
1251 5717 1391 5784 anteponit
1415 5717 1475 5770 Vat.

518 5813 571 5852 riou
591 5799 710 5866 apponit.

589 5885 600 5914 ³
620 5887 692 5938 Vers.
714 5889 738 5938 6.
757 5889 868 5940 —Duo
888 5903 963 5954 seqq.
980 5891 1029 5942 loci
1055 5897 1115 5942 sum
1143 5893 1206 5942 Luc,
1229 5891 1260 5952 7,
1280 5891 1323 5942 38.
1343 5889 1474 5956 (respectu

518 5975 594 6028 curios
611 5975 768 6040 supponitur
793 5977 918 6028 sententia
942 5975 1074 6030 Ambrosii
1094 5993 1173 6040 supm
1193 5993 1218 6030 n.
1237 5979 1284 6030 VS.
1301 5977 1329 6028 in
1347 5979 1401 6030 line
1418 5979 1475 6030 olle·

518 6061 587 6128 gato)
608 6067 631 6114 et
651 6065 737 6112 dlatth.
756 6063 967 6128 9,21.θ1211;
986 6065 1127 6116 1111111113.
1148 6065 1177 6126 5,
1199 6067 1239 6116 28.

588 6147 600 6178 ⁴
619 6149 678 6202 Vat.
696 6149 770 6202 addit
788 6149 935 6204 castimonii
954 6149 1018 6202 cias.
1038 6177 1073 6188 -
1092 6153 1181 6202 Glossa
1201 6149 1343 6204 ordinaria
1361 6151 1403 6218 (eu
1415 6151 1474 6204 Am·

517 6237 600 6302 bros,
619 6239 663 6290 Vl.
681 6239 708 6288 in
727 6237 790 6290 Luc.
803 6251 829 6290 a.
843 6239 884 6288 58.
899 6243 923 6290 et
935 6251 969 6290 ex
981 6237 1060 6302 Dede)
1082 6239 1108 6290 in
1127 6239 1188 6290 Luc.
1210 6241 1238 6302 8,
1259 6239 1310 6290 tt:
1330 6239 1473 6292 Fimbriam

516 6325 600 6390 tangil
623 6325 669 6390 qni
695 6325 883 6376 incarnationis
902 6323 1026 6386 mysteria
1044 6327 1160 6388 perfecte
1178 6329 1248 6374 emat
1268 6331 1293 6376 et
1311 6325 1407 6390 eredit,
1428 6325 1473 6378 clo

516 6425 564 6462 nee
584 6413 618 6464 ad
637 6413 736 6464 maiora
755 6411 882 6476 capienda
904 6411 1045 6476 perveniat.
1059 6411 1086 6462 Si
1100 6409 1310 6474 consideremus,
1331 6419 1427 6476 quiante
1440 6413 1473 6466 sit

517 6499 582 6550 tides
602 6507 701 6560 nasac,
721 6503 744 6548 et
764 6499 954 6564 intelligamus,
973 6503 1086 6564 quantus
1107 6499 1142 6550 sit
1160 6495 1237 6548 Filius
1256 6497 1316 6560 Dei;
1337 6497 1472 6564 videmus,

516 6587 578 6650 quia
598 6585 792 6648 comparatione
810 6587 867 6638 eius
887 6583 1019 6636 limhriorn
1039 6583 1222 6636 tantummodo
1235 6581 1380 6646 tangimm,
1395 6597 1473 6644 supe-

517 6671 613 6720 riorem
632 6671 780 6724 vestimenti
798 6671 855 6722 eius
873 6677 976 6734 partem
993 6671 1134 6740 nequimus
1153 6669 1289 6732 attingere.

587 6753 599 6784 ⁶
618 6755 691 6808 Vers.
713 6761 759 6824 22,
781 6767 840 6824 post
857 6773 936 6824 quem
957 6763 1026 6812 lcan.
1049 6761 1094 6826 11,
1113 6761 1156 6812 12.
1175 6755 1333 6816 electili,
1352 6755 1390 6808 ll.
1403 6771 1472 6822 seq:

521 6841 687 6910 Virtutcsque
706 6859 760 6898 riori
781 6845 911 6914 quaslibet
932 6845 1048 6914 faciebat
1065 6853 1113 6902 ete.
1133 6845 1314 6910 -Superius
1334 6851 1393 6904 post
1408 6857 1473 6914 perr-

2445 587 2505 650 etl

1550 756 1614 822 tio:
1646 783 1662 816 «
1676 755 1776 822 Tenui
1799 771 1872 820 euru
1890 769 1947 820 nec
1963 750 2114 819 dimittam
2132 779 2162 818 ε,
2186 753 2320 820 «Dulcis
2335 755 2446 842 utique
2462 763 2509 822 est

1550 861 1727 930 attrectatio
1750 861 1818 940 tui;
1844 877 1917 926 nam
1939 857 2058 944 etipse
2084 865 2186 926 actus
2210 859 2316 928 fructu
2333 879 2396 928 non
2410 864 2507 926 caret.

1550 967 1662 1034 llulier
1683 965 1769 1034 enim
1791 965 1969 1052 evangeliea
1990 965 2073 1034 felici
2096 963 2181 1033 lurto
2206 965 2318 1052 attipit
2337 965 2509 1050 denirium

1550 1073 1636 1152 lesu,
1661 1079 1689 1138 et
1713 1073 1826 1138 statim
1848 1071 1934 1138 stetit
1958 1071 1986 1136 iu
2012 1071 2065 1136 illa
2094 1069 2211 1156 flauas
2240 1071 2373 1138 carnalis
2403 1071 2508 1136 illece-

1549 1177 1644 1257 brae,
1667 1179 1800 1244 carnalis
1824 1177 2037 1244 delectationis
2060 1183 2092 1242 θῖ
2113 1193 2210 1244 curae
2224 1203 2256 1242 a.

1639 1287 1691 1350 82.
1724 1283 1824 1364 (Vers.
1856 1283 1933 1366 aa).
1970 1283 2012 1348 lit
2040 1283 2092 1348 ait
2126 1283 2217 1348 lesus
2246 1289 2304 1350 etc.
2340 1283 2505 1366 Postquam
2528 1291 2606 1342 Tertio.
2624 1293 2650 1338 de

1548 1395 1672 1454 ostensa
1697 1393 1742 1454 est
1766 1387 1880 1454 Christi
1898 1389 2075 1472 praesentia
2091 1405 2158 1454 esse
2173 1385 2389 1454 desiderabilis
2403 1393 2434 1452 et
2452 1403 2506 1472 po·
2518 1345 2662 1452 &iiiiii

1547 1493 1646 1558 tentia
1667 1491 1875 1570 admirabilis,
1901 1493 1953 1558 hic
1975 1493 2069 1558 tertio
2091 1493 2268 1559 ostenditur
2289 1493 2357 1560 eius
2374 1493 2504 1576 sapien·
2528 1455 2652 1546 affl..

1548 1595 1598 1660 tia
1620 1593 1808 1682 infallibilis
1820 1621 1833 1672 ;
1854 1601 1887 1662 et
1909 1597 1969 1664 hec
1991 1597 2174 1682 tripliciter,
2201 1597 2318 1664 scilicet
2333 1615 2373 1664 ex
2391 1595 2504 1682 cepre-

1547 1697 1700 1766 haesione
1727 1701 1877 1768 veritatis
1908 1703 2070 1780 cacaliae,
2094 1721 2136 1768 ex
2159 1703 2339 1772 detectione
2352 1703 2487 1770 veritati

1547 1801 1783 1886 deprehensae,
1805 1823 1848 1870 ex
1871 1805 2108 1890 approbatione
2132 1807 2281 1874 veritatis
2303 1809 2453 1874 detectae.

1637 1907 1738 1972 Primo
1762 1907 1857 1992 igitur
1882 1907 2094 1976 introducitur
2118 1907 2329 1994 deprehensio
2351 1913 2503 1978 iteritatis
2522 1919 2553 1964 Pe
2569 1923 2644 1978 rimo·

1546 2011 1691 2078 occultae
1715 2029 1731 2078 a
1754 2013 1878 2078 Christo
1902 2029 1959 2096 per
1980 2015 2142 2096 propriam
2162 2015 2412 2098 inquisitionem,
2430 2035 2509 2084 cnm

1545 2117 1680 2182 dicitur:
1710 2119 1749 2182 lic
1772 2117 1821 2182 ait
1843 2117 1959 2182 lesus:
1984 2117 2067 2200 Quis
2081 2117 2092 2158 ⁷
2107 2137 2158 2182 me
2171 2117 2302 2202 tetigit?
2319 2121 2382 2186 Hoc
2396 2127 2501 2188 autem

1544 2239 1607 2288 uon
1631 2219 1724 2300 dicit,
1747 2227 1785 2286 ut
1805 2221 1921 2300 discat,
1949 2221 2001 2288 sed
2018 2229 2052 2288 ut
2070 2223 2153 2306 quod
2169 2227 2280 2290 notum
2296 2229 2344 2290 est
2359 2225 2418 2290 sihi
2434 2225 2503 2294 aliis

1544 2327 1689 2410 detegat3
1715 2327 1803 2394 iuxta
1829 2327 1968 2412 quadiu
1992 2327 2112 2394 Psalmo
2137 2327 2273 2394 dicitur:
2302 2329 2502 2414 «Palpebrae

1544 2435 1612 2500 eius
1634 2435 1830 2518 interrogant
1851 2433 1932 2498 lilios
1958 2433 2140 2512 hominum,
2162 2433 2315 2502 Dominus
2330 2435 2502 2520 interrogat

1544 2541 1663 2608 iustum
1687 2545 1719 2606 et
1741 2537 1872 2624 impium
1891 2561 1920 2616 »ς
1946 2555 2007 2602 nen
2031 2543 2069 2602 ut
2091 2537 2131 2602 ab
2147 2537 2192 2602 eis
2208 2537 2327 2624 aliquid
2348 2539 2500 2620 addiscat,

1544 2645 1598 2710 sed
1612 2651 1650 2710 ut
1664 2643 1774 2710 doceat
1789 2643 1872 2726 quod
1890 2643 2042 2726 ignorant.
2060 2679 2104 2690 -
2120 2641 2207 2708 Unde
2226 2643 2300 2726 quia
2318 2643 2502 2726 ignorabant

1544 2749 1734 2836 quaestionis
1766 2767 1908 2828 causam,
1944 2747 2111 2816 subditur:
2150 2747 2353 2834 Nepamidas
2390 2755 2500 2816 uatem

1543 2855 1716 2936 omnibns,
1739 2855 1833 2922 dicit
1849 2855 1984 2932 Petras,
2010 2853 2121 2942 etqui
2143 2873 2217 2920 cam
2242 2855 2296 2922 itio
2321 2863 2436 2934 erant,
2468 2855 2499 2924 ld

1542 2969 1590 3030 est
1612 2963 1664 3028 alii
1687 2963 1846 3046 discipuli,
1868 2977 1995 3028 cansam
2013 2963 2109 3028 huius
2126 2959 2317 3044 quaestionis
2333 2981 2395 3028 uon
2409 2959 2501 3028 intel-

1542 3069 1693 3154 ligantes;
1718 3055 1810 3134 unde‘
1825 3075 1948 3152 poterat
1970 3065 2016 3134 eis
2038 3067 2097 3134 dici
2122 3067 2201 3132 illud
2216 3067 2359 3134 lletthaei
2379 3069 2500 3138 decimo

1542 3173 1699 3260 quinto⁸:
1728 3199 1743 3232 c
1761 3173 1868 3240 Adhuc
1893 3179 1922 3242 θῖ
1945 3191 2001 3240 vos
2024 3173 2091 3240 sine
2105 3173 2268 3240 intellectu
2282 3173 2355 3240 estis
2373 3181 2409 3240 »1
2426 3175 2501 3260 quia

1542 3281 1756 3366 quaestionem
1779 3281 1863 3348 illam
1889 3281 2073 3360 carnaliter,
2096 3299 2159 3346 non
2185 3279 2391 3364 spiritualiter
2409 3281 2500 3350 intel-

1542 3386 1687 3472 ligebant.
1708 3425 1746 3434 —
1765 3387 1851 3470 Quod
1868 3393 1955 3470 patet
1969 3385 2001 3452 in
2018 3387 2079 3458 hcc
2094 3385 2178 3470 quod
2195 3385 2340 3452 adducit:
2357 3389 2500 3454 Praete·
2519 3395 2649 3494 Pqugroi·

1538 3499 1635 3578 pter,
1660 3491 1778 3558 tar’dae
1800 3499 1830 3556 te
1856 3491 2081 3576 comprimant
2109 3499 2142 3556 et
2170 3491 2345 3578 affligant,
2379 3503 2407 3560 et
2439 3497 2499 3560 tot
2609 3483 2614 3494 '

1542 3597 1650 3662 dieis:
1675 3599 1758 3680 Quis
1781 3615 1832 3662 me
1854 3597 1982 3680 tetigit?
2008 3597 2095 3680 quasi
2117 3597 2238 3662 dicant:
2258 3617 2330 3664 curn
2345 3617 2454 3664 omnes
2469 3605 2500 3668 te

1542 3707 1669 3786 tangant
1692 3699 1922 3780 indifferenter,
1940 3701 2096 3786 quomodo
2111 3701 2239 3786 quaeris
2255 3703 2292 3768 de
2309 3703 2413 3788 aliquo
2431 3719 2500 3786 spe-

1542 3807 1685 3872 cialiter?
1709 3805 1793 3872 Unde
1817 3803 2031 3884 mirabantur,
2053 3807 2211 3890 quomodo
2225 3805 2386 3888 Christus,
2402 3809 2499 3890 magi-

1541 3917 1605 3978 ster
1630 3917 1661 3978 θῖ
1682 3917 1886 3996 praeceptor,
1910 3917 2079 3996 quaereret
2101 3911 2191 3994 quasi
2219 3909 2259 3978 de
2288 3913 2385 3980 dubio
2414 3917 2500 3998 quod

1541 4017 1687 4082 erunibus
1712 4025 1779 4082 erat
1799 4017 1833 4080 iu
1855 4015 2040 4094 manifest03
2067 4021 2097 4082 θῖ
2119 4017 2190 4082 ideo
2213 4019 2328 4084 merito
2342 4019 2500 4086 miraban-

1541 4127 1609 4200 tur,
1634 4121 1789 4206 quomodo
1805 4121 1950 4186 Christus
1965 4127 2154 4204 proponeret
2169 4123 2402 4204 quaestionem,
2418 4141 2500 4208 quae

1540 4233 1670 4310 apparet
1694 4229 1806 4306 stulta,
1832 4243 1905 4292 curn
1928 4227 2051 4292 dicatur
2076 4227 2228 4292 secundae
2245 4229 2282 4292 ad
2300 4229 2499 4298 Timotheum

1541 4331 1676 4396 secundo
1691 4331 1737 4394 ¹⁰:
1766 4357 1781 4388 «
1797 4329 1914 4396 Stultas
1929 4337 1962 4394 et
1976 4331 2041 4396 sine
2057 4331 2219 4414 disciplina
2234 4333 2432 4418 quaestiones
2447 4331 2499 4400 de·

1540 4435 1604 4502 vita
1619 4461 1650 4500 s.
1674 4433 1732 4500 Sed
1757 4435 1832 4520 quia
1853 4433 2045 4502 intellectum
2072 4433 2227 4502 habehant
2245 4437 2417 4516 carnalem,
2432 4455 2499 4506 ma-

1538 4539 1717 4604 nuducendi
1741 4545 1833 4604 erant
1853 4539 1893 4604 ad
1915 4537 2123 4622 spiritualem

1628 4643 1679 4710 83.
1707 4643 1805 4726 (Vers.
1832 4643 1908 4728 ia).
1943 4643 2073 4730 Propter
2102 4643 2187 4726 qued
2217 4643 2324 4710 addit:
2348 4649 2391 4712 Et
2411 4643 2496 4714 discit
2516 4655 2639 4752 lggrrqgrl

1538 4749 1650 4814 Iesus:
1674 4749 1806 4834 Aliquis
1831 4769 1881 4814 rae
1904 4749 2026 4832 tetipit,
2050 4749 2082 4814 id
2097 4755 2145 4814 est
2159 4749 2266 4832 aliqua
2280 4767 2433 4832 persona,
2450 4755 2496 4816 ta·
2528 4761 2529 4764 ’
2561 4721 2589 4752 ω
2615 4721 2633 4752 δ’

1538 4859 1593 4920 ctu
1615 4855 1731 4922 scilcet
1756 4853 1931 4939 spirituali;
1958 4859 1987 4920 et
2003 4855 2063 4920 hoo
2079 4853 2211 4940 probat:
2236 4853 2325 4920 Nam
2347 4863 2376 4920 et
2390 4857 2414 4894 11
2439 4873 2496 4940 epo

1538 4959 1633 5038 noui,
1656 4961 1811 5026 virtatem
1835 4961 1873 5024 de
1896 4979 1946 5024 me
1968 4959 2094 5024 exiisse.
2117 4959 2178 5026 Hoc
2195 4959 2270 5024 dicit
2284 4967 2441 5044 quantum
2456 4961 2496 5028 ad
2592 5033 2593 5036 ,

1538 5065 1683 5132 enectum
1715 5063 1906 5144 curationis;
1938 5069 1968 5130 et
2000 5063 2043 5132 sic
2068 5063 2248 5132 verificatur
2272 5063 2348 5132 illud
2373 5065 2496 5150 Sapien-

1538 5171 1599 5238 tiae
1629 5171 1833 5238 duodecimo:
1871 5171 2057 5238 «Virtutem
2090 5181 2197 5238 autem
2228 5179 2315 5238 tuam
2339 5171 2493 5252 ostendis,

1538 5543 1636 5598 dicatae
1654 5545 1674 5596 11
1694 5543 1768 5596 addit
1784 5541 1934 5598 restituenti
1951 5543 1995 5596 sui
2015 5541 2084 5612 [Vat.
2095 5539 2246 5596 vestimenti
2257 5541 2363 5612 ipsius}
2378 5541 2493 5594 Subinde

1538 5645 1587 5696 pro
1605 5629 1762 5684 credulitate
1778 5631 1825 5684 sati
1841 5631 1984 5684 hCDGll
2004 5627 2160 5684 credulitate
2177 5643 2237 5684 saa.

1608 5715 1620 5746 Β
1640 5719 1685 5770 Vel
1706 5719 1791 5782 potius
1811 5717 1916 5770 Gilbert.
1935 5719 1968 5768 de
1986 5715 2138 5778 Holleudie,
2156 5719 2241 5768 Serm.
2263 5721 2284 5768 1.
2305 5717 2332 5768 in
2350 5717 2424 5770 Cant.
2447 5717 2493 5780 (in-

1538 5811 1577 5858 ter
1596 5819 1675 5868 opera
1696 5807 1832 5870 Bernardi)
1850 5819 1875 5856 n.
1897 5807 1926 5870 2,
1947 5803 1990 5856 ubi
2012 5817 2059 5868 pro
2079 5801 2150 5856 unde
2176 5815 2277 5870 sponsu
2302 5805 2378 5858 Cant.
2397 5801 2433 5866 5,
2453 5801 2492 5856 4:

1540 5891 1625 5946 Tercm'
1643 5905 1718 5956 eriere,
1736 5905 1785 5944 nec
1802 5891 1935 5944 dimittam
1955 5897 2037 5942 textus
2056 5889 2191 5952 originalis
2209 5887 2237 5940 ia
2257 5903 2311 5942 arce
2321 5889 2385 5956 pirus
2399 5889 2488 5954 tabor,

1538 5979 1566 6032 in
1586 5977 1669 6032 attero
1688 5979 1804 6046 perfectu
1826 5977 1933 6032 taetitia.
1955 5975 2071 6028 Subinde
2084 5989 2132 6040 pro
2144 5975 2216 6044 felici
2225 5975 2301 6042 furto
2316 5977 2402 6042 plures
2415 5975 2493 6028 codd.

1537 6065 1609 6134 felici
1625 6065 1706 6134 farta
1724 6067 1782 6128 (cir.
1802 6065 1840 6116 Du
1859 6065 1960 6126 Gange,
1978 6065 2140 6116 Glossarium
2157 6069 2220 6124 eta,
2242 6063 2286 6114 nbi
2306 6065 2414 6116 retertur
2437 6065 2494 6132 sar·

1538 6155 1596 6216 ins,
1614 6135 1736 6216 turtum),
1758 6153 1817 6204 Vnt.
1835 6149 1906 6218 felici
1922 6151 2025 6218 pactu.
2112 6189 2114 6192 -

1607 6233 1617 6266 ⁷
1640 6239 1750 6302 Vulgata
1757 6275 1764 6302 ,
1782 6251 1861 6302 qaam
1883 6243 2028 6302 sequuntur
2045 6239 2067 6288 ll
2087 6241 2111 6286 et
2132 6237 2203 6298 Vnt,
2223 6233 2289 6298 Ques
2308 6239 2357 6302 esi,
2381 6237 2434 6306 qai.
2457 6261 2493 6276 --

1538 6323 1656 6376 Subinde
1673 6327 1799 6388 allegetur
1819 6327 1857 6374 Ps.
1880 6325 1926 6386 10,
1941 6325 1966 6374 5.
1978 6337 2034 6390 seq.
2046 6349 2083 6362 ··-
2095 6323 2185 6376 Glossa
2200 6321 2340 6378 ordinaria
2354 6323 2397 6392 (ex
2409 6325 2491 6390 Beda)

1537 6411 1564 6462 in
1583 6413 1646 6462 Lare.
1664 6413 1693 6476 8,
1709 6411 1740 6462 15
1752 6427 1759 6460 :
1775 6409 1841 6474 Quis
1853 6413 1907 6474 est,
1926 6425 1976 6462 uon
1990 6413 2107 6476 qaaerit,
2121 6417 2150 6462 ut
2162 6411 2288 6464 doceatur
2301 6425 2370 6476 qnae
2383 6413 2491 6474 nesciat,

1537 6499 1585 6550 sed
1603 6503 1632 6548 ut
1650 6497 1716 6550 ides
1734 6497 1850 6548 mulieris
1869 6505 2003 6562 appareat.
2323 6497 2333 6526 ⁸
2351 6501 2428 6552 Vers.
2451 6497 2493 6550 16.

1607 6581 1618 6612 ⁹
1640 6585 1767 6650 Vulgata,
1785 6585 1843 6638 Vat.
1862 6591 1890 6636 et
1907 6587 1928 6636 H
1948 6585 2070 6638 omittunt
2088 6587 2125 6638 ta.
2312 6583 2334 6614 ¹⁰
2354 6587 2427 6638 Vers.
2447 6587 2491 6638 23,

1608 6669 1629 6702 ¹¹
1650 6675 1675 6724 ln
1698 6673 1807 6738 Vulgata
1828 6673 1902 6726 deest
1917 6677 1956 6740 ei,
1974 6673 2047 6740 quod
2068 6679 2153 6726 temen
2172 6671 2295 6726 exhibent
2314 6675 2392 6726 etiem
2414 6673 2493 6728 Card.

1536 6761 1627 6826 lingo,
1647 6761 1674 6814 B.
1697 6761 1809 6824 hibera,
1829 6765 1852 6814 S.
1873 6763 1968 6814 Thom.
1987 6761 2052 6828 (Cat.
2072 6775 2150 6814 aurea
2162 6761 2189 6812 in
2203 6763 2265 6814 vac.
2283 6773 2306 6812 c.
2327 6763 2350 6814 8.
2370 6777 2396 6816 n.
2414 6761 2453 6830 7.)
2466 6769 2492 6812 et

1536 6851 1662 6914 Lyrauns.
1681 6851 1793 6904 —Duo
1812 6863 1889 6918 seqq.
1906 6851 1956 6904 loci
1973 6857 2034 6904 sunt
2051 6853 2114 6916 Sap.
2135 6851 2182 6916 12,
2204 6849 2246 6902 li.
2265 6857 2289 6902 et
2308 6853 2370 6906 Lue
2390 6853 2420 6916 6,
2442 6849 2481 6902 19.
