5900 8266
524 571 588 636 280

527 763 674 814 occasum
698 765 846 832 magnum
870 751 916 814 θεῖ
939 765 1052 814 nomen
1076 765 1183 814 meum
1205 747 1237 814 in
1265 745 1428 832 gentihus;
1452 745 1485 812 in

528 853 612 916 omni
637 853 705 918 loco
727 853 923 918 sacrificatur
947 859 977 918 et
1001 853 1133 918 offertur
1148 853 1265 918 nomini
1283 869 1353 918 meo
1369 851 1485 928 oblatio

527 957 645 1022 munda
660 983 692 1022 a.
716 957 777 1022 lloc
801 963 905 1022 autem
932 943 1144 1024 verificabitur
1167 957 1199 1022 in
1222 957 1331 1042 gloria,
1348 955 1484 1042 quando,

529 1061 702 1128 secundum
737 1063 815 1128 illud
845 1061 994 1128 Ieremiae
1024 1063 1187 1146 trigesimo
1219 1063 1323 1146 primo
1336 1063 1359 1140 1,
1387 1079 1484 1146 enon

528 1165 651 1234 docebit
674 1167 721 1234 nir
747 1167 830 1234 ultra
866 1165 1049 1254 proximum
1080 1183 1193 1246 suum,
1216 1171 1249 1234 et
1281 1165 1329 1230 vir
1355 1167 1485 1232 tratrem

529 1289 642 1350 suum,
677 1273 799 1338 dicens:
834 1271 1016 1354 Cognoscite
1046 1270 1234 1350 Doniinum;
1269 1285 1378 1348 ornnes
1400 1271 1484 1336 enim

529 1383 715 1462 cognoscent
738 1393 803 1456 me,
819 1395 837 1442 a
852 1375 973 1442 minore
990 1393 1099 1442 eorum
1124 1393 1225 1462 usque
1243 1375 1279 1442 ad
1296 1375 1483 1456 maximum,

528 1483 603 1546 dicit
628 1481 824 1548 Dominus».
879 1507 881 1510 ·

623 1589 671 1652 ll.
697 1587 732 1654 Et
755 1593 844 1666 nota,
870 1585 953 1672 quod
990 1585 1102 1672 triplici
1122 1587 1245 1654 ,notitia
1271 1587 1485 1654 sanctificatur

375 1709 458 1752 nomen
471 1707 513 1752 oei
530 1711 645 1760 nomen
667 1693 721 1760 Dei
747 1693 782 1758 in
806 1693 914 1772 nabis,
941 1711 1012 1758 cum
1028 1693 1065 1758 in
1085 1711 1121 1756 ee
1136 1711 1260 1776 semper
1275 1693 1316 1760 sit
1331 1699 1483 1758 sanctum.

370 1761 513 1804 sanctificatur

365 1815 389 1858 n
401 1813 513 1858 nonnm·
531 1799 635 1864 Prima
656 1807 703 1864 est
725 1799 852 1876 notitia,
878 1817 941 1882 qua
955 1799 1153 1884 cognoscitur
1171 1817 1226 1882 per
1247 1799 1357 1876 iidem,
1376 1815 1484 1864 secun-

364 1867 458 1924 pltater.

530 1905 605 1972 dum
641 1905 717 1972 illud
752 1905 787 1972 ad
824 1905 978 1972 Hebraeos
1013 1903 1220 1972 undecim02:
1251 1933 1266 1962 «
1282 1905 1484 1972 accedentem

529 2015 652 2096 oportet
677 2011 822 2088 credere,
845 2009 925 2098 qnia
944 2017 990 2074 θεῖ
1006 2037 1035 2074 ».
1055 2009 1268 2090 -Secunda,
1293 2027 1356 2096 qua
1373 2027 1485 2094 cogno-

529 2117 646 2194 scitur,
671 2117 839 2206 quianon
863 2123 925 2192 θεῖ,·
947 2115 985 2182 de
1010 2133 1073 2200 qua
1088 2115 1294 2200 Augustinus:
1324 2115 1484 2182 «llultum

529 2221 785 2304 comprehendis,
812 2221 835 2286 si
860 2219 1113 2302 comprehendis,
1130 2221 1205 2304 quid
1221 2239 1283 2286 non
1301 2219 1340 2286 sit
1356 2221 1440 2286 Deus
1453 2247 1484 2284 a.

530 2363 573 2374 —
597 2327 703 2394 Tertia
724 2333 789 2404 est,
815 2345 878 2410 qua
900 2325 1118 2410 cognoscitur,
1141 2327 1243 2392 sicuti
1271 2335 1335 2404 θεῖ,·
1361 2327 1398 2392 εῖθ
1422 2345 1486 2412 qua

530 2433 649 2518 primae
672 2431 711 2498 ad
734 2431 911 2498 Corinthios
935 2431 1056 2498 decimo
1079 2433 1211 2500 teatina
1235 2433 1356 2500 «Nunc
1373 2451 1485 2518 cogno·

530 2557 582 2608 sco
605 2557 646 2606 ex
683 2543 788 2624 parte,
821 2545 897 2604 tum
932 2557 1134 2624 cognoscam,
1163 2539 1245 2606 sicut
1278 2545 1311 2606 θῖ
1342 2539 1486 2624 cognitus

364 2659 447 2704 :renim
463 2661 513 2704 erre
530 2661 599 2710 sirm
618 2671 648 2708 a.
661 2643 822 2710 -Prima
836 2641 947 2710 laetitia
961 2643 1074 2710 liberat
1088 2643 1129 2710 ab
1145 2643 1351 2728 iusipientia,
1370 2643 1406 2710 de
1424 2661 1486 2728 qua

419 2717 473 2758 ctus.

528 2749 563 2816 in
584 2749 734 2818 Psalmo:
751 2777 765 2808 n
780 2749 869 2816 Dixit
890 2749 1039 2834 insipiens
1064 2749 1094 2814 ia
1127 2749 1218 2816 corde
1251 2767 1326 2816 suo:
1349 2749 1415 2816 Noa
1439 2753 1487 2814 est

528 2855 613 2922 Deus
630 2881 658 2920 a.
677 2893 719 2904 ·-
736 2855 894 2934 Secunda,
910 2855 950 2920 ab
965 2855 1176 2932 idololatria,
1194 2873 1257 2938 qua
1271 2855 1386 2920 colitur
1401 2853 1486 2938 qumi

528 2979 592 3028 non
616 2967 661 3030 est
686 2962 786 3040 Deus3
812 2961 848 3026 de
874 2977 936 3044 qua
959 2961 1078 3044 primae
1101 2959 1140 3026 θεῖ
1163 2959 1340 3024 Corinthios
1361 2965 1485 3024 octavo:

535 3091 551 3124 c
567 3067 610 3132 lte
634 3067 786 3150 hisquae
810 3065 1015 3130 immolantur
1036 3065 1143 3142 idolis,
1168 3063 1299 3142 scimus,
1323 3063 1397 3148 quia
1422 3063 1486 3128 ido-

528 3173 594 3238 lum
623 3173 702 3238 nihil
723 3179 771 3238 θεῖ
805 3173 837 3236 in
869 3171 1004 3248 mundo,
1026 3177 1059 3236 et
1092 3171 1297 3256 quianullus
1321 3169 1404 3236 Deus
1427 3169 1485 3234 nisi

527 3295 623 3342 ursus.
647 3277 720 3344 Nam
746 3277 803 3344 etsi
827 3277 889 3342 sint
910 3277 964 3360 qul
989 3277 1134 3342 dicantur
1157 3277 1214 3354 dii,
1238 3277 1303 3342 site
1326 3275 1359 3342 in
1383 3277 1485 3354 caelo,

438 3445 440 3462 ,
529 3383 594 3448 sire
629 3383 660 3448 in
692 3389 793 3460 terra,
819 3381 972 3466 siquidem
1004 3387 1078 3448 sunt
1112 3381 1153 3448 dii
1179 3381 1269 3446 multi
1306 3387 1335 3448 et
1370 3381 1485 3447 domini

528 3489 638 3568 inulti,
661 3489 752 3554 nolus
785 3495 889 3554 tamen
925 3505 1009 3554 rinus
1031 3495 1079 3556 θεῖ
1113 3489 1197 3554 Dens
1228 3489 1332 3566 Pater,
1357 3505 1398 3554 ex
1422 3505 1485 3574 quo

476 3667 479 3680 ‚
529 3595 665 3662 amnia»
696 3601 753 3662 etc.
770 3625 816 3642 “--
830 3595 936 3662 Tertia
959 3595 1071 3662 liberat
1092 3595 1133 3662 ab
1155 3595 1248 3660 oanni
1268 3595 1407 3660 miseria
1419 3619 1432 3672 ;
1454 3601 1486 3660 et

380 4347 510 4392 Notandum.

528 3703 605 3768 haec
630 3701 690 3766 erit
712 3701 744 3766 iu
768 3701 887 3784 patria,
910 3699 1035 3784 quando
1060 3699 1269 3784 complebitur
1297 3701 1413 3768 donum
1442 3719 1485 3766 sa·

528 3807 661 3892 pientiae
698 3813 727 3872 θῖ
761 3805 863 3892 pacis,
889 3823 946 3892 per
968 3825 1064 3890 quam
1088 3823 1239 3872 uocantur
1270 3805 1326 3870 lilii
1349 3805 1413 3872 Dei.
1449 3805 1486 3872 Et

528 3919 604 3979 tunc
629 3931 742 3978 nomen
766 3913 822 3978 Dei
839 3917 981 3978 sanctum
1006 3913 1067 3978 erit
1088 3913 1121 3978 in
1143 3911 1249 3990 nobis;
1266 3911 1349 3976 unde
1366 3911 1485 3994 primae

528 4019 650 4084 loannis
673 4017 808 4084 tertio4:
838 4043 853 4076 <t
870 4017 1041 4096 Carissimi,
1067 4035 1150 4084 num
1180 4015 1235 4082 filii
1261 4017 1322 4112 Dei
1356 4035 1485 4096 sumus,

529 4131 561 4192 et
582 4123 720 4190 nondum
746 4125 909 4208 apparuit,
926 4125 1003 4210 quid
1018 4125 1146 4192 erimus.
1165 4123 1304 4204 Scimus,
1322 4123 1485 4208 quoniam,

529 4247 600 4296 cum
624 4229 825 4314 apparuerit,
848 4229 965 4296 similes
989 4231 1016 4298 ei
1048 4231 1186 4308 erlinus,
1210 4231 1284 4314 quia
1309 4229 1485 4296 ridebimus

528 4327 601 4402 eum
633 4333 722 4402 sicuti
757 4339 803 4402 θεῖ
824 4361 852 4400 ε.
879 4335 1017 4402 Ρθεῖθθῖθ
1046 4337 1143 4420 igitur
1172 4335 1291 4402 notitia
1325 4334 1398 4402 lacit
1428 4355 1485 4402 nos

528 4441 655 4520 similes,
680 4447 711 4508 θῖ
732 4439 870 4526 perlecta
886 4441 1070 4518 similitudo
1085 4441 1183 4520 filios,
1199 4447 1230 4506 et
1247 4439 1384 4524 perfecte
1397 4441 1485 4526 diia-

529 4549 573 4616 tio
595 4547 669 4614 lacit
693 4547 936 4614 sanctificatione
965 4549 1063 4616 diuini
1086 4547 1221 4614 nominis
1256 4547 1375 4632 dignos.
1398 4549 1486 4614 Unde

528 4655 812 4740 Chrysostomus⁵z
840 4681 855 4714 «
874 4657 1090 4724 Sanctificetur
1114 4657 1146 4720 in
1169 4655 1260 4722 nobis
1281 4671 1396 4722 nomen
1418 4655 1485 4734 Dei,

528 4765 666 4850 quando,
692 4761 825 4830 scientes
846 4781 919 4830 eum
945 4771 1106 4844 sanctum,
1133 4763 1278 4830 timemus
1301 4769 1332 4830 et
1355 4763 1485 4830 sollicite

479 4959 483 4964 Ι
527 4869 703 4954 vigilamus,
718 4887 759 4936 ae
773 4867 854 4934 torte
878 4869 1030 4936 violemus
1047 4869 1242 4936 sanctitatem
1266 4867 1401 4936 nominis
1417 4857 1485 4936 elus

527 4975 560 5038 in
578 4973 664 5040 nohis
681 4999 711 5038 a.
735 4973 797 5038 Hoc
821 4981 924 5040 autem
950 4975 1036 5052 erit,
1049 4973 1174 5058 quando
1191 4973 1334 5038 ¹totaliter
1350 4973 1379 5038 ei
1395 4989 1485 5038 raca-

527 5079 642 5158 bimus‚
657 5084 689 5143 et
704 5095 762 5162 per
776 5077 896 5142 nullam
911 5077 1146 5144 distractionem
1169 5077 1348 5142 inficientur
1367 5081 1485 5140 mentes

527 5191 669 5262 nostrae,
687 5183 771 5268 quod
785 5183 846 5248 erit
862 5183 1026 5266 ingloria,
1043 5183 1216 5248 secundum
1232 5181 1311 5248 illud
1327 5183 1440 5248 Psalmi
1451 5181 1484 5248 6:

599 5521 705 5574 1ῖῖθῖε.
724 5521 767 5574 34.
872 5563 874 5566 -

597 5607 608 5638 2
628 5611 702 5662 Vens.
722 5611 748 5664 6.
769 5637 804 5650 -
823 5611 943 5676 August,
962 5611 1024 5662 Vlll.
1043 5611 1078 5662 εῖθ
1091 5611 1161 5662 irin.
1183 5623 1206 5664 θ.
1220 5613 1247 5664 2.
1260 5625 1284 5666 n.
1299 5613 1327 5666 3:
1340 5613 1398 5666 Non
1415 5611 1485 5666 enim

528 5711 628 5764 parrae
645 5697 751 5752 notitiae
769 5711 831 5764 pars
847 5705 901 5766 est,
920 5711 982 5752 ccam
1003 5699 1035 5752 de
1054 5699 1188 5764 profundo
1210 5699 1260 5752 isto
1279 5701 1306 5752 in
1324 5701 1394 5752 illam
1413 5715 1486 5754 sum-

530 5787 648 5838 mitatem
665 5787 840 5852 respiramuS,
860 5787 896 5850 si,
923 5791 1064 5854 antequam
1091 5787 1158 5840 scire
1182 5789 1329 5854 possimus,
1357 5787 1422 5856 quid
1453 5789 1486 5842 sit

506 5863 509 5872 ⁴
530 5875 614 5942 Deus,
633 5887 774 5940 possumus
792 5875 844 5928 iam
858 5877 939 5944 scire,
952 5875 1016 5944 quid
1034 5889 1087 5928 non
1106 5877 1147 5930 sit.
1166 5875 1391 5944 danupsiam.
1410 5875 1485 5944 (θῖῖθε

531 5965 601 6034 lus.)
623 5979 647 6020 c.
665 5967 690 6018 3.
717 5981 743 6018 n.
764 5967 806 6018 l3.
825 5971 849 6018 θῖ
878 5965 905 6018 in
933 5967 1002 6018 loan.
1019 5967 1121 6032 Evaug.
1138 5971 1169 6020 tr.
1190 5967 1231 6020 23.
1252 5983 1276 6020 n.
1296 5969 1322 6020 9.
1339 5995 1376 6008 -
1394 5967 1485 6034 Tripli-

529 6067 588 6106 cem
606 6057 674 6106 hanc
692 6055 810 6108 notitiem
828 6053 902 6118 ponit
920 6055 999 6106 etiam
1018 6051 1093 6108 Card.
1113 6055 1204 6120 lingo,
1217 6053 1246 6106 in
1263 6055 1326 6106 Luc.
1346 6055 1389 6120 tl,
1408 6055 1433 6106 2.

599 6139 611 6172 ⁸
633 6145 707 6198 Vers
728 6145 771 6196 ῖ2.
789 6145 900 6196 -Duo
920 6157 994 6210 seqq.
1014 6143 1065 6196 loci
1083 6151 1144 6198 sunt
1170 6145 1212 6196 Ps.
1231 6145 1278 6212 te,
1299 6145 1324 6198 ῖ.
1341 6151 1368 6198 et
1387 6147 1403 6196 l.
1422 6143 1482 6198 Cor.

529 6235 558 6300 8,
579 6235 602 6286 l.
622 6247 697 6300 seqq.

599 6319 611 6350 ⁴
631 6323 706 6374 Vers.
725 6323 750 6374 2.
770 6349 804 6362 -
823 6323 910 6376 llatth.
930 6321 961 6386 5,
980 6321 1011 6372 9:
1028 6317 1098 6374 Beati
1111 6319 1227 6388 pacifici,
1242 6319 1368 6388 quoniam
1381 6321 1424 6374 dlii
1438 6319 1484 6372 Dei

527 6409 704 6466 vocabuntur.
774 6425 775 6428 ¹

599 6495 610 6526 ⁶
629 6499 723 6550 Hamil.
743 6497 783 6550 ld.
803 6499 829 6550 in
847 6485 935 6550 llatth.
955 6499 986 6558 d,
1000 6499 1026 6550 9.
1039 6495 1099 6564 (Op.
1113 6493 1283 6564 imperfect.);
1296 6497 1323 6548 in
1335 6497 1389 6550 ilne
1400 6499 1484 6550 textus

528 6585 661 6652 originalis
680 6583 754 6638 addit
768 6597 820 6652 per
838 6597 920 6652 opera
940 6585 1035 6636 nostru
1053 6583 1137 6638 uota.
1155 6583 1206 6636 Pro
1223 6583 1347 6652 quondo,
1372 6579 1483 6638 εθῖθῖῖῖθε

527 6673 588 6726 Vnt.
605 6687 666 6726 cum
686 6671 805 6738 pluribus
824 6673 901 6724 codd.
920 6671 1050 6740 qnondam
1068 6669 1188 6726 εθῖθεῖῖθε.

599 6745 729 6814 ⁰rsun.'
743 6761 809 6826 aar,
830 6763 854 6814 ε.
876 6765 901 6814 a
925 6763 952 6812 s.
969 6787 1007 6800 -·
1023 6761 1144 6826 angust,
1168 6759 1250 6812 xxii.
1276 6759 1311 6812 ae
1337 6757 1393 6814 ccv,
1422 6759 1481 6824 ner,

527 6859 552 6900 o.
573 6847 615 6898 30.
635 6861 660 6900 n.
680 6849 709 6900 t:
727 6851 783 6902 Hoc
801 6851 915 6914 perfecte
934 6855 996 6902 tunc
1015 6847 1143 6912 sciemus,
1160 6849 1268 6916 quando
1279 6849 1395 6912 perfecte
1406 6861 1485 6902 θεεθ-

1128 571 1320 640 colluthus.
1344 571 1383 638 ΙΝ
1406 567 1642 640 diluentium
1667 565 1784 634 suctu
1808 563 1839 630 C.
1865 561 1913 628 Χῖ.

1553 769 1569 802 «
1584 744 1617 808 ln
1640 747 1811 826 conspectu
1826 739 2013 826 Angelorum
2039 740 2169 824 psallam
2195 739 2271 818 tihi,
2298 741 2435 808 adorabo
2462 745 2501 810 ad

1548 847 1698 932 templum
1732 853 1874 912 sanctum
1905 851 1996 910 tuum
2018 853 2051 910 et
2072 845 2245 932 confitebor
2280 847 2398 920 nomini
2434 851 2499 928 tuo,

1548 971 1641 1038 super
1664 951 1878 1018 misericordia
1898 957 1953 1018 tua
1977 957 2006 1018 et
2030 951 2162 1018 ueritate
2177 959 2247 1030 tua,
2270 953 2419 1038 quonlam
2435 971 2500 1022 ma-

1547 1057 1697 1144 gnificasti
1715 1073 1811 1140 super
1826 1075 1920 1124 omne
1939 1075 2052 1122 nomen
2075 1063 2219 1122 sanctum
2244 1061 2334 1122 tuurn
2353 1083 2382 1120 s.

1638 1165 1689 1228 ῖ2.
1712 1163 1855 1228 Secundo
1875 1171 2027 1248 quantum
2045 1163 2082 1228 ad
2099 1161 2266 1246 perlectam
2286 1163 2500 1232 reuerentiam
2520 1185 2599 1230 Potitio
2612 1197 2645 1232 n·

1548 1271 1583 1336 in
1607 1267 1725 1356 affecta
1760 1267 1883 1336 subdit:
1907 1269 2071 1336 Adueniet
2095 1285 2236 1354 regnatu
2270 1277 2375 1334 turena
2414 1271 2500 1338 Tunc
2546 1241 2622 1282 Μ

1550 1375 1631 1442 enim
1648 1375 1733 1440 heus
1748 1373 1884 1458 perfecte
1908 1383 2028 1462 repunt
2051 1377 2080 1442 in
2105 1375 2207 1452 nobis,
2226 1375 2351 1460 quando
2375 1393 2431 1440 nos
2447 1391 2501 1442 su-

1550 1499 1622 1546 mus
1643 1479 1770 1546 oninino
1788 1481 1815 1548 ei
1832 1481 1983 1560 subiecti,
2000 1483 2083 1566 qnod
2100 1481 2160 1548 erit
2176 1481 2206 1546 in
2225 1483 2304 1558 fine,
2327 1482 2501 1548 secuudum

1549 1585 1626 1652 illud
1648 1585 1767 1670 primae
1784 1585 1822 1652 θεῖ
1838 1585 2015 1654 Corinthios
2039 1587 2158 1654 decimo
2178 1587 2326 1674 quintal:
2359 1587 2502 1654 «Deinde

1550 1691 1637 1768 finis,
1661 1709 1734 1756 oum
1757 1689 1922 1756 tradiderit
1943 1709 2075 1776 regnum
2100 1693 2164 1758 Deo
2179 1699 2209 1760 et
2226 1693 2351 1758 Patri»,
2373 1693 2500 1778 «Opor-

1550 1801 1593 1862 tet
1617 1803 1721 1862 autem
1746 1813 1817 1862 eum
1842 1815 1992 1882 regnare,
2014 1797 2114 1864 donec
2147 1805 2243 1882 ponat
2276 1799 2419 1868 inimicos
2441 1801 2502 1868 sub

1549 1901 1682 1986 pedihus
1715 1901 1783 1966 eius
1799 1925 1830 1980 »;
1856 1907 1995 1986 etpost:
2024 1927 2041 1960 a
2057 1901 2133 1966 Cum
2166 1903 2307 1968 subiecta
2327 1903 2445 1970 fuerint
2475 1907 2500 1970 ei

1550 2009 1671 2088 omnia,
1705 2015 1781 2074 trano
1814 2015 1844 2074 θῖ
1879 2007 1944 2092 ipse
1980 2006 2074 2074 Filius
2106 2007 2265 2076 subiectus
2297 2009 2358 2074 erit
2386 2011 2416 2076 ei
2446 2011 2501 2094 qui

1550 2115 1682 2182 subiecit
1703 2115 1760 2182 sibi
1787 2115 1906 2194 omnia,
1931 2119 1967 2182 ut
1991 2115 2029 2182 sit
2045 2115 2128 2180 Deus
2142 2115 2246 2182 omnia
2262 2113 2296 2180 in
2311 2115 2457 2182 omnihus
2473 2143 2499 2182 ».

1550 2221 1610 2288 Hoc
1633 2229 1739 2288 autem
1761 2239 1912 2308 regnum,
1946 2239 2010 2308 quo
2046 2222 2128 2288 Deus
2159 2227 2268 2308 regnat
2300 2221 2330 2288 in
2366 2221 2501 2302 Sanctis,

1549 2327 1622 2392 lacit
1643 2329 1737 2394 etiam
1760 2327 1843 2412 ipsos
1868 2329 2005 2394 Sanctae
2028 2347 2162 2412 regnare
2185 2333 2216 2394 et
2239 2345 2306 2394 esse
2321 2347 2430 2414 reges,
2454 2343 2502 2394 se-

1550 2435 1686 2502 cundum
1709 2435 1788 2500 illud
1811 2435 2007 2520 Apocalypsis
2042 2435 2194 2520 quinto⁸:
2225 2461 2241 2494 «
2256 2433 2421 2500 Redemisti
2445 2451 2502 2500 nos

1549 2541 1667 2608 Deoia
1691 2541 1840 2626 sanguine
1865 2547 1920 2606 tuo
1943 2559 1986 2608 ex
2007 2539 2090 2606 orani
2117 2541 2201 2608 tribu
2226 2547 2255 2608 et
2271 2541 2378 2626 lingua
2402 2547 2433 2608 et
2447 2557 2502 2622 po-

1550 2647 1624 2734 pulo
1646 2655 1678 2712 et
1699 2647 1840 2724 natione,
1866 2653 1895 2714 et
1920 2645 2017 2712 iecisti
2034 2663 2090 2710 nas
2106 2647 2170 2710 Deo
2192 2651 2300 2712 nostro
2322 2661 2455 2728 regnum
2473 2653 2502 2712 et

1550 2753 1743 2832 sacerdoteS,
1766 2758 1798 2818 et
1820 2751 2020 2836 regnabimus
2053 2767 2146 2836 saper
2183 2756 2301 2816 terram
2315 2775 2346 2812 ».
2372 2751 2433 2816 lloc
2456 2757 2502 2818 est

1550 2875 1683 2942 regnum
1709 2855 1879 2940 petendum
1903 2863 1935 2922 et
1956 2857 2215 2936 desiderandum3
2240 2857 2277 2922 de
2294 2873 2358 2940 quo
2372 2855 2404 2920 in
2421 2857 2503 2922 Psal-

1551 2965 1644 3028 mol:
1679 2963 1851 3046 «Regnum
1886 2969 1995 3040 icauna,
2027 2979 2160 3046 regnum
2191 2961 2330 3028 omnium
2364 2961 2502 3028 saeculo·
2553 3047 2559 3052 ,-

1550 3085 1665 3144 numm
1691 3073 1720 3132 θῖ
1745 3067 1942 3150 Apocalypsis
1964 3065 2144 3132 undecimo:
2177 3067 2310 3132 «Factae
2325 3073 2503 3132 suntroces

1548 3189 1679 3258 niagnae
1694 3171 1726 3236 in
1743 3173 1826 3238 caelo
1849 3171 2003 3238 dicentes:
2030 3173 2157 3238 Factum
2181 3179 2228 3238 θεῖ
2250 3189 2382 3256 regnum
2408 3169 2503 3238 hidas

1548 3277 1656 3346 mundi
1682 3277 1804 3344 Domini
1826 3279 1926 3346 nostri
1949 3285 1982 3344 et
2003 3277 2132 3356 Christi,
2155 3277 2221 3344 Filii
2244 3277 2326 3356 eius,
2345 3283 2375 3344 et
2390 3295 2502 3364 regna-

1549 3385 1629 3452 bunt
1650 3385 1683 3450 in
1706 3385 1830 3452 saecula
1853 3385 2068 3464 saeculorum,
2093 3387 2186 3452 lmen
2201 3413 2234 3450 a.
2256 3421 2302 3432 —-
2325 3385 2382 3450 Per
2407 3385 2503 3452 huius
2516 3399 2664 3496 pleepap-

1550 3493 1637 3578 regni
1652 3493 1821 3556 adrentum
1838 3511 1899 3558 non
1918 3493 2067 3558 accrescit
2083 3493 2145 3558 Deo
2162 3491 2311 3578 potentia,
2327 3491 2382 3558 sed
2397 3491 2430 3556 in
2445 3493 2503 3558 ho·
2515 3463 2568 3496 ΠΜ
2586 3463 2624 3496 ”²¹¹
2635 3465 2670 3496 ω’

1549 3597 1687 3664 minibus
1699 3595 1834 3682 perfecta
1846 3597 2029 3664 obedientia.
2050 3597 2083 3662 ut
2100 3599 2170 3664 ideo
2185 3597 2268 3664 addit
2286 3597 2460 3664 llatthaeus
2477 3601 2502 3640 n

1549 3703 1722 3788 posthanc
1747 3703 1947 3786 petitionem:
1979 3729 1994 3760 «
2009 3703 2074 3768 Fiat
2097 3703 2243 3772 noluntas
2270 3711 2342 3782 tua,
2367 3703 2448 3770 sicut
2472 3703 2503 3772 in

1550 3811 1635 3876 caelo
1657 3815 1690 3874 et
1711 3809 1744 3874 in
1766 3815 1852 3876 terra
1868 3835 1898 3874 θ.
1925 3811 2054 3876 Terreni
2075 3811 2158 3876 enim
2192 3829 2255 3876 non
2279 3809 2417 3896 perfecte
2439 3811 2502 3878 Deo

1550 3915 1715 3994 obediunt,
1740 3920 1775 3982 ut
1810 3915 1973 3994 caelestem
1998 3921 2027 3982 et
2059 3919 2118 3982 hoc
2147 3917 2324 4002 insinuabat
2354 3917 2503 3984 [lominus

1550 4021 1671 4088 loannis
1693 4021 1812 4088 decimo
1835 4029 1958 4090 octauo:
1989 4023 2161 4108 «Regnum
2184 4039 2291 4090 meum
2313 4041 2377 4090 non
2401 4029 2448 4090 est
2464 4023 2502 4090 de

1550 4129 1609 4192 lroc
1632 4127 1750 4194 mundo
1766 4151 1797 4206 »3
1820 4135 1851 4192 θῖ
1882 4129 1959 4206 hoc,
1986 4129 2060 4212 qula
2081 4128 2224 4194 diabolus
2248 4133 2359 4214 regnat
2385 4129 2502 4196 inillis

1550 4233 1601 4320 qui
1628 4231 1776 4300 obediunt
1793 4233 1841 4312 ei,
1868 4233 2040 4302 secundum
2064 4233 2140 4302 illud
2165 4233 2202 4300 θεῖ
2228 4235 2376 4318 Ephesios
2391 4241 2502 4300 sento:

1556 4339 1692 4406 «blandi
1715 4345 1854 4408 rectores
1878 4341 2080 4408 tenebrarum
2105 4343 2217 4406 harum
2231 4367 2267 4406 a.
2288 4339 2345 4408 Sed
2369 4339 2400 4404 in
2419 4341 2503 4408 finali

1549 4445 1663 4512 iudicio
1688 4447 1815 4512 tolletur
1837 4447 1905 4512 eius
1930 4451 2082 4530 potestas,
2108 4447 2233 4532 quando
2262 4445 2409 4512 subditus
2442 4445 2504 4510 erit

1550 4551 1650 4618 omnis
1659 4551 1797 4616 mundas
1809 4551 1883 4630 Deo,
1895 4549 2068 4618 secundum
2081 4551 2158 4618 illud
2168 4549 2303 4618 'Danielis
2315 4549 2447 4634 septimo
2461 4551 2502 4614 11:

1544 4667 1570 4716 'c
1585 4657 1677 4724 Dedit
1709 4657 1738 4722 ei
1772 4662 1956 4742 potestatem
1993 4663 2023 4724 et
2060 4657 2209 4724 honorem
2234 4661 2264 4722 et
2288 4675 2437 4742 regnum,
2474 4663 2504 4722 et

1549 4779 1656 4828 omnes
1679 4761 1802 4846 populi,
1824 4761 1929 4828 trihus
1950 4767 1983 4828 et
2004 4759 2129 4846 linguae
2150 4759 2209 4846 ipsi
2235 4759 2414 4828 servient».

1640 4867 1690 4932 l3.
1715 4867 1816 4948 (Vers.
1849 4867 1903 4954 3.).
1938 4867 2043 4932 Tertio
2066 4885 2140 4932 uero
2173 4873 2325 4950 quantum
2350 4865 2387 4932 ad
2411 4865 2503 4954 saffl-
2521 4875 2658 4972 stappae

1550 4973 1705 5038 cientium
1728 4971 1764 5036 iu
1786 4971 1876 5036 uictu
1907 4971 2028 5038 subdit:
2055 4973 2182 5038 Panem
2215 4981 2367 5038 nostruin
2399 4973 2504 5060 picoti·
2603 4957 2609 4972 '

1550 5077 1692 5144 alanum
1713 5077 1760 5142 da
1789 5075 1884 5140 leodis
1915 5073 2027 5152 bodia-
2051 5077 2106 5142 ubi
2140 5075 2259 5158 petitur
2290 5077 2503 5162 principaliter

1550 5183 1638 5268 panis
1660 5179 1824 5248 alimoniae
1847 5179 2059 5266 spiritualis;
2080 5180 2166 5248 unde
2187 5181 2331 5250 llatthaei
2354 5189 2444 5250 sexto
2457 5185 2502 5248 ¹2:

1550 5523 1638 5578 bimus
1656 5529 1683 5578 et
1700 5527 1816 5590 perlecto
1832 5521 1998 5592 videbimus,
2016 5523 2079 5590 quia
2098 5523 2154 5590 ipse
2168 5527 2205 5576 est
2223 5525 2294 5578 Deus
2312 5521 2368 5592 [Ps.
2387 5523 2437 5588 te,
2457 5524 2504 5576 ll:

1554 5615 1650 5668 Vacute
1668 5617 1695 5668 et
1712 5611 1809 5680 videte,
1827 5611 1956 5680 qnoniam
1975 5625 2022 5682 epo
2036 5625 2099 5668 suut
2118 5611 2217 5682 Deua],·
2231 5615 2275 5666 olr.
2291 5613 2369 5666 etiam
2387 5613 2451 5664 Gen.
2471 5615 2505 5674 2,

1531 5703 1575 5774 Ι2.
1593 5707 1620 5756 θῖ
1638 5703 1668 5770 3,
1688 5701 1732 5754 ubi
1754 5701 1878 5754 Dominus
1895 5701 1923 5752 in
1942 5701 1986 5752 die
2003 5701 2116 5766 septimo
2128 5695 2185 5754 sive
2196 5699 2312 5754 Sabbata
2324 5699 2359 5752 ab
2378 5699 2505 5764 operibus

1548 5791 1680 5858 requievit
1698 5791 1840 5856 ipsumque
1859 5789 2037 5842 sanctificavit.

1620 5877 1631 5910 ⁷
1651 5881 1725 5932 Vers.
1746 5877 1788 5932 dl.
1808 5879 1849 5932 25.
1871 5883 1894 5932 θῖ
1914 5879 1956 5930 28.

1620 5963 1632 5996 ⁹
1650 5967 1743 6020 psalm.
1763 5961 1828 6030 til,
1849 5967 1891 6020 te.
1909 5971 1935 6018 θῖ
1952 5965 2015 6018 dein
2033 5965 2115 6030 Apoc.
2135 5965 2183 6034 ll,
2202 5965 2246 6018 ts.

1620 6051 1642 6086 ¹⁰
1660 6055 1724 6122 Cap.
1745 6055 1773 6118 6,
1795 6055 1835 6106 ld.
1847 6083 1885 6094 -
1901 6055 1959 6108 Duo
1979 6067 2052 6122 seqq.
2066 6055 2115 6106 loci
2129 6061 2188 6106 sunt
2199 6055 2268 6106 ioan.
2284 6053 2331 6118 l8,
2345 6051 2387 6104 36.
2399 6055 2427 6104 θῖ
2438 6053 2504 6116 Eph.

1550 6145 1580 6208 6,
1600 6147 1642 6196 ῖ2.
1659 6169 1696 6184 ··-
1713 6143 1822 6196 inferius
1842 6157 1892 6208 pro
1911 6141 2068 6198 insinuabat
2084 6143 2138 6196 Dll
2156 6141 2285 6198 insinuat.

1620 6229 1736 6286 11ῖῖθεε.
1756 6229 1797 6282 lt.

1619 6319 1642 6350 ¹²
1661 6321 1737 6376 Vers.
1760 6320 1802 6372 lt.
1814 6347 1848 6360 -
1862 6323 1930 6374 Pelr.
1950 6319 2098 6386 comestor,
2117 6319 2210 6376 litator.
2230 6319 2349 6374 scholast.
2364 6317 2389 6370 ia
2402 6317 2503 6384 Evang.

1549 6423 1572 6462 θ.
1591 6405 1638 6478 ta,
1655 6409 1783 6472 insinuat,
1803 6423 1896 6464 vocem
1914 6409 2200 6478 supersubstantialem
2225 6407 2331 6462 duobus
2360 6407 2445 6460 modis
2468 6407 2504 6460 in·

1548 6497 1630 6562 telligi
1646 6511 1740 6562 posse,
1759 6497 1801 6550 vel
1820 6503 1847 6550 ut
1866 6501 1904 6550 θεῖ
1917 6511 1968 6550 una
1988 6495 2079 6562 dictio,
2098 6503 2160 6550 tuno
2180 6493 2310 6560 significat
2329 6491 2503 6562 «Christum,

1548 6585 1593 6652 qui
1612 6591 1650 6638 est
1669 6583 1942 6650 supersubstantialis,
1955 6585 1983 6638 id
1996 6589 2034 6638 est
2046 6599 2126 6652 super
2137 6597 2230 6636 omnes
2242 6579 2414 6648 substantias,
2428 6589 2452 6636 et
2464 6589 2505 6636 est

1547 6673 1623 6740 panis
1640 6679 1728 6728 noster
1741 6673 1866 6740 inuitari,
1880 6673 1922 6726 vel
1936 6679 1998 6728 sont
2009 6673 2078 6726 duae
2090 6673 2217 6738 dictiones
2228 6691 2235 6726 ε
2246 6685 2328 6742 snper
2342 6669 2504 6728 substautia-

1549 6761 1629 6818 lem...
1646 6763 1674 6816 id
1692 6767 1731 6814 est
1750 6759 1895 6826 Christum,
1913 6763 1959 6830 qui
1979 6763 2103 6828 proprius
2121 6767 2160 6814 θεῖ
2178 6761 2310 6826 fidelium,
2321 6769 2347 6816 et
2360 6765 2410 6816 hoc
2424 6775 2505 6828 super

1548 6863 1655 6918 panem,
1675 6849 1702 6904 id
1720 6855 1760 6902 est
1777 6855 1882 6914 praeter
1899 6863 2021 6916 panem...
2042 6851 2217 6906 necessarium
2231 6873 2245 6902 a
2266 6857 2316 6908 etc.

2247 5873 2351 5930 8ῖῖθεε.
2371 5875 2395 5926 e.
2415 5879 2440 5926 et
2463 5875 2502 5926 td.
