<?xml version="1.0" encoding="UTF-8"?>
<!DOCTYPE html PUBLIC "-//W3C//DTD XHTML 1.0 Transitional//EN"
    "http://www.w3.org/TR/xhtml1/DTD/xhtml1-transitional.dtd">
<html xmlns="http://www.w3.org/1999/xhtml" xml:lang="en" lang="en">
 <head>
  <title>
</title>
<meta http-equiv="Content-Type" content="text/html;charset=utf-8" />
  <meta name='ocr-system' content='tesseract 3.04.00' />
  <meta name='ocr-capabilities' content='ocr_page ocr_carea ocr_par ocr_line ocrx_word'/>
</head>
<body>
  <div class='ocr_page' id='page_1' title='image "./doctorisseraphi01italgoog/doctorisseraphi01italgoog_0449.png"; bbox 0 0 5900 8266; ppageno 0'>
   <div class='ocr_carea' id='block_1_1' title="bbox 491 535 654 612">
    <p class='ocr_par' dir='ltr' id='par_1_1' title="bbox 491 535 654 612">
     <span class='ocr_line' id='line_1_1' title="bbox 491 535 654 612; baseline 0 -1"><span class='ocrx_word' id='word_1_1' title='bbox 491 547 556 612; x_wconf 79' lang='lat' dir='ltr'><strong>aee</strong></span> <span class='ocrx_word' id='word_1_2' title='bbox 650 535 654 544; x_wconf 82' lang='lat'>&#39;</span> 
     </span>
    </p>
   </div>
   <div class='ocr_carea' id='block_1_2' title="bbox 488 709 1450 2184">
    <p class='ocr_par' dir='ltr' id='par_1_2' title="bbox 488 709 1450 2074">
     <span class='ocr_line' id='line_1_2' title="bbox 491 709 1450 806; baseline -0.001 -20"><span class='ocrx_word' id='word_1_3' title='bbox 491 721 571 788; x_wconf 83' lang='lat' dir='ltr'><strong>forte</strong></span> <span class='ocrx_word' id='word_1_4' title='bbox 596 721 719 788; x_wconf 91' lang='lat' dir='ltr'><strong>dicatur</strong></span> <span class='ocrx_word' id='word_1_5' title='bbox 739 709 911 788; x_wconf 68' lang='lat' dir='ltr'><strong>intendenti</strong></span> <span class='ocrx_word' id='word_1_6' title='bbox 935 721 1123 806; x_wconf 79' lang='lat' dir='ltr'><strong>correptioni</strong></span> <span class='ocrx_word' id='word_1_7' title='bbox 1149 721 1268 788; x_wconf 88' lang='lat' dir='ltr'><strong>alienae</strong></span> <span class='ocrx_word' id='word_1_8' title='bbox 1297 727 1329 788; x_wconf 92' lang='lat' dir='ltr'><strong>et</strong></span> <span class='ocrx_word' id='word_1_9' title='bbox 1352 717 1450 804; x_wconf 85' lang='lat' dir='ltr'><strong>negli-</strong></span> 
     </span>
     <span class='ocr_line' id='line_1_3' title="bbox 491 825 1448 910; baseline -0.002 -18"><span class='ocrx_word' id='word_1_10' title='bbox 491 827 576 910; x_wconf 77' lang='lat' dir='ltr'><strong>genti</strong></span> <span class='ocrx_word' id='word_1_11' title='bbox 600 841 687 892; x_wconf 87' lang='lat' dir='ltr'><strong>suam</strong></span> <span class='ocrx_word' id='word_1_12' title='bbox 713 825 789 892; x_wconf 92' lang='lat' dir='ltr'><strong>illud</strong></span> <span class='ocrx_word' id='word_1_13' title='bbox 804 825 844 892; x_wconf 89' lang='lat' dir='ltr'><strong>ad</strong></span> <span class='ocrx_word' id='word_1_14' title='bbox 863 827 1014 892; x_wconf 83' lang='lat' dir='ltr'><strong>Romanos</strong></span> <span class='ocrx_word' id='word_1_15' title='bbox 1031 827 1168 894; x_wconf 91' lang='lat' dir='ltr'><strong>secundo</strong></span> <span class='ocrx_word' id='word_1_16' title='bbox 1181 829 1211 892; x_wconf 84' lang='lat'><strong>¹:</strong></span> <span class='ocrx_word' id='word_1_17' title='bbox 1233 827 1321 910; x_wconf 78' lang='lat' dir='ltr'><strong>«Qui</strong></span> <span class='ocrx_word' id='word_1_18' title='bbox 1352 827 1448 892; x_wconf 89' lang='lat' dir='ltr'><strong>alium</strong></span> 
     </span>
     <span class='ocr_line' id='line_1_4' title="bbox 491 930 1450 1014; baseline 0 -20"><span class='ocrx_word' id='word_1_19' title='bbox 491 931 585 998; x_wconf 89' lang='lat' dir='ltr'><strong>dores</strong></span> <span class='ocrx_word' id='word_1_20' title='bbox 614 937 644 998; x_wconf 91' lang='lat' dir='ltr'><strong>te</strong></span> <span class='ocrx_word' id='word_1_21' title='bbox 668 931 769 1014; x_wconf 91' lang='lat' dir='ltr'><strong>ipsum</strong></span> <span class='ocrx_word' id='word_1_22' title='bbox 795 949 857 996; x_wconf 93' lang='lat' dir='ltr'><strong>non</strong></span> <span class='ocrx_word' id='word_1_23' title='bbox 880 931 1029 998; x_wconf 67' lang='lat' dir='ltr'><strong>derassa</strong></span> <span class='ocrx_word' id='word_1_24' title='bbox 1059 937 1092 996; x_wconf 90' lang='lat' dir='ltr'><strong>et</strong></span> <span class='ocrx_word' id='word_1_25' title='bbox 1116 930 1195 998; x_wconf 90' lang='lat' dir='ltr'><strong>illud</strong></span> <span class='ocrx_word' id='word_1_26' title='bbox 1223 931 1367 1000; x_wconf 79' lang='lat' dir='ltr'><strong>Matthaei</strong></span> <span class='ocrx_word' id='word_1_27' title='bbox 1403 947 1450 996; x_wconf 92' lang='lat' dir='ltr'><strong>se-</strong></span> 
     </span>
     <span class='ocr_line' id='line_1_5' title="bbox 492 1035 1449 1120; baseline -0.002 -18"><span class='ocrx_word' id='word_1_28' title='bbox 492 1039 607 1120; x_wconf 92' lang='lat' dir='ltr'><strong>ptimo:</strong></span> <span class='ocrx_word' id='word_1_29' title='bbox 636 1063 653 1096; x_wconf 77' lang='lat' dir='ltr'><strong>a</strong></span> <span class='ocrx_word' id='word_1_30' title='bbox 668 1035 852 1120; x_wconf 83' lang='lat' dir='ltr'><strong>hypocrital</strong></span> <span class='ocrx_word' id='word_1_31' title='bbox 875 1037 953 1102; x_wconf 88' lang='lat' dir='ltr'><strong>eiioe</strong></span> <span class='ocrx_word' id='word_1_32' title='bbox 976 1037 1114 1120; x_wconf 89' lang='lat' dir='ltr'><strong>primurn</strong></span> <span class='ocrx_word' id='word_1_33' title='bbox 1141 1037 1262 1104; x_wconf 87' lang='lat' dir='ltr'><strong>trabem</strong></span> <span class='ocrx_word' id='word_1_34' title='bbox 1294 1035 1335 1102; x_wconf 93' lang='lat' dir='ltr'><strong>de</strong></span> <span class='ocrx_word' id='word_1_35' title='bbox 1357 1035 1449 1102; x_wconf 91' lang='lat' dir='ltr'><strong>oculo</strong></span> 
     </span>
     <span class='ocr_line' id='line_1_6' title="bbox 492 1141 1449 1220; baseline 0 -14"><span class='ocrx_word' id='word_1_36' title='bbox 492 1149 564 1220; x_wconf 89' lang='lat' dir='ltr'><strong>tuo,</strong></span> <span class='ocrx_word' id='word_1_37' title='bbox 590 1149 620 1210; x_wconf 90' lang='lat' dir='ltr'><strong>et</strong></span> <span class='ocrx_word' id='word_1_38' title='bbox 642 1149 719 1210; x_wconf 92' lang='lat' dir='ltr'><strong>tunc</strong></span> <span class='ocrx_word' id='word_1_39' title='bbox 741 1141 877 1218; x_wconf 68' lang='lat' dir='ltr'><strong>ridebis</strong></span> <span class='ocrx_word' id='word_1_40' title='bbox 908 1147 943 1206; x_wconf 83' lang='lat' dir='ltr'><strong>ut</strong></span> <span class='ocrx_word' id='word_1_41' title='bbox 971 1141 1085 1208; x_wconf 90' lang='lat' dir='ltr'><strong>educas</strong></span> <span class='ocrx_word' id='word_1_42' title='bbox 1110 1141 1263 1210; x_wconf 82' lang='lat' dir='ltr'><strong>festucam</strong></span> <span class='ocrx_word' id='word_1_43' title='bbox 1292 1141 1331 1208; x_wconf 91' lang='lat' dir='ltr'><strong>de</strong></span> <span class='ocrx_word' id='word_1_44' title='bbox 1357 1141 1449 1208; x_wconf 86' lang='lat' dir='ltr'><strong>oculo</strong></span> 
     </span>
     <span class='ocr_line' id='line_1_7' title="bbox 492 1247 1449 1332; baseline -0.001 -20"><span class='ocrx_word' id='word_1_45' title='bbox 492 1249 600 1316; x_wconf 85' lang='lat' dir='ltr'><strong>fratris</strong></span> <span class='ocrx_word' id='word_1_46' title='bbox 620 1249 714 1316; x_wconf 84' lang='lat' dir='ltr'><strong>tui».</strong></span> <span class='ocrx_word' id='word_1_47' title='bbox 747 1249 783 1314; x_wconf 89' lang='lat' dir='ltr'><strong>Et</strong></span> <span class='ocrx_word' id='word_1_48' title='bbox 812 1249 881 1314; x_wconf 93' lang='lat' dir='ltr'><strong>ideo</strong></span> <span class='ocrx_word' id='word_1_49' title='bbox 913 1247 1036 1314; x_wconf 92' lang='lat' dir='ltr'><strong>dicebat</strong></span> <span class='ocrx_word' id='word_1_50' title='bbox 1061 1248 1113 1314; x_wconf 92' lang='lat' dir='ltr'><strong>ille</strong></span> <span class='ocrx_word' id='word_1_51' title='bbox 1137 1249 1239 1314; x_wconf 91' lang='lat' dir='ltr'><strong>bonus</strong></span> <span class='ocrx_word' id='word_1_52' title='bbox 1271 1249 1449 1332; x_wconf 90' lang='lat' dir='ltr'><strong>speculator</strong></span> 
     </span>
     <span class='ocr_line' id='line_1_8' title="bbox 492 1351 1448 1444; baseline -0.002 -24"><span class='ocrx_word' id='word_1_53' title='bbox 492 1357 585 1422; x_wconf 85' lang='lat' dir='ltr'><strong>isaias</strong></span> <span class='ocrx_word' id='word_1_54' title='bbox 608 1355 756 1444; x_wconf 74' lang='lat' dir='ltr'><strong>vigesimo</strong></span> <span class='ocrx_word' id='word_1_55' title='bbox 789 1355 933 1440; x_wconf 74' lang='lat' dir='ltr'><strong>primo²r</strong></span> <span class='ocrx_word' id='word_1_56' title='bbox 972 1357 1104 1438; x_wconf 85' lang='lat' dir='ltr'><strong>«Super</strong></span> <span class='ocrx_word' id='word_1_57' title='bbox 1135 1357 1294 1440; x_wconf 90' lang='lat' dir='ltr'><strong>speculam</strong></span> <span class='ocrx_word' id='word_1_58' title='bbox 1326 1351 1448 1420; x_wconf 86' lang='lat' dir='ltr'><strong>Domini</strong></span> 
     </span>
     <span class='ocr_line' id='line_1_9' title="bbox 491 1459 1448 1548; baseline -0.002 -20"><span class='ocrx_word' id='word_1_59' title='bbox 491 1483 549 1548; x_wconf 82' lang='lat' dir='ltr'><strong>ego</strong></span> <span class='ocrx_word' id='word_1_60' title='bbox 563 1481 651 1544; x_wconf 78' lang='lat' dir='ltr'><strong>surra,</strong></span> <span class='ocrx_word' id='word_1_61' title='bbox 668 1469 753 1528; x_wconf 92' lang='lat' dir='ltr'><strong>stans</strong></span> <span class='ocrx_word' id='word_1_62' title='bbox 777 1461 891 1546; x_wconf 82' lang='lat' dir='ltr'><strong>iugiter</strong></span> <span class='ocrx_word' id='word_1_63' title='bbox 917 1479 973 1546; x_wconf 92' lang='lat' dir='ltr'><strong>per</strong></span> <span class='ocrx_word' id='word_1_64' title='bbox 995 1461 1096 1540; x_wconf 90' lang='lat' dir='ltr'><strong>diem,</strong></span> <span class='ocrx_word' id='word_1_65' title='bbox 1112 1467 1144 1528; x_wconf 93' lang='lat' dir='ltr'><strong>et</strong></span> <span class='ocrx_word' id='word_1_66' title='bbox 1157 1465 1255 1546; x_wconf 75' lang='lat' dir='ltr'><strong>&#39;super</strong></span> <span class='ocrx_word' id='word_1_67' title='bbox 1274 1459 1448 1528; x_wconf 89' lang='lat' dir='ltr'><strong>custodiam</strong></span> 
     </span>
     <span class='ocr_line' id='line_1_10' title="bbox 492 1565 1449 1654; baseline 0 -24"><span class='ocrx_word' id='word_1_68' title='bbox 492 1585 593 1632; x_wconf 88' lang='lat' dir='ltr'><strong>meam</strong></span> <span class='ocrx_word' id='word_1_69' title='bbox 623 1585 680 1654; x_wconf 81' lang='lat' dir='ltr'><strong>ego</strong></span> <span class='ocrx_word' id='word_1_70' title='bbox 711 1585 799 1644; x_wconf 90' lang='lat' dir='ltr'><strong>sum,</strong></span> <span class='ocrx_word' id='word_1_71' title='bbox 831 1573 918 1632; x_wconf 92' lang='lat' dir='ltr'><strong>stans</strong></span> <span class='ocrx_word' id='word_1_72' title='bbox 948 1567 1021 1632; x_wconf 90' lang='lat' dir='ltr'><strong>totis</strong></span> <span class='ocrx_word' id='word_1_73' title='bbox 1051 1567 1196 1634; x_wconf 90' lang='lat' dir='ltr'><strong>noctibus</strong></span> <span class='ocrx_word' id='word_1_74' title='bbox 1211 1591 1242 1630; x_wconf 87' lang='lat'><strong>».</strong></span> <span class='ocrx_word' id='word_1_75' title='bbox 1269 1565 1449 1632; x_wconf 85' lang='lat' dir='ltr'><strong>intendebat</strong></span> 
     </span>
     <span class='ocr_line' id='line_1_11' title="bbox 488 1669 1448 1756; baseline -0.002 -18"><span class='ocrx_word' id='word_1_76' title='bbox 488 1673 663 1756; x_wconf 76' lang='lat' dir='ltr'><strong>parociam,</strong></span> <span class='ocrx_word' id='word_1_77' title='bbox 686 1691 747 1738; x_wconf 94' lang='lat' dir='ltr'><strong>non</strong></span> <span class='ocrx_word' id='word_1_78' title='bbox 772 1671 854 1738; x_wconf 91' lang='lat' dir='ltr'><strong>sicut</strong></span> <span class='ocrx_word' id='word_1_79' title='bbox 883 1669 974 1748; x_wconf 87' lang='lat' dir='ltr'><strong>Cain;</strong></span> <span class='ocrx_word' id='word_1_80' title='bbox 1004 1671 1131 1738; x_wconf 86' lang='lat' dir='ltr'><strong>Genesis</strong></span> <span class='ocrx_word' id='word_1_81' title='bbox 1163 1675 1296 1756; x_wconf 79' lang='lat' dir='ltr'><strong>quiarto:</strong></span> <span class='ocrx_word' id='word_1_82' title='bbox 1334 1671 1448 1736; x_wconf 74' lang='lat' dir='ltr'><strong>«Nun-</strong></span> 
     </span>
     <span class='ocr_line' id='line_1_12' title="bbox 491 1777 1446 1862; baseline 0 -20"><span class='ocrx_word' id='word_1_83' title='bbox 491 1777 567 1862; x_wconf 90' lang='lat' dir='ltr'><strong>quid</strong></span> <span class='ocrx_word' id='word_1_84' title='bbox 588 1785 692 1846; x_wconf 90' lang='lat' dir='ltr'><strong>custos</strong></span> <span class='ocrx_word' id='word_1_85' title='bbox 716 1777 822 1842; x_wconf 86' lang='lat' dir='ltr'><strong>fratris</strong></span> <span class='ocrx_word' id='word_1_86' title='bbox 848 1777 909 1842; x_wconf 90' lang='lat' dir='ltr'><strong>mei</strong></span> <span class='ocrx_word' id='word_1_87' title='bbox 932 1793 1002 1840; x_wconf 92' lang='lat' dir='ltr'><strong>sum</strong></span> <span class='ocrx_word' id='word_1_88' title='bbox 1028 1787 1132 1862; x_wconf 72' lang='lat' dir='ltr'><strong>egou&#39;r</strong></span> <span class='ocrx_word' id='word_1_89' title='bbox 1150 1777 1331 1844; x_wconf 82' lang='lat' dir='ltr'><strong>intendebat</strong></span> <span class='ocrx_word' id='word_1_90' title='bbox 1354 1777 1446 1842; x_wconf 87' lang='lat' dir='ltr'><strong>etiam</strong></span> 
     </span>
     <span class='ocr_line' id='line_1_13' title="bbox 490 1883 1449 1966; baseline 0.003 -18"><span class='ocrx_word' id='word_1_91' title='bbox 490 1885 572 1960; x_wconf 83' lang='lat' dir='ltr'><strong>sihi,</strong></span> <span class='ocrx_word' id='word_1_92' title='bbox 597 1903 635 1950; x_wconf 92' lang='lat' dir='ltr'><strong>ne</strong></span> <span class='ocrx_word' id='word_1_93' title='bbox 650 1885 816 1962; x_wconf 73' lang='lat' dir='ltr'><strong>vdiceretur</strong></span> <span class='ocrx_word' id='word_1_94' title='bbox 832 1883 912 1949; x_wconf 91' lang='lat' dir='ltr'><strong>illud</strong></span> <span class='ocrx_word' id='word_1_95' title='bbox 926 1899 1025 1966; x_wconf 90' lang='lat' dir='ltr'><strong>supra</strong></span> <span class='ocrx_word' id='word_1_96' title='bbox 1040 1891 1171 1966; x_wconf 90' lang='lat' dir='ltr'><strong>quarto:</strong></span> <span class='ocrx_word' id='word_1_97' title='bbox 1194 1909 1211 1942; x_wconf 74' lang='lat' dir='ltr'><strong>a</strong></span> <span class='ocrx_word' id='word_1_98' title='bbox 1227 1883 1353 1962; x_wconf 85' lang='lat' dir='ltr'><strong>Mediae,</strong></span> <span class='ocrx_word' id='word_1_99' title='bbox 1370 1903 1449 1952; x_wconf 88' lang='lat' dir='ltr'><strong>cura</strong></span> 
     </span>
     <span class='ocr_line' id='line_1_14' title="bbox 492 1991 1299 2074; baseline -0.001 -18"><span class='ocrx_word' id='word_1_100' title='bbox 492 1999 522 2056; x_wconf 90' lang='lat' dir='ltr'><strong>te</strong></span> <span class='ocrx_word' id='word_1_101' title='bbox 545 1991 690 2074; x_wconf 73' lang='lat' dir='ltr'><strong>ipsum».</strong></span> <span class='ocrx_word' id='word_1_102' title='bbox 1101 2009 1103 2014; x_wconf 82' lang='grc'><strong>“</strong></span> <span class='ocrx_word' id='word_1_103' title='bbox 1298 2011 1299 2014; x_wconf 75' lang='grc'>’</span> 
     </span>
    </p>

    <p class='ocr_par' dir='ltr' id='par_1_3' title="bbox 580 2087 1448 2184">
     <span class='ocr_line' id='line_1_15' title="bbox 580 2087 1448 2184; baseline -0.001 -20"><span class='ocrx_word' id='word_1_104' title='bbox 580 2099 611 2164; x_wconf 93' lang='grc'><strong>8.</strong></span> <span class='ocrx_word' id='word_1_105' title='bbox 635 2097 778 2164; x_wconf 87' lang='lat' dir='ltr'><strong>Secundo</strong></span> <span class='ocrx_word' id='word_1_106' title='bbox 807 2101 963 2182; x_wconf 76' lang='lat' dir='ltr'><strong>parantum</strong></span> <span class='ocrx_word' id='word_1_107' title='bbox 986 2087 1034 2164; x_wconf 86' lang='lat' dir='ltr'><strong>¹ad</strong></span> <span class='ocrx_word' id='word_1_108' title='bbox 1063 2097 1278 2184; x_wconf 68' lang='lat' dir='ltr'><strong>disciplinam</strong></span> <span class='ocrx_word' id='word_1_109' title='bbox 1301 2105 1448 2182; x_wconf 86' lang='lat' dir='ltr'><strong>respecta</strong></span> 
     </span>
    </p>
   </div>
   <div class='ocr_carea' id='block_1_3' title="bbox 339 2203 1476 2404">
    <p class='ocr_par' dir='ltr' id='par_1_4' title="bbox 339 2203 1476 2404">
     <span class='ocr_line' id='line_1_16' title="bbox 339 2203 1447 2292; baseline 0.001 -24"><span class='ocrx_word' id='word_1_110' title='bbox 339 2209 469 2254; x_wconf 69' lang='lat' dir='ltr'><strong>Secundum·</strong></span> <span class='ocrx_word' id='word_1_111' title='bbox 489 2203 696 2288; x_wconf 77' lang='lat' dir='ltr'><strong>peccantiam</strong></span> <span class='ocrx_word' id='word_1_112' title='bbox 723 2203 846 2272; x_wconf 89' lang='lat' dir='ltr'><strong>subdit:</strong></span> <span class='ocrx_word' id='word_1_113' title='bbox 870 2203 909 2272; x_wconf 84' lang='lat' dir='ltr'><strong>Si</strong></span> <span class='ocrx_word' id='word_1_114' title='bbox 928 2205 1113 2290; x_wconf 86' lang='lat' dir='ltr'><strong>peccauerit</strong></span> <span class='ocrx_word' id='word_1_115' title='bbox 1128 2205 1166 2270; x_wconf 87' lang='lat' dir='ltr'><strong>in</strong></span> <span class='ocrx_word' id='word_1_116' title='bbox 1181 2213 1210 2272; x_wconf 91' lang='lat' dir='ltr'><strong>te</strong></span> <span class='ocrx_word' id='word_1_117' title='bbox 1232 2203 1342 2292; x_wconf 76' lang='lat' dir='ltr'><strong>frater</strong></span> <span class='ocrx_word' id='word_1_118' title='bbox 1358 2213 1447 2284; x_wconf 82' lang='lat' dir='ltr'><strong>taur,</strong></span> 
     </span>
     <span class='ocr_line' id='line_1_17' title="bbox 402 2309 1476 2404; baseline 0 -30"><span class='ocrx_word' id='word_1_119' title='bbox 402 2379 419 2404; x_wconf 40' lang='lat' dir='ltr'><em>l</em></span> <span class='ocrx_word' id='word_1_120' title='bbox 492 2309 628 2394; x_wconf 87' lang='lat' dir='ltr'><strong>increpa</strong></span> <span class='ocrx_word' id='word_1_121' title='bbox 653 2309 767 2386; x_wconf 70' lang='lat' dir='ltr'><strong>illam·</strong></span> <span class='ocrx_word' id='word_1_122' title='bbox 792 2317 822 2376; x_wconf 90' lang='lat' dir='ltr'><strong>et</strong></span> <span class='ocrx_word' id='word_1_123' title='bbox 839 2311 899 2376; x_wconf 92' lang='lat' dir='ltr'><strong>hoc</strong></span> <span class='ocrx_word' id='word_1_124' title='bbox 919 2329 977 2396; x_wconf 90' lang='lat' dir='ltr'><strong>per</strong></span> <span class='ocrx_word' id='word_1_125' title='bbox 992 2311 1223 2396; x_wconf 88' lang='lat' dir='ltr'><strong>correptionem</strong></span> <span class='ocrx_word' id='word_1_126' title='bbox 1239 2311 1448 2390; x_wconf 82' lang='lat' dir='ltr'><strong>amicabilem,</strong></span> <span class='ocrx_word' id='word_1_127' title='bbox 1475 2395 1476 2398; x_wconf 8' lang='grc' dir='ltr'><strong>Ἴ</strong></span> 
     </span>
    </p>
   </div>
   <div class='ocr_carea' id='block_1_4' title="bbox 491 2415 1448 3342">
    <p class='ocr_par' dir='ltr' id='par_1_5' title="bbox 491 2415 1448 3342">
     <span class='ocr_line' id='line_1_18' title="bbox 491 2415 1446 2502; baseline 0.002 -22"><span class='ocrx_word' id='word_1_128' title='bbox 491 2415 665 2482; x_wconf 89' lang='lat' dir='ltr'><strong>secundum</strong></span> <span class='ocrx_word' id='word_1_129' title='bbox 694 2415 771 2482; x_wconf 90' lang='lat' dir='ltr'><strong>illud</strong></span> <span class='ocrx_word' id='word_1_130' title='bbox 803 2417 960 2482; x_wconf 90' lang='lat' dir='ltr'><strong>secundae</strong></span> <span class='ocrx_word' id='word_1_131' title='bbox 989 2417 1028 2482; x_wconf 90' lang='lat' dir='ltr'><strong>ad</strong></span> <span class='ocrx_word' id='word_1_132' title='bbox 1059 2417 1258 2484; x_wconf 85' lang='lat' dir='ltr'><strong>Timotheum</strong></span> <span class='ocrx_word' id='word_1_133' title='bbox 1291 2417 1446 2502; x_wconf 65' lang='lat' dir='ltr'><strong>quartoi:</strong></span> 
     </span>
     <span class='ocr_line' id='line_1_19' title="bbox 497 2521 1448 2608; baseline 0.004 -24"><span class='ocrx_word' id='word_1_134' title='bbox 497 2521 643 2604; x_wconf 69' lang='lat' dir='ltr'><strong>«Argue,</strong></span> <span class='ocrx_word' id='word_1_135' title='bbox 672 2521 817 2600; x_wconf 89' lang='lat' dir='ltr'><strong>obsecra,</strong></span> <span class='ocrx_word' id='word_1_136' title='bbox 848 2521 976 2606; x_wconf 90' lang='lat' dir='ltr'><strong>increpa</strong></span> <span class='ocrx_word' id='word_1_137' title='bbox 1001 2523 1033 2588; x_wconf 91' lang='lat' dir='ltr'><strong>in</strong></span> <span class='ocrx_word' id='word_1_138' title='bbox 1058 2523 1140 2588; x_wconf 89' lang='lat' dir='ltr'><strong>omni</strong></span> <span class='ocrx_word' id='word_1_139' title='bbox 1168 2523 1315 2608; x_wconf 87' lang='lat' dir='ltr'><strong>patientia</strong></span> <span class='ocrx_word' id='word_1_140' title='bbox 1340 2529 1371 2590; x_wconf 89' lang='lat' dir='ltr'><strong>et</strong></span> <span class='ocrx_word' id='word_1_141' title='bbox 1394 2523 1448 2588; x_wconf 91' lang='lat' dir='ltr'><strong>do-</strong></span> 
     </span>
     <span class='ocr_line' id='line_1_20' title="bbox 491 2625 1447 2710; baseline 0.002 -20"><span class='ocrx_word' id='word_1_142' title='bbox 491 2625 633 2704; x_wconf 67' lang='lat' dir='ltr'><strong>ctrinan</strong></span> <span class='ocrx_word' id='word_1_143' title='bbox 659 2635 689 2692; x_wconf 92' lang='lat' dir='ltr'><strong>et</strong></span> <span class='ocrx_word' id='word_1_144' title='bbox 707 2625 910 2692; x_wconf 86' lang='lat' dir='ltr'><strong>Ecclesiastici</strong></span> <span class='ocrx_word' id='word_1_145' title='bbox 932 2625 1053 2692; x_wconf 90' lang='lat' dir='ltr'><strong>decimo</strong></span> <span class='ocrx_word' id='word_1_146' title='bbox 1076 2645 1176 2692; x_wconf 92' lang='lat' dir='ltr'><strong>nouo:</strong></span> <span class='ocrx_word' id='word_1_147' title='bbox 1199 2627 1356 2710; x_wconf 84' lang='lat' dir='ltr'><strong>«Corripe</strong></span> <span class='ocrx_word' id='word_1_148' title='bbox 1370 2627 1447 2692; x_wconf 87' lang='lat' dir='ltr'><strong>arni-</strong></span> 
     </span>
     <span class='ocr_line' id='line_1_21' title="bbox 492 2733 1447 2810; baseline 0.004 -14"><span class='ocrx_word' id='word_1_149' title='bbox 492 2749 580 2810; x_wconf 88' lang='lat' dir='ltr'><strong>cum,</strong></span> <span class='ocrx_word' id='word_1_150' title='bbox 599 2749 636 2800; x_wconf 90' lang='lat' dir='ltr'><strong>ne</strong></span> <span class='ocrx_word' id='word_1_151' title='bbox 660 2733 740 2800; x_wconf 85' lang='lat' dir='ltr'><strong>sorte</strong></span> <span class='ocrx_word' id='word_1_152' title='bbox 762 2753 823 2800; x_wconf 93' lang='lat' dir='ltr'><strong>non</strong></span> <span class='ocrx_word' id='word_1_153' title='bbox 842 2733 1035 2800; x_wconf 80' lang='lat' dir='ltr'><strong>intellexerit</strong></span> <span class='ocrx_word' id='word_1_154' title='bbox 1050 2741 1080 2800; x_wconf 91' lang='lat' dir='ltr'><strong>et</strong></span> <span class='ocrx_word' id='word_1_155' title='bbox 1105 2733 1203 2800; x_wconf 88' lang='lat' dir='ltr'><strong>dicat:</strong></span> <span class='ocrx_word' id='word_1_156' title='bbox 1221 2733 1287 2798; x_wconf 90' lang='lat' dir='ltr'><strong>Non</strong></span> <span class='ocrx_word' id='word_1_157' title='bbox 1301 2733 1374 2810; x_wconf 86' lang='lat' dir='ltr'><strong>feci;</strong></span> <span class='ocrx_word' id='word_1_158' title='bbox 1393 2741 1447 2800; x_wconf 90' lang='lat' dir='ltr'><strong>aut</strong></span> 
     </span>
     <span class='ocr_line' id='line_1_22' title="bbox 491 2837 1446 2922; baseline 0 -20"><span class='ocrx_word' id='word_1_159' title='bbox 491 2837 515 2902; x_wconf 89' lang='lat' dir='ltr'><strong>si</strong></span> <span class='ocrx_word' id='word_1_160' title='bbox 533 2837 621 2916; x_wconf 90' lang='lat' dir='ltr'><strong>iecit,</strong></span> <span class='ocrx_word' id='word_1_161' title='bbox 638 2857 678 2904; x_wconf 92' lang='lat' dir='ltr'><strong>ne</strong></span> <span class='ocrx_word' id='word_1_162' title='bbox 698 2837 815 2904; x_wconf 91' lang='lat' dir='ltr'><strong>iterum</strong></span> <span class='ocrx_word' id='word_1_163' title='bbox 840 2839 975 2904; x_wconf 80' lang='lat' dir='ltr'><strong>addat».</strong></span> <span class='ocrx_word' id='word_1_164' title='bbox 998 2839 1085 2904; x_wconf 93' lang='lat' dir='ltr'><strong>Unde</strong></span> <span class='ocrx_word' id='word_1_165' title='bbox 1109 2839 1169 2902; x_wconf 89' lang='lat' dir='ltr'><strong>ista</strong></span> <span class='ocrx_word' id='word_1_166' title='bbox 1191 2839 1362 2922; x_wconf 83' lang='lat' dir='ltr'><strong>increpatio</strong></span> <span class='ocrx_word' id='word_1_167' title='bbox 1385 2857 1446 2902; x_wconf 94' lang='lat' dir='ltr'><strong>non</strong></span> 
     </span>
     <span class='ocr_line' id='line_1_23' title="bbox 491 2933 1446 3022; baseline 0.001 -17"><span class='ocrx_word' id='word_1_168' title='bbox 491 2941 582 3006; x_wconf 89' lang='lat' dir='ltr'><strong>debet</strong></span> <span class='ocrx_word' id='word_1_169' title='bbox 598 2933 703 3008; x_wconf 84' lang='lat' dir='ltr'><strong>uenire</strong></span> <span class='ocrx_word' id='word_1_170' title='bbox 720 2959 760 3008; x_wconf 88' lang='lat' dir='ltr'><strong>ex</strong></span> <span class='ocrx_word' id='word_1_171' title='bbox 777 2943 842 3020; x_wconf 90' lang='lat' dir='ltr'><strong>ira,</strong></span> <span class='ocrx_word' id='word_1_172' title='bbox 860 2945 914 3008; x_wconf 92' lang='lat' dir='ltr'><strong>sed</strong></span> <span class='ocrx_word' id='word_1_173' title='bbox 929 2961 971 3010; x_wconf 87' lang='lat' dir='ltr'><strong>ex</strong></span> <span class='ocrx_word' id='word_1_174' title='bbox 987 2941 1169 3022; x_wconf 90' lang='lat' dir='ltr'><strong>clementia,</strong></span> <span class='ocrx_word' id='word_1_175' title='bbox 1184 2961 1245 3008; x_wconf 90' lang='lat' dir='ltr'><strong>non</strong></span> <span class='ocrx_word' id='word_1_176' title='bbox 1262 2959 1303 3008; x_wconf 88' lang='lat' dir='ltr'><strong>ex</strong></span> <span class='ocrx_word' id='word_1_177' title='bbox 1321 2941 1446 3006; x_wconf 88' lang='lat' dir='ltr'><strong>libidine</strong></span> 
     </span>
     <span class='ocr_line' id='line_1_24' title="bbox 492 3041 1445 3132; baseline 0 -20"><span class='ocrx_word' id='word_1_178' title='bbox 492 3047 662 3124; x_wconf 88' lang='lat' dir='ltr'><strong>uindictae,</strong></span> <span class='ocrx_word' id='word_1_179' title='bbox 686 3041 740 3114; x_wconf 93' lang='lat' dir='ltr'><strong>sed</strong></span> <span class='ocrx_word' id='word_1_180' title='bbox 762 3067 804 3114; x_wconf 93' lang='lat' dir='ltr'><strong>ex</strong></span> <span class='ocrx_word' id='word_1_181' title='bbox 819 3067 927 3114; x_wconf 90' lang='lat' dir='ltr'><strong>amore</strong></span> <span class='ocrx_word' id='word_1_182' title='bbox 944 3049 1095 3126; x_wconf 67' lang='lat' dir='ltr'><strong>iustitiam</strong></span> <span class='ocrx_word' id='word_1_183' title='bbox 1113 3049 1196 3114; x_wconf 93' lang='lat' dir='ltr'><strong>unde</strong></span> <span class='ocrx_word' id='word_1_184' title='bbox 1221 3047 1390 3132; x_wconf 77' lang='lat' dir='ltr'><strong>Gregorius</strong></span> <span class='ocrx_word' id='word_1_185' title='bbox 1415 3047 1445 3112; x_wconf 91' lang='lat' dir='ltr'><strong>in</strong></span> 
     </span>
     <span class='ocr_line' id='line_1_25' title="bbox 492 3153 1446 3238; baseline 0.002 -20"><span class='ocrx_word' id='word_1_186' title='bbox 492 3153 701 3220; x_wconf 74' lang='lat' dir='ltr'><strong>lloralihas4:</strong></span> <span class='ocrx_word' id='word_1_187' title='bbox 725 3155 782 3220; x_wconf 85' lang='lat' dir='ltr'><strong>«Si</strong></span> <span class='ocrx_word' id='word_1_188' title='bbox 801 3155 964 3236; x_wconf 87' lang='lat' dir='ltr'><strong>proximos</strong></span> <span class='ocrx_word' id='word_1_189' title='bbox 980 3153 1062 3220; x_wconf 90' lang='lat' dir='ltr'><strong>sieut</strong></span> <span class='ocrx_word' id='word_1_190' title='bbox 1077 3161 1109 3220; x_wconf 92' lang='lat' dir='ltr'><strong>et</strong></span> <span class='ocrx_word' id='word_1_191' title='bbox 1124 3171 1182 3220; x_wconf 91' lang='lat' dir='ltr'><strong>nos</strong></span> <span class='ocrx_word' id='word_1_192' title='bbox 1204 3153 1334 3238; x_wconf 81' lang='lat' dir='ltr'><strong>diligere</strong></span> <span class='ocrx_word' id='word_1_193' title='bbox 1355 3153 1446 3220; x_wconf 93' lang='lat' dir='ltr'><strong>debe-</strong></span> 
     </span>
     <span class='ocr_line' id='line_1_26' title="bbox 493 3259 1446 3342; baseline 0.004 -20"><span class='ocrx_word' id='word_1_194' title='bbox 493 3271 578 3336; x_wconf 90' lang='lat' dir='ltr'><strong>mus,</strong></span> <span class='ocrx_word' id='word_1_195' title='bbox 596 3265 708 3336; x_wconf 88' lang='lat' dir='ltr'><strong>restat,</strong></span> <span class='ocrx_word' id='word_1_196' title='bbox 727 3265 762 3326; x_wconf 92' lang='lat' dir='ltr'><strong>ot</strong></span> <span class='ocrx_word' id='word_1_197' title='bbox 786 3277 896 3324; x_wconf 90' lang='lat' dir='ltr'><strong>eorum</strong></span> <span class='ocrx_word' id='word_1_198' title='bbox 914 3259 1064 3342; x_wconf 87' lang='lat' dir='ltr'><strong>peccatis,</strong></span> <span class='ocrx_word' id='word_1_199' title='bbox 1082 3259 1166 3326; x_wconf 93' lang='lat' dir='ltr'><strong>sicut</strong></span> <span class='ocrx_word' id='word_1_200' title='bbox 1187 3267 1219 3326; x_wconf 93' lang='lat' dir='ltr'><strong>et</strong></span> <span class='ocrx_word' id='word_1_201' title='bbox 1235 3259 1368 3340; x_wconf 87' lang='lat' dir='ltr'><strong>nostris,</strong></span> <span class='ocrx_word' id='word_1_202' title='bbox 1384 3259 1446 3326; x_wconf 87' lang='lat' dir='ltr'><strong>ira·</strong></span> 
     </span>
    </p>
   </div>
   <div class='ocr_carea' id='block_1_5' title="bbox 340 3363 1446 3452">
    <p class='ocr_par' dir='ltr' id='par_1_6' title="bbox 340 3363 1446 3452">
     <span class='ocr_line' id='line_1_27' title="bbox 340 3363 1446 3452; baseline 0.006 -27"><span class='ocrx_word' id='word_1_203' title='bbox 340 3373 470 3418; x_wconf 75' lang='lat' dir='ltr'><strong>h&#39;otrrdrm·</strong></span> <span class='ocrx_word' id='word_1_204' title='bbox 485 3379 616 3430; x_wconf 86' lang='lat' dir='ltr'><strong>scamur</strong></span> <span class='ocrx_word' id='word_1_205' title='bbox 632 3391 662 3426; x_wconf 74' lang='lat' dir='ltr'><strong>a.</strong></span> <span class='ocrx_word' id='word_1_206' title='bbox 692 3363 812 3430; x_wconf 83' lang='lat' dir='ltr'><strong>Dicitur</strong></span> <span class='ocrx_word' id='word_1_207' title='bbox 844 3371 948 3430; x_wconf 88' lang='lat' dir='ltr'><strong>autem</strong></span> <span class='ocrx_word' id='word_1_208' title='bbox 978 3383 1117 3448; x_wconf 88' lang='lat' dir='ltr'><strong>peccare</strong></span> <span class='ocrx_word' id='word_1_209' title='bbox 1148 3365 1183 3430; x_wconf 92' lang='lat' dir='ltr'><strong>in</strong></span> <span class='ocrx_word' id='word_1_210' title='bbox 1214 3385 1294 3444; x_wconf 85' lang='lat' dir='ltr'><strong>raas,</strong></span> <span class='ocrx_word' id='word_1_211' title='bbox 1322 3365 1446 3452; x_wconf 82' lang='lat' dir='ltr'><strong>quando</strong></span> 
     </span>
    </p>
   </div>
   <div class='ocr_carea' id='block_1_6' title="bbox 490 3469 1447 4090">
    <p class='ocr_par' dir='ltr' id='par_1_7' title="bbox 490 3469 1447 3982">
     <span class='ocr_line' id='line_1_28' title="bbox 491 3469 1446 3554; baseline 0.004 -20"><span class='ocrx_word' id='word_1_212' title='bbox 491 3487 552 3534; x_wconf 93' lang='lat' dir='ltr'><strong>non</strong></span> <span class='ocrx_word' id='word_1_213' title='bbox 574 3469 676 3534; x_wconf 91' lang='lat' dir='ltr'><strong>solnm</strong></span> <span class='ocrx_word' id='word_1_214' title='bbox 707 3469 740 3536; x_wconf 89' lang='lat' dir='ltr'><strong>in</strong></span> <span class='ocrx_word' id='word_1_215' title='bbox 770 3487 936 3554; x_wconf 91' lang='lat' dir='ltr'><strong>personam</strong></span> <span class='ocrx_word' id='word_1_216' title='bbox 960 3479 1118 3550; x_wconf 90' lang='lat' dir='ltr'><strong>nostram,</strong></span> <span class='ocrx_word' id='word_1_217' title='bbox 1142 3471 1195 3538; x_wconf 87' lang='lat' dir='ltr'><strong>sed</strong></span> <span class='ocrx_word' id='word_1_218' title='bbox 1221 3471 1333 3550; x_wconf 85' lang='lat' dir='ltr'><strong>etiam,</strong></span> <span class='ocrx_word' id='word_1_219' title='bbox 1358 3471 1446 3538; x_wconf 91' lang='lat' dir='ltr'><strong>nobis</strong></span> 
     </span>
     <span class='ocr_line' id='line_1_29' title="bbox 491 3575 1446 3662; baseline 0.006 -22"><span class='ocrx_word' id='word_1_220' title='bbox 491 3575 721 3660; x_wconf 87' lang='lat' dir='ltr'><strong>praesentibus,</strong></span> <span class='ocrx_word' id='word_1_221' title='bbox 746 3583 867 3662; x_wconf 81' lang='lat' dir='ltr'><strong>peccat3</strong></span> <span class='ocrx_word' id='word_1_222' title='bbox 883 3577 967 3642; x_wconf 88' lang='lat' dir='ltr'><strong>unde</strong></span> <span class='ocrx_word' id='word_1_223' title='bbox 984 3577 1184 3662; x_wconf 76' lang='lat' dir='ltr'><strong>augustinus·</strong></span> <span class='ocrx_word' id='word_1_224' title='bbox 1198 3577 1237 3646; x_wconf 89' lang='lat' dir='ltr'><strong>de</strong></span> <span class='ocrx_word' id='word_1_225' title='bbox 1253 3577 1365 3646; x_wconf 84' lang='lat' dir='ltr'><strong>Verbis</strong></span> <span class='ocrx_word' id='word_1_226' title='bbox 1388 3579 1446 3646; x_wconf 86' lang='lat' dir='ltr'><strong>Do-</strong></span> 
     </span>
     <span class='ocr_line' id='line_1_30' title="bbox 490 3681 1447 3764; baseline 0.004 -18"><span class='ocrx_word' id='word_1_227' title='bbox 490 3681 609 3748; x_wconf 86' lang='lat' dir='ltr'><strong>miui⁵:</strong></span> <span class='ocrx_word' id='word_1_228' title='bbox 638 3709 653 3740; x_wconf 70' lang='grc' dir='ltr'>α</span> <span class='ocrx_word' id='word_1_229' title='bbox 667 3683 775 3750; x_wconf 87' lang='lat' dir='ltr'><strong>Peccat</strong></span> <span class='ocrx_word' id='word_1_230' title='bbox 797 3683 894 3750; x_wconf 85' lang='lat' dir='ltr'><strong>frater</strong></span> <span class='ocrx_word' id='word_1_231' title='bbox 918 3685 949 3748; x_wconf 92' lang='lat' dir='ltr'><strong>in</strong></span> <span class='ocrx_word' id='word_1_232' title='bbox 974 3703 1049 3764; x_wconf 90' lang='lat' dir='ltr'><strong>nos,</strong></span> <span class='ocrx_word' id='word_1_233' title='bbox 1065 3685 1090 3750; x_wconf 92' lang='lat' dir='ltr'><strong>si</strong></span> <span class='ocrx_word' id='word_1_234' title='bbox 1108 3685 1220 3764; x_wconf 91' lang='lat' dir='ltr'><strong>etiam,</strong></span> <span class='ocrx_word' id='word_1_235' title='bbox 1243 3685 1332 3750; x_wconf 89' lang='lat' dir='ltr'><strong>nohis</strong></span> <span class='ocrx_word' id='word_1_236' title='bbox 1349 3685 1447 3752; x_wconf 87' lang='lat' dir='ltr'><strong>scien·</strong></span> 
     </span>
     <span class='ocr_line' id='line_1_31' title="bbox 491 3789 1446 3878; baseline 0.002 -22"><span class='ocrx_word' id='word_1_237' title='bbox 491 3789 592 3868; x_wconf 90' lang='lat' dir='ltr'><strong>tibus,</strong></span> <span class='ocrx_word' id='word_1_238' title='bbox 617 3797 724 3874; x_wconf 91' lang='lat' dir='ltr'><strong>peccat</strong></span> <span class='ocrx_word' id='word_1_239' title='bbox 741 3819 770 3870; x_wconf 91' lang='lat'><strong>»,</strong></span> <span class='ocrx_word' id='word_1_240' title='bbox 797 3791 886 3876; x_wconf 89' lang='lat' dir='ltr'><strong>quia,</strong></span> <span class='ocrx_word' id='word_1_241' title='bbox 912 3799 1066 3876; x_wconf 88' lang='lat' dir='ltr'><strong>quantum</strong></span> <span class='ocrx_word' id='word_1_242' title='bbox 1096 3791 1127 3856; x_wconf 93' lang='lat' dir='ltr'><strong>in</strong></span> <span class='ocrx_word' id='word_1_243' title='bbox 1152 3811 1188 3858; x_wconf 92' lang='lat' dir='ltr'><strong>eo</strong></span> <span class='ocrx_word' id='word_1_244' title='bbox 1211 3789 1286 3872; x_wconf 79' lang='lat' dir='ltr'><strong>est,</strong></span> <span class='ocrx_word' id='word_1_245' title='bbox 1301 3791 1446 3878; x_wconf 91' lang='lat' dir='ltr'><strong>exemplo</strong></span> 
     </span>
     <span class='ocr_line' id='line_1_32' title="bbox 490 3895 1344 3982; baseline 0.005 -22"><span class='ocrx_word' id='word_1_246' title='bbox 490 3913 547 3964; x_wconf 90' lang='lat' dir='ltr'><strong>nos</strong></span> <span class='ocrx_word' id='word_1_247' title='bbox 569 3899 760 3982; x_wconf 89' lang='lat' dir='ltr'><strong>corrumpit,</strong></span> <span class='ocrx_word' id='word_1_248' title='bbox 786 3917 866 3982; x_wconf 85' lang='lat' dir='ltr'><strong>quos</strong></span> <span class='ocrx_word' id='word_1_249' title='bbox 889 3903 985 3964; x_wconf 82' lang='lat' dir='ltr'><strong>testes</strong></span> <span class='ocrx_word' id='word_1_250' title='bbox 1007 3895 1181 3982; x_wconf 89' lang='lat' dir='ltr'><strong>iniquitatis</strong></span> <span class='ocrx_word' id='word_1_251' title='bbox 1202 3897 1310 3964; x_wconf 82' lang='lat' dir='ltr'><strong>elficit.</strong></span> <span class='ocrx_word' id='word_1_252' title='bbox 1343 3903 1344 3906; x_wconf 75' lang='grc'>’</span> 
     </span>
    </p>

    <p class='ocr_par' dir='ltr' id='par_1_8' title="bbox 578 4003 1445 4090">
     <span class='ocr_line' id='line_1_33' title="bbox 578 4003 1445 4090; baseline 0.001 -24"><span class='ocrx_word' id='word_1_253' title='bbox 578 4003 609 4066; x_wconf 84' lang='grc'><strong>9.</strong></span> <span class='ocrx_word' id='word_1_254' title='bbox 635 4003 670 4068; x_wconf 86' lang='lat' dir='ltr'><strong>Et</strong></span> <span class='ocrx_word' id='word_1_255' title='bbox 692 4011 783 4084; x_wconf 88' lang='lat' dir='ltr'><strong>nota,</strong></span> <span class='ocrx_word' id='word_1_256' title='bbox 815 4003 899 4090; x_wconf 89' lang='lat' dir='ltr'><strong>quod</strong></span> <span class='ocrx_word' id='word_1_257' title='bbox 932 4005 963 4070; x_wconf 93' lang='lat' dir='ltr'><strong>in</strong></span> <span class='ocrx_word' id='word_1_258' title='bbox 995 4003 1298 4090; x_wconf 53' lang='lat' dir='ltr'><strong>hao‘iucrepatione</strong></span> <span class='ocrx_word' id='word_1_259' title='bbox 1326 4003 1445 4072; x_wconf 88' lang='lat' dir='ltr'><strong>serrari</strong></span> 
     </span>
    </p>
   </div>
   <div class='ocr_carea' id='block_1_7' title="bbox 332 4109 1446 4216">
    <p class='ocr_par' dir='ltr' id='par_1_9' title="bbox 332 4109 1446 4216">
     <span class='ocr_line' id='line_1_34' title="bbox 332 4109 1446 4216; baseline -0.001 -42"><span class='ocrx_word' id='word_1_260' title='bbox 332 4117 471 4216; x_wconf 48' lang='lat' dir='ltr'><strong>,ffississigiss</strong></span> <span class='ocrx_word' id='word_1_261' title='bbox 490 4109 580 4176; x_wconf 88' lang='lat' dir='ltr'><strong>dehet</strong></span> <span class='ocrx_word' id='word_1_262' title='bbox 604 4109 697 4190; x_wconf 87' lang='lat' dir='ltr'><strong>ordo,</strong></span> <span class='ocrx_word' id='word_1_263' title='bbox 714 4109 767 4194; x_wconf 90' lang='lat' dir='ltr'><strong>qui</strong></span> <span class='ocrx_word' id='word_1_264' title='bbox 794 4111 987 4194; x_wconf 82' lang='lat' dir='ltr'><strong>exprimitur</strong></span> <span class='ocrx_word' id='word_1_265' title='bbox 1003 4109 1147 4176; x_wconf 87' lang='lat' dir='ltr'><strong>blatthaei</strong></span> <span class='ocrx_word' id='word_1_266' title='bbox 1166 4111 1285 4174; x_wconf 91' lang='lat' dir='ltr'><strong>decimo</strong></span> <span class='ocrx_word' id='word_1_267' title='bbox 1301 4111 1446 4176; x_wconf 69' lang='lat' dir='ltr'><strong>octaroiz</strong></span> 
     </span>
    </p>
   </div>
   <div class='ocr_carea' id='block_1_8' title="bbox 332 4225 383 4268">
    <p class='ocr_par' dir='ltr' id='par_1_10' title="bbox 332 4225 383 4268">
     <span class='ocr_line' id='line_1_35' title="bbox 332 4225 383 4268; baseline 0 0"><span class='ocrx_word' id='word_1_268' title='bbox 332 4225 383 4268; x_wconf 86' lang='lat' dir='ltr'><strong>tria.</strong></span> 
     </span>
    </p>
   </div>
   <div class='ocr_carea' id='block_1_9' title="bbox 490 4217 1446 4622">
    <p class='ocr_par' dir='ltr' id='par_1_11' title="bbox 490 4217 1446 4622">
     <span class='ocr_line' id='line_1_36' title="bbox 496 4217 1446 4300; baseline 0.007 -25"><span class='ocrx_word' id='word_1_269' title='bbox 496 4243 510 4276; x_wconf 72' lang='lat' dir='ltr'><strong>a</strong></span> <span class='ocrx_word' id='word_1_270' title='bbox 527 4217 558 4282; x_wconf 84' lang='lat' dir='ltr'><strong>si</strong></span> <span class='ocrx_word' id='word_1_271' title='bbox 581 4219 758 4300; x_wconf 87' lang='lat' dir='ltr'><strong>peccauerit</strong></span> <span class='ocrx_word' id='word_1_272' title='bbox 779 4219 811 4282; x_wconf 89' lang='lat' dir='ltr'><strong>in</strong></span> <span class='ocrx_word' id='word_1_273' title='bbox 835 4223 866 4282; x_wconf 93' lang='lat' dir='ltr'><strong>te</strong></span> <span class='ocrx_word' id='word_1_274' title='bbox 888 4217 988 4282; x_wconf 82' lang='lat' dir='ltr'><strong>irater</strong></span> <span class='ocrx_word' id='word_1_275' title='bbox 1011 4225 1111 4294; x_wconf 76' lang='lat' dir='ltr'><strong>tuuS,</strong></span> <span class='ocrx_word' id='word_1_276' title='bbox 1128 4217 1252 4300; x_wconf 90' lang='lat' dir='ltr'><strong>corripe</strong></span> <span class='ocrx_word' id='word_1_277' title='bbox 1268 4235 1351 4282; x_wconf 89' lang='lat' dir='ltr'><strong>eum</strong></span> <span class='ocrx_word' id='word_1_278' title='bbox 1366 4217 1446 4282; x_wconf 91' lang='lat' dir='ltr'><strong>inter</strong></span> 
     </span>
     <span class='ocr_line' id='line_1_37' title="bbox 491 4321 1446 4408; baseline -0.004 -18"><span class='ocrx_word' id='word_1_279' title='bbox 491 4331 520 4390; x_wconf 94' lang='lat' dir='ltr'><strong>te</strong></span> <span class='ocrx_word' id='word_1_280' title='bbox 545 4329 574 4390; x_wconf 94' lang='lat' dir='ltr'><strong>et</strong></span> <span class='ocrx_word' id='word_1_281' title='bbox 598 4323 699 4408; x_wconf 91' lang='lat' dir='ltr'><strong>ipsum</strong></span> <span class='ocrx_word' id='word_1_282' title='bbox 726 4325 825 4390; x_wconf 91' lang='lat' dir='ltr'><strong>solum</strong></span> <span class='ocrx_word' id='word_1_283' title='bbox 844 4351 875 4390; x_wconf 88' lang='lat'><strong>».</strong></span> <span class='ocrx_word' id='word_1_284' title='bbox 893 4325 930 4408; x_wconf 89' lang='lat' dir='ltr'><strong>Et</strong></span> <span class='ocrx_word' id='word_1_285' title='bbox 946 4329 1016 4408; x_wconf 92' lang='lat' dir='ltr'><strong>post</strong></span> <span class='ocrx_word' id='word_1_286' title='bbox 1031 4321 1256 4408; x_wconf 58' lang='lat' dir='ltr'><strong>subdimquod</strong></span> <span class='ocrx_word' id='word_1_287' title='bbox 1273 4321 1446 4389; x_wconf 85' lang='lat' dir='ltr'><strong>adhibendi</strong></span> 
     </span>
     <span class='ocr_line' id='line_1_38' title="bbox 491 4421 1445 4510; baseline -0.004 -14"><span class='ocrx_word' id='word_1_288' title='bbox 491 4437 564 4496; x_wconf 88' lang='lat' dir='ltr'><strong>sont</strong></span> <span class='ocrx_word' id='word_1_289' title='bbox 599 4435 708 4510; x_wconf 89' lang='lat' dir='ltr'><strong>testes,</strong></span> <span class='ocrx_word' id='word_1_290' title='bbox 742 4429 852 4498; x_wconf 89' lang='lat' dir='ltr'><strong>deinde</strong></span> <span class='ocrx_word' id='word_1_291' title='bbox 886 4421 1067 4496; x_wconf 88' lang='lat' dir='ltr'><strong>dicendum</strong></span> <span class='ocrx_word' id='word_1_292' title='bbox 1088 4435 1135 4496; x_wconf 92' lang='lat' dir='ltr'><strong>est</strong></span> <span class='ocrx_word' id='word_1_293' title='bbox 1173 4429 1333 4494; x_wconf 82' lang='lat' dir='ltr'><strong>Ecclesiae.</strong></span> <span class='ocrx_word' id='word_1_294' title='bbox 1370 4429 1445 4494; x_wconf 91' lang='lat' dir='ltr'><strong>Nam</strong></span> 
     </span>
     <span class='ocr_line' id='line_1_39' title="bbox 490 4535 1446 4622; baseline 0 -22"><span class='ocrx_word' id='word_1_295' title='bbox 490 4535 591 4620; x_wconf 92' lang='lat' dir='ltr'><strong>primo</strong></span> <span class='ocrx_word' id='word_1_296' title='bbox 626 4543 768 4622; x_wconf 89' lang='lat' dir='ltr'><strong>peccator</strong></span> <span class='ocrx_word' id='word_1_297' title='bbox 804 4535 895 4602; x_wconf 91' lang='lat' dir='ltr'><strong>debet</strong></span> <span class='ocrx_word' id='word_1_298' title='bbox 930 4535 1070 4602; x_wconf 84' lang='lat' dir='ltr'><strong>reuocari</strong></span> <span class='ocrx_word' id='word_1_299' title='bbox 1108 4553 1240 4612; x_wconf 89' lang='lat' dir='ltr'><strong>amore;</strong></span> <span class='ocrx_word' id='word_1_300' title='bbox 1274 4535 1361 4620; x_wconf 91' lang='lat' dir='ltr'><strong>qnod</strong></span> <span class='ocrx_word' id='word_1_301' title='bbox 1394 4535 1446 4612; x_wconf 87' lang='lat' dir='ltr'><strong>ht,</strong></span> 
     </span>
    </p>
   </div>
   <div class='ocr_carea' id='block_1_10' title="bbox 561 4883 1446 4996">
    <p class='ocr_par' dir='ltr' id='par_1_12' title="bbox 561 4883 1446 4996">
     <span class='ocr_line' id='line_1_40' title="bbox 561 4883 1446 4996; baseline 0.002 -26"><span class='ocrx_word' id='word_1_302' title='bbox 561 4919 570 4948; x_wconf 89' lang='lat'><strong>¹</strong></span> <span class='ocrx_word' id='word_1_303' title='bbox 592 4921 666 4972; x_wconf 90' lang='lat' dir='ltr'><strong>Vers.</strong></span> <span class='ocrx_word' id='word_1_304' title='bbox 685 4921 727 4972; x_wconf 84' lang='lat' dir='ltr'><strong>8l.</strong></span> <span class='ocrx_word' id='word_1_305' title='bbox 747 4927 771 4972; x_wconf 92' lang='lat' dir='ltr'><strong>et</strong></span> <span class='ocrx_word' id='word_1_306' title='bbox 790 4921 883 4974; x_wconf 88' lang='lat' dir='ltr'><strong>deinde</strong></span> <span class='ocrx_word' id='word_1_307' title='bbox 896 4883 989 4972; x_wconf 15' lang='lat' dir='ltr'><strong>&#39;blatan</strong></span> <span class='ocrx_word' id='word_1_308' title='bbox 1008 4919 1041 4982; x_wconf 89' lang='lat'><strong>7,</strong></span> <span class='ocrx_word' id='word_1_309' title='bbox 1060 4921 1084 4976; x_wconf 84' lang='lat'><strong>5.</strong></span> <span class='ocrx_word' id='word_1_310' title='bbox 1100 4951 1133 4996; x_wconf 55' lang='lat' dir='ltr'><strong>f*</strong></span> <span class='ocrx_word' id='word_1_311' title='bbox 1153 4921 1279 4984; x_wconf 85' lang='lat' dir='ltr'><strong>Superius</strong></span> <span class='ocrx_word' id='word_1_312' title='bbox 1299 4935 1354 4992; x_wconf 91' lang='lat' dir='ltr'><strong>pro</strong></span> <span class='ocrx_word' id='word_1_313' title='bbox 1366 4883 1446 4974; x_wconf 87' lang='lat' dir='ltr'><strong>inien-</strong></span> 
     </span>
    </p>
   </div>
   <div class='ocr_carea' id='block_1_11' title="bbox 412 5007 1449 6926">
    <p class='ocr_par' dir='ltr' id='par_1_13' title="bbox 412 5007 1449 6926">
     <span class='ocr_line' id='line_1_41' title="bbox 491 5007 1179 5078; baseline 0 -16"><span class='ocrx_word' id='word_1_314' title='bbox 491 5007 563 5062; x_wconf 88' lang='lat' dir='ltr'><strong>denti</strong></span> <span class='ocrx_word' id='word_1_315' title='bbox 579 5009 601 5058; x_wconf 90' lang='lat' dir='ltr'>D</span> <span class='ocrx_word' id='word_1_316' title='bbox 620 5009 749 5076; x_wconf 80' lang='lat' dir='ltr'><strong>pipilanli.</strong></span> <span class='ocrx_word' id='word_1_317' title='bbox 1163 5069 1179 5078; x_wconf 73' lang='lat'><strong>.</strong></span> 
     </span>
     <span class='ocr_line' id='line_1_42' title="bbox 561 5093 1446 5164; baseline 0 -16"><span class='ocrx_word' id='word_1_318' title='bbox 561 5093 666 5148; x_wconf 78' lang='lat' dir='ltr'><strong>²Vers.</strong></span> <span class='ocrx_word' id='word_1_319' title='bbox 688 5099 713 5150; x_wconf 91' lang='lat'><strong>8.</strong></span> <span class='ocrx_word' id='word_1_320' title='bbox 735 5125 768 5134; x_wconf 99' lang='lat'>-</span> <span class='ocrx_word' id='word_1_321' title='bbox 788 5097 844 5148; x_wconf 90' lang='lat' dir='ltr'><strong>Duo</strong></span> <span class='ocrx_word' id='word_1_322' title='bbox 864 5101 937 5164; x_wconf 83' lang='lat' dir='ltr'><strong>seqq.</strong></span> <span class='ocrx_word' id='word_1_323' title='bbox 956 5097 1005 5148; x_wconf 90' lang='lat' dir='ltr'><strong>loci</strong></span> <span class='ocrx_word' id='word_1_324' title='bbox 1024 5101 1085 5148; x_wconf 89' lang='lat' dir='ltr'><strong>sunt</strong></span> <span class='ocrx_word' id='word_1_325' title='bbox 1104 5093 1178 5148; x_wconf 80' lang='lat' dir='ltr'><strong>Gen·</strong></span> <span class='ocrx_word' id='word_1_326' title='bbox 1193 5097 1224 5164; x_wconf 74' lang='lat' dir='ltr'><strong>l,</strong></span> <span class='ocrx_word' id='word_1_327' title='bbox 1244 5099 1266 5148; x_wconf 84' lang='lat'><strong>8.</strong></span> <span class='ocrx_word' id='word_1_328' title='bbox 1288 5103 1314 5148; x_wconf 88' lang='lat' dir='ltr'><strong>et</strong></span> <span class='ocrx_word' id='word_1_329' title='bbox 1331 5099 1394 5148; x_wconf 90' lang='lat' dir='ltr'><strong>Luc.</strong></span> <span class='ocrx_word' id='word_1_330' title='bbox 1418 5097 1446 5158; x_wconf 81' lang='lat' dir='ltr'><strong>l.</strong></span> 
     </span>
     <span class='ocr_line' id='line_1_43' title="bbox 493 5181 1445 5248; baseline -0.002 -14"><span class='ocrx_word' id='word_1_331' title='bbox 493 5185 533 5234; x_wconf 83' lang='lat'><strong>83.</strong></span> <span class='ocrx_word' id='word_1_332' title='bbox 551 5211 586 5222; x_wconf 98' lang='lat'>-</span> <span class='ocrx_word' id='word_1_333' title='bbox 606 5185 693 5236; x_wconf 88' lang='lat' dir='ltr'><strong>Glossa</strong></span> <span class='ocrx_word' id='word_1_334' title='bbox 713 5183 912 5238; x_wconf 82' lang='lat' dir='ltr'><strong>interlinearis:</strong></span> <span class='ocrx_word' id='word_1_335' title='bbox 932 5181 1077 5246; x_wconf 81' lang='lat' dir='ltr'><strong>Attendite,</strong></span> <span class='ocrx_word' id='word_1_336' title='bbox 1098 5197 1178 5246; x_wconf 81' lang='lat' dir='ltr'><strong>ergo,</strong></span> <span class='ocrx_word' id='word_1_337' title='bbox 1201 5183 1290 5246; x_wconf 85' lang='lat' dir='ltr'><strong>cobis,</strong></span> <span class='ocrx_word' id='word_1_338' title='bbox 1313 5197 1347 5232; x_wconf 88' lang='lat' dir='ltr'><strong>ne</strong></span> <span class='ocrx_word' id='word_1_339' title='bbox 1366 5197 1445 5248; x_wconf 90' lang='lat' dir='ltr'><strong>quem</strong></span> 
     </span>
     <span class='ocr_line' id='line_1_44' title="bbox 492 5265 1444 5336; baseline -0.002 -14"><span class='ocrx_word' id='word_1_340' title='bbox 492 5271 607 5324; x_wconf 86' lang='lat' dir='ltr'><strong>laedatis.</strong></span> <span class='ocrx_word' id='word_1_341' title='bbox 633 5273 715 5334; x_wconf 82' lang='lat' dir='ltr'><strong>Beda,</strong></span> <span class='ocrx_word' id='word_1_342' title='bbox 737 5275 766 5324; x_wconf 90' lang='lat' dir='ltr'><strong>V.</strong></span> <span class='ocrx_word' id='word_1_343' title='bbox 787 5273 811 5322; x_wconf 90' lang='lat' dir='ltr'><strong>in</strong></span> <span class='ocrx_word' id='word_1_344' title='bbox 831 5273 891 5324; x_wconf 87' lang='lat' dir='ltr'><strong>Luc.</strong></span> <span class='ocrx_word' id='word_1_345' title='bbox 914 5271 958 5336; x_wconf 79' lang='lat' dir='ltr'><strong>tl,</strong></span> <span class='ocrx_word' id='word_1_346' title='bbox 986 5273 1012 5322; x_wconf 83' lang='lat'><strong>3:</strong></span> <span class='ocrx_word' id='word_1_347' title='bbox 1034 5273 1090 5336; x_wconf 82' lang='lat' dir='ltr'><strong>ero</strong></span> <span class='ocrx_word' id='word_1_348' title='bbox 1111 5271 1188 5334; x_wconf 79' lang='lat' dir='ltr'><strong>igitur</strong></span> <span class='ocrx_word' id='word_1_349' title='bbox 1212 5271 1305 5322; x_wconf 90' lang='lat' dir='ltr'><strong>ordine</strong></span> <span class='ocrx_word' id='word_1_350' title='bbox 1323 5265 1444 5322; x_wconf 84' lang='lat' dir='ltr'><strong>scandula</strong></span> 
     </span>
     <span class='ocr_line' id='line_1_45' title="bbox 490 5359 1446 5424; baseline -0.002 -14"><span class='ocrx_word' id='word_1_351' title='bbox 490 5359 622 5410; x_wconf 83' lang='lat' dir='ltr'><strong>declinare</strong></span> <span class='ocrx_word' id='word_1_352' title='bbox 639 5365 665 5410; x_wconf 90' lang='lat' dir='ltr'><strong>et</strong></span> <span class='ocrx_word' id='word_1_353' title='bbox 684 5373 733 5410; x_wconf 58' lang='lat' dir='ltr'><strong>urae</strong></span> <span class='ocrx_word' id='word_1_354' title='bbox 757 5365 915 5424; x_wconf 87' lang='lat' dir='ltr'><strong>perpetuam</strong></span> <span class='ocrx_word' id='word_1_355' title='bbox 941 5359 1023 5410; x_wconf 88' lang='lat' dir='ltr'><strong>vitare</strong></span> <span class='ocrx_word' id='word_1_356' title='bbox 1052 5359 1191 5422; x_wconf 89' lang='lat' dir='ltr'><strong>possimus,</strong></span> <span class='ocrx_word' id='word_1_357' title='bbox 1211 5359 1331 5408; x_wconf 86' lang='lat' dir='ltr'><strong>insinuat.</strong></span> <span class='ocrx_word' id='word_1_358' title='bbox 1354 5359 1378 5408; x_wconf 75' lang='lat' dir='ltr'><strong>Si</strong></span> <span class='ocrx_word' id='word_1_359' title='bbox 1397 5371 1446 5410; x_wconf 89' lang='lat' dir='ltr'><strong>nos</strong></span> 
     </span>
     <span class='ocr_line' id='line_1_46' title="bbox 488 5445 1445 5514; baseline -0.004 -14"><span class='ocrx_word' id='word_1_360' title='bbox 488 5447 612 5500; x_wconf 75' lang='lat' dir='ltr'><strong>uillelicet</strong></span> <span class='ocrx_word' id='word_1_361' title='bbox 630 5447 708 5512; x_wconf 77' lang='lat' dir='ltr'><strong>ipsos</strong></span> <span class='ocrx_word' id='word_1_362' title='bbox 728 5461 761 5498; x_wconf 80' lang='lat' dir='ltr'><strong>rao</strong></span> <span class='ocrx_word' id='word_1_363' title='bbox 779 5461 860 5514; x_wconf 85' lang='lat' dir='ltr'><strong>quern</strong></span> <span class='ocrx_word' id='word_1_364' title='bbox 887 5445 1037 5508; x_wconf 89' lang='lat' dir='ltr'><strong>laedamus,</strong></span> <span class='ocrx_word' id='word_1_365' title='bbox 1057 5447 1215 5498; x_wconf 87' lang='lat' dir='ltr'><strong>attendimus</strong></span> <span class='ocrx_word' id='word_1_366' title='bbox 1222 5465 1229 5508; x_wconf 84' lang='lat'>;</span> <span class='ocrx_word' id='word_1_367' title='bbox 1248 5447 1268 5496; x_wconf 86' lang='lat' dir='ltr'><strong>st</strong></span> <span class='ocrx_word' id='word_1_368' title='bbox 1295 5451 1445 5510; x_wconf 86' lang='lat' dir='ltr'><strong>peccantem</strong></span> 
     </span>
     <span class='ocr_line' id='line_1_47' title="bbox 412 5533 1446 5598; baseline -0.005 -10"><span class='ocrx_word' id='word_1_369' title='bbox 412 5593 413 5596; x_wconf 44' lang='lat'><strong>,</strong></span> <span class='ocrx_word' id='word_1_370' title='bbox 487 5535 544 5588; x_wconf 77' lang='lat' dir='ltr'><strong>nelo</strong></span> <span class='ocrx_word' id='word_1_371' title='bbox 564 5535 675 5586; x_wconf 89' lang='lat' dir='ltr'><strong>iustitiae</strong></span> <span class='ocrx_word' id='word_1_372' title='bbox 693 5533 865 5598; x_wconf 60' lang='lat' dir='ltr'><strong>c01·riprnns,;</strong></span> <span class='ocrx_word' id='word_1_373' title='bbox 883 5535 903 5586; x_wconf 91' lang='lat' dir='ltr'><strong>si</strong></span> <span class='ocrx_word' id='word_1_374' title='bbox 924 5549 953 5586; x_wconf 89' lang='lat' dir='ltr'><strong>ex</strong></span> <span class='ocrx_word' id='word_1_375' title='bbox 977 5535 1058 5586; x_wconf 87' lang='lat' dir='ltr'><strong>corde</strong></span> <span class='ocrx_word' id='word_1_376' title='bbox 1080 5533 1223 5598; x_wconf 89' lang='lat' dir='ltr'><strong>poenitenti</strong></span> <span class='ocrx_word' id='word_1_377' title='bbox 1252 5533 1446 5586; x_wconf 84' lang='lat' dir='ltr'><strong>misericordiae</strong></span> 
     </span>
     <span class='ocr_line' id='line_1_48' title="bbox 492 5621 1045 5688; baseline 0 -14"><span class='ocrx_word' id='word_1_378' title='bbox 492 5621 646 5688; x_wconf 80' lang='lat' dir='ltr'><strong>pietatisque</strong></span> <span class='ocrx_word' id='word_1_379' title='bbox 666 5625 765 5674; x_wconf 87' lang='lat' dir='ltr'><strong>viscera</strong></span> <span class='ocrx_word' id='word_1_380' title='bbox 787 5623 929 5686; x_wconf 88' lang='lat' dir='ltr'><strong>pandimus</strong></span> <span class='ocrx_word' id='word_1_381' title='bbox 947 5629 996 5674; x_wconf 89' lang='lat' dir='ltr'><strong>etc.</strong></span> <span class='ocrx_word' id='word_1_382' title='bbox 1044 5645 1045 5648; x_wconf 42' lang='lat'>¹</span> 
     </span>
     <span class='ocr_line' id='line_1_49' title="bbox 560 5707 1445 5776; baseline 0.005 -16"><span class='ocrx_word' id='word_1_383' title='bbox 560 5707 570 5738; x_wconf 70' lang='lat'>³</span> <span class='ocrx_word' id='word_1_384' title='bbox 591 5711 666 5762; x_wconf 84' lang='lat' dir='ltr'><strong>Vers.</strong></span> <span class='ocrx_word' id='word_1_385' title='bbox 687 5713 716 5772; x_wconf 74' lang='grc' dir='ltr'><strong>ι,</strong></span> <span class='ocrx_word' id='word_1_386' title='bbox 737 5717 794 5774; x_wconf 91' lang='lat' dir='ltr'><strong>post</strong></span> <span class='ocrx_word' id='word_1_387' title='bbox 814 5723 893 5776; x_wconf 75' lang='lat' dir='ltr'><strong>quaem</strong></span> <span class='ocrx_word' id='word_1_388' title='bbox 916 5711 992 5762; x_wconf 86' lang='lat' dir='ltr'><strong>Eccli.</strong></span> <span class='ocrx_word' id='word_1_389' title='bbox 1014 5713 1059 5772; x_wconf 85' lang='lat' dir='ltr'><strong>l8,</strong></span> <span class='ocrx_word' id='word_1_390' title='bbox 1079 5713 1125 5772; x_wconf 87' lang='lat' dir='ltr'><strong>i8,</strong></span> <span class='ocrx_word' id='word_1_391' title='bbox 1140 5711 1165 5762; x_wconf 91' lang='lat' dir='ltr'><strong>in</strong></span> <span class='ocrx_word' id='word_1_392' title='bbox 1178 5711 1254 5764; x_wconf 88' lang='lat' dir='ltr'><strong>euius</strong></span> <span class='ocrx_word' id='word_1_393' title='bbox 1268 5713 1319 5762; x_wconf 87' lang='lat' dir='ltr'><strong>dne</strong></span> <span class='ocrx_word' id='word_1_394' title='bbox 1334 5713 1445 5776; x_wconf 78' lang='lat' dir='ltr'><strong>Vulgata</strong></span> 
     </span>
     <span class='ocr_line' id='line_1_50' title="bbox 483 5797 1090 5866; baseline -0.007 -14"><span class='ocrx_word' id='word_1_395' title='bbox 483 5801 538 5852; x_wconf 48' lang='lat' dir='ltr'><strong>saar</strong></span> <span class='ocrx_word' id='word_1_396' title='bbox 557 5797 580 5852; x_wconf 85' lang='lat' dir='ltr'><strong>si</strong></span> <span class='ocrx_word' id='word_1_397' title='bbox 597 5797 703 5866; x_wconf 73' lang='lat' dir='ltr'><strong>secer-it,</strong></span> <span class='ocrx_word' id='word_1_398' title='bbox 723 5811 756 5850; x_wconf 89' lang='lat' dir='ltr'><strong>ne</strong></span> <span class='ocrx_word' id='word_1_399' title='bbox 774 5797 874 5852; x_wconf 85' lang='lat' dir='ltr'><strong>iterarn</strong></span> <span class='ocrx_word' id='word_1_400' title='bbox 892 5797 978 5850; x_wconf 85' lang='lat' dir='ltr'><strong>addat</strong></span> <span class='ocrx_word' id='word_1_401' title='bbox 994 5797 1090 5866; x_wconf 73' lang='lat' dir='ltr'><strong>facere.</strong></span> 
     </span>
     <span class='ocr_line' id='line_1_51' title="bbox 489 5887 1446 5952; baseline 0 -12"><span class='ocrx_word' id='word_1_402' title='bbox 489 5889 492 5896; x_wconf 86' lang='lat'>&#39;</span> <span class='ocrx_word' id='word_1_403' title='bbox 560 5887 571 5916; x_wconf 86' lang='lat'><strong>⁴</strong></span> <span class='ocrx_word' id='word_1_404' title='bbox 589 5887 660 5940; x_wconf 86' lang='lat' dir='ltr'><strong>Libr.</strong></span> <span class='ocrx_word' id='word_1_405' title='bbox 680 5887 785 5940; x_wconf 84' lang='lat' dir='ltr'><strong>xxxa.</strong></span> <span class='ocrx_word' id='word_1_406' title='bbox 805 5903 826 5940; x_wconf 90' lang='lat' dir='ltr'><strong>c.</strong></span> <span class='ocrx_word' id='word_1_407' title='bbox 847 5889 889 5940; x_wconf 82' lang='lat' dir='ltr'><strong>8l.</strong></span> <span class='ocrx_word' id='word_1_408' title='bbox 908 5903 935 5940; x_wconf 94' lang='lat' dir='ltr'><strong>n.</strong></span> <span class='ocrx_word' id='word_1_409' title='bbox 956 5887 1003 5938; x_wconf 84' lang='lat' dir='ltr'><strong>ll:</strong></span> <span class='ocrx_word' id='word_1_410' title='bbox 1023 5887 1050 5940; x_wconf 88' lang='lat' dir='ltr'><strong>Si</strong></span> <span class='ocrx_word' id='word_1_411' title='bbox 1068 5887 1138 5939; x_wconf 87' lang='lat' dir='ltr'><strong>enim</strong></span> <span class='ocrx_word' id='word_1_412' title='bbox 1159 5889 1293 5952; x_wconf 89' lang='lat' dir='ltr'><strong>proximos</strong></span> <span class='ocrx_word' id='word_1_413' title='bbox 1306 5889 1374 5942; x_wconf 80' lang='lat' dir='ltr'><strong>sicut</strong></span> <span class='ocrx_word' id='word_1_414' title='bbox 1390 5903 1446 5942; x_wconf 87' lang='lat' dir='ltr'><strong>aos-</strong></span> 
     </span>
     <span class='ocr_line' id='line_1_52' title="bbox 485 5967 1446 6046; baseline 0.003 -21"><span class='ocrx_word' id='word_1_415' title='bbox 485 5977 616 6042; x_wconf 75' lang='lat' dir='ltr'><strong>:metipsos</strong></span> <span class='ocrx_word' id='word_1_416' title='bbox 634 5977 743 6042; x_wconf 76' lang='lat' dir='ltr'><strong>diligere</strong></span> <span class='ocrx_word' id='word_1_417' title='bbox 761 5977 939 6042; x_wconf 88' lang='lat' dir='ltr'><strong>praecipimur</strong></span> <span class='ocrx_word' id='word_1_418' title='bbox 958 5975 1060 6044; x_wconf 85' lang='lat' dir='ltr'><strong>[hlatth.</strong></span> <span class='ocrx_word' id='word_1_419' title='bbox 1079 5967 1128 6040; x_wconf 70' lang='lat' dir='ltr'><strong>lits,</strong></span> <span class='ocrx_word' id='word_1_420' title='bbox 1147 5979 1189 6028; x_wconf 82' lang='lat' dir='ltr'><strong>le.</strong></span> <span class='ocrx_word' id='word_1_421' title='bbox 1208 5983 1236 6030; x_wconf 92' lang='lat' dir='ltr'><strong>et</strong></span> <span class='ocrx_word' id='word_1_422' title='bbox 1254 5979 1302 6044; x_wconf 80' lang='lat'><strong>88,</strong></span> <span class='ocrx_word' id='word_1_423' title='bbox 1322 5977 1391 6046; x_wconf 83' lang='lat'><strong>38.],</strong></span> <span class='ocrx_word' id='word_1_424' title='bbox 1411 5977 1446 6030; x_wconf 89' lang='lat' dir='ltr'><strong>di·</strong></span> 
     </span>
     <span class='ocr_line' id='line_1_53' title="bbox 491 6065 1446 6130; baseline 0.002 -14"><span class='ocrx_word' id='word_1_425' title='bbox 491 6079 572 6130; x_wconf 75' lang='lat' dir='ltr'><strong>gruum</strong></span> <span class='ocrx_word' id='word_1_426' title='bbox 592 6073 645 6128; x_wconf 88' lang='grc' dir='ltr'><strong>εει,</strong></span> <span class='ocrx_word' id='word_1_427' title='bbox 664 6071 693 6118; x_wconf 90' lang='lat' dir='ltr'><strong>nt</strong></span> <span class='ocrx_word' id='word_1_428' title='bbox 710 6065 749 6116; x_wconf 90' lang='lat' dir='ltr'><strong>sic</strong></span> <span class='ocrx_word' id='word_1_429' title='bbox 766 6079 860 6118; x_wconf 89' lang='lat' dir='ltr'><strong>eornm</strong></span> <span class='ocrx_word' id='word_1_430' title='bbox 879 6067 933 6118; x_wconf 87' lang='lat' dir='ltr'><strong>zelo</strong></span> <span class='ocrx_word' id='word_1_431' title='bbox 960 6071 1051 6118; x_wconf 89' lang='lat' dir='ltr'><strong>contra</strong></span> <span class='ocrx_word' id='word_1_432' title='bbox 1079 6067 1142 6118; x_wconf 84' lang='lat' dir='ltr'><strong>uitia</strong></span> <span class='ocrx_word' id='word_1_433' title='bbox 1167 6067 1235 6118; x_wconf 87' lang='lat' dir='ltr'><strong>sicut</strong></span> <span class='ocrx_word' id='word_1_434' title='bbox 1253 6073 1277 6118; x_wconf 91' lang='lat' dir='ltr'><strong>et</strong></span> <span class='ocrx_word' id='word_1_435' title='bbox 1297 6073 1385 6118; x_wconf 90' lang='lat' dir='ltr'><strong>nostro</strong></span> <span class='ocrx_word' id='word_1_436' title='bbox 1403 6067 1446 6118; x_wconf 88' lang='lat' dir='ltr'><strong>ssa·</strong></span> 
     </span>
     <span class='ocr_line' id='line_1_54' title="bbox 485 6149 1079 6218; baseline 0.003 -14"><span class='ocrx_word' id='word_1_437' title='bbox 485 6169 608 6218; x_wconf 68' lang='lat' dir='ltr'><strong>,gremas</strong></span> <span class='ocrx_word' id='word_1_438' title='bbox 1078 6149 1079 6152; x_wconf 51' lang='lat'>&#39;</span> 
     </span>
     <span class='ocr_line' id='line_1_55' title="bbox 562 6241 1446 6306; baseline 0 -12"><span class='ocrx_word' id='word_1_439' title='bbox 562 6241 572 6270; x_wconf 86' lang='lat'>⁵</span> <span class='ocrx_word' id='word_1_440' title='bbox 592 6245 675 6294; x_wconf 87' lang='lat' dir='ltr'><strong>Serra.</strong></span> <span class='ocrx_word' id='word_1_441' title='bbox 696 6241 744 6306; x_wconf 84' lang='lat' dir='ltr'><strong>ib;</strong></span> <span class='ocrx_word' id='word_1_442' title='bbox 762 6241 789 6294; x_wconf 91' lang='lat' dir='ltr'><strong>iu</strong></span> <span class='ocrx_word' id='word_1_443' title='bbox 807 6241 999 6294; x_wconf 87' lang='lat' dir='ltr'><strong>recentioribus</strong></span> <span class='ocrx_word' id='word_1_444' title='bbox 1016 6243 1076 6296; x_wconf 88' lang='lat' dir='ltr'><strong>edd.</strong></span> <span class='ocrx_word' id='word_1_445' title='bbox 1097 6243 1183 6296; x_wconf 86' lang='lat' dir='ltr'><strong>Sarm.</strong></span> <span class='ocrx_word' id='word_1_446' title='bbox 1205 6245 1247 6294; x_wconf 78' lang='lat'><strong>88.</strong></span> <span class='ocrx_word' id='word_1_447' title='bbox 1265 6259 1290 6296; x_wconf 90' lang='lat' dir='ltr'><strong>c.</strong></span> <span class='ocrx_word' id='word_1_448' title='bbox 1309 6241 1334 6296; x_wconf 79' lang='lat'><strong>7.</strong></span> <span class='ocrx_word' id='word_1_449' title='bbox 1355 6259 1380 6294; x_wconf 93' lang='lat' dir='ltr'><strong>n.</strong></span> <span class='ocrx_word' id='word_1_450' title='bbox 1400 6243 1446 6294; x_wconf 81' lang='lat' dir='ltr'><strong>td:</strong></span> 
     </span>
     <span class='ocr_line' id='line_1_56' title="bbox 491 6331 1446 6398; baseline 0 -16"><span class='ocrx_word' id='word_1_451' title='bbox 491 6331 557 6398; x_wconf 86' lang='lat' dir='ltr'><strong>Quid</strong></span> <span class='ocrx_word' id='word_1_452' title='bbox 576 6339 627 6384; x_wconf 91' lang='lat' dir='ltr'><strong>est:</strong></span> <span class='ocrx_word' id='word_1_453' title='bbox 647 6331 672 6382; x_wconf 90' lang='lat' dir='ltr'><strong>in</strong></span> <span class='ocrx_word' id='word_1_454' title='bbox 692 6337 716 6382; x_wconf 86' lang='lat' dir='ltr'><strong>le</strong></span> <span class='ocrx_word' id='word_1_455' title='bbox 736 6331 874 6396; x_wconf 80' lang='lat' dir='ltr'><strong>peccarit?</strong></span> <span class='ocrx_word' id='word_1_456' title='bbox 893 6333 933 6384; x_wconf 93' lang='lat' dir='ltr'><strong>Tu</strong></span> <span class='ocrx_word' id='word_1_457' title='bbox 961 6331 1020 6394; x_wconf 87' lang='lat' dir='ltr'><strong>scis,</strong></span> <span class='ocrx_word' id='word_1_458' title='bbox 1040 6331 1101 6398; x_wconf 89' lang='lat' dir='ltr'><strong>quin</strong></span> <span class='ocrx_word' id='word_1_459' title='bbox 1130 6333 1257 6396; x_wconf 88' lang='lat' dir='ltr'><strong>peccavit.</strong></span> <span class='ocrx_word' id='word_1_460' title='bbox 1285 6331 1336 6384; x_wconf 83' lang='lat' dir='ltr'><strong>Gir.</strong></span> <span class='ocrx_word' id='word_1_461' title='bbox 1357 6331 1446 6382; x_wconf 91' lang='lat' dir='ltr'><strong>Glossa</strong></span> 
     </span>
     <span class='ocr_line' id='line_1_57' title="bbox 485 6413 1446 6484; baseline -0.003 -11"><span class='ocrx_word' id='word_1_462' title='bbox 485 6419 632 6474; x_wconf 87' lang='lat' dir='ltr'><strong>ordinaria</strong></span> <span class='ocrx_word' id='word_1_463' title='bbox 649 6421 675 6472; x_wconf 93' lang='lat' dir='ltr'><strong>in</strong></span> <span class='ocrx_word' id='word_1_464' title='bbox 694 6423 710 6472; x_wconf 92' lang='lat' dir='ltr'><strong>l.</strong></span> <span class='ocrx_word' id='word_1_465' title='bbox 730 6421 798 6472; x_wconf 90' lang='lat' dir='ltr'><strong>Tim.</strong></span> <span class='ocrx_word' id='word_1_466' title='bbox 818 6421 846 6484; x_wconf 98' lang='grc'><strong>5,</strong></span> <span class='ocrx_word' id='word_1_467' title='bbox 867 6421 909 6472; x_wconf 85' lang='lat'><strong>80.</strong></span> <span class='ocrx_word' id='word_1_468' title='bbox 929 6421 957 6472; x_wconf 88' lang='grc' dir='ltr'><strong>Β.</strong></span> <span class='ocrx_word' id='word_1_469' title='bbox 977 6419 1073 6472; x_wconf 87' lang='lat' dir='ltr'><strong>Athert.</strong></span> <span class='ocrx_word' id='word_1_470' title='bbox 1089 6413 1117 6470; x_wconf 54' lang='lat' dir='ltr'><strong>&#39;in</strong></span> <span class='ocrx_word' id='word_1_471' title='bbox 1136 6421 1224 6472; x_wconf 88' lang='lat' dir='ltr'><strong>blatth.</strong></span> <span class='ocrx_word' id='word_1_472' title='bbox 1246 6421 1293 6484; x_wconf 75' lang='grc' dir='ltr'><strong>ιι,</strong></span> <span class='ocrx_word' id='word_1_473' title='bbox 1315 6419 1357 6472; x_wconf 79' lang='lat' dir='ltr'><strong>la.</strong></span> <span class='ocrx_word' id='word_1_474' title='bbox 1382 6419 1446 6472; x_wconf 86' lang='lat' dir='ltr'><strong>inter</strong></span> 
     </span>
     <span class='ocr_line' id='line_1_58' title="bbox 491 6509 1449 6580; baseline 0 -20"><span class='ocrx_word' id='word_1_475' title='bbox 491 6509 553 6562; x_wconf 92' lang='lat' dir='ltr'><strong>alias</strong></span> <span class='ocrx_word' id='word_1_476' title='bbox 572 6511 743 6574; x_wconf 80' lang='lat' dir='ltr'><strong>expositiones</strong></span> <span class='ocrx_word' id='word_1_477' title='bbox 761 6509 837 6580; x_wconf 85' lang='lat' dir='ltr'><strong>etiapr</strong></span> <span class='ocrx_word' id='word_1_478' title='bbox 860 6511 926 6560; x_wconf 83' lang='lat' dir='ltr'><strong>lianc</strong></span> <span class='ocrx_word' id='word_1_479' title='bbox 944 6511 1030 6562; x_wconf 78' lang='lat' dir='ltr'><strong>alieri:</strong></span> <span class='ocrx_word' id='word_1_480' title='bbox 1054 6529 1066 6556; x_wconf 76' lang='grc' dir='ltr'><strong>(ι</strong></span> <span class='ocrx_word' id='word_1_481' title='bbox 1079 6511 1106 6560; x_wconf 93' lang='lat' dir='ltr'><strong>ln</strong></span> <span class='ocrx_word' id='word_1_482' title='bbox 1127 6513 1149 6560; x_wconf 90' lang='lat' dir='ltr'><strong>te</strong></span> <span class='ocrx_word' id='word_1_483' title='bbox 1176 6513 1280 6572; x_wconf 82' lang='lat' dir='ltr'><strong>peccet,</strong></span> <span class='ocrx_word' id='word_1_484' title='bbox 1301 6509 1368 6560; x_wconf 89' lang='lat' dir='ltr'><strong>sicut</strong></span> <span class='ocrx_word' id='word_1_485' title='bbox 1385 6509 1449 6560; x_wconf 85' lang='lat' dir='ltr'><strong>dicit</strong></span> 
     </span>
     <span class='ocr_line' id='line_1_59' title="bbox 490 6595 1449 6664; baseline 0 -14"><span class='ocrx_word' id='word_1_486' title='bbox 490 6599 663 6662; x_wconf 82' lang='lat' dir='ltr'><strong>Augustinus,</strong></span> <span class='ocrx_word' id='word_1_487' title='bbox 683 6597 802 6664; x_wconf 87' lang='lat' dir='ltr'><strong>quando,</strong></span> <span class='ocrx_word' id='word_1_488' title='bbox 818 6605 840 6650; x_wconf 85' lang='grc' dir='ltr'><strong>ιε</strong></span> <span class='ocrx_word' id='word_1_489' title='bbox 853 6597 963 6658; x_wconf 85' lang='lat' dir='ltr'><strong>sciente,</strong></span> <span class='ocrx_word' id='word_1_490' title='bbox 984 6605 1074 6662; x_wconf 85' lang='lat' dir='ltr'><strong>peccat</strong></span> <span class='ocrx_word' id='word_1_491' title='bbox 1086 6617 1111 6650; x_wconf 78' lang='lat' dir='ltr'><strong>n.</strong></span> <span class='ocrx_word' id='word_1_492' title='bbox 1131 6595 1207 6648; x_wconf 86' lang='lat' dir='ltr'><strong>Gurd.</strong></span> <span class='ocrx_word' id='word_1_493' title='bbox 1228 6599 1305 6660; x_wconf 77' lang='lat' dir='ltr'><strong>Hugo</strong></span> <span class='ocrx_word' id='word_1_494' title='bbox 1319 6595 1398 6650; x_wconf 79' lang='lat' dir='ltr'><strong>ibid:</strong></span> <span class='ocrx_word' id='word_1_495' title='bbox 1418 6595 1449 6650; x_wconf 88' lang='lat' dir='ltr'><strong>Si</strong></span> 
     </span>
     <span class='ocr_line' id='line_1_60' title="bbox 481 6685 1447 6754; baseline 0 -16"><span class='ocrx_word' id='word_1_496' title='bbox 481 6685 639 6754; x_wconf 82' lang='lat' dir='ltr'><strong>peccauerit</strong></span> <span class='ocrx_word' id='word_1_497' title='bbox 655 6685 685 6738; x_wconf 89' lang='lat' dir='ltr'><strong>in</strong></span> <span class='ocrx_word' id='word_1_498' title='bbox 704 6689 742 6750; x_wconf 88' lang='lat' dir='ltr'><strong>le,</strong></span> <span class='ocrx_word' id='word_1_499' title='bbox 761 6687 787 6736; x_wconf 91' lang='lat' dir='ltr'><strong>id</strong></span> <span class='ocrx_word' id='word_1_500' title='bbox 807 6691 846 6738; x_wconf 91' lang='lat' dir='ltr'><strong>est</strong></span> <span class='ocrx_word' id='word_1_501' title='bbox 866 6691 889 6736; x_wconf 93' lang='lat' dir='ltr'><strong>te</strong></span> <span class='ocrx_word' id='word_1_502' title='bbox 907 6686 1020 6746; x_wconf 87' lang='lat' dir='ltr'><strong>sciente;</strong></span> <span class='ocrx_word' id='word_1_503' title='bbox 1032 6685 1074 6738; x_wconf 89' lang='lat' dir='ltr'><strong>-ita</strong></span> <span class='ocrx_word' id='word_1_504' title='bbox 1094 6685 1233 6748; x_wconf 83' lang='lat' dir='ltr'><strong>exponitur</strong></span> <span class='ocrx_word' id='word_1_505' title='bbox 1247 6689 1263 6736; x_wconf 92' lang='lat' dir='ltr'><strong>l.</strong></span> <span class='ocrx_word' id='word_1_506' title='bbox 1276 6687 1346 6736; x_wconf 90' lang='lat' dir='ltr'><strong>Tim.</strong></span> <span class='ocrx_word' id='word_1_507' title='bbox 1361 6687 1389 6748; x_wconf 85' lang='lat'><strong>5,</strong></span> <span class='ocrx_word' id='word_1_508' title='bbox 1404 6687 1447 6748; x_wconf 77' lang='lat' dir='ltr'><strong>ab,</strong></span> 
     </span>
     <span class='ocr_line' id='line_1_61' title="bbox 491 6771 1446 6840; baseline 0.002 -16"><span class='ocrx_word' id='word_1_509' title='bbox 491 6773 534 6824; x_wconf 89' lang='lat' dir='ltr'><strong>ubi</strong></span> <span class='ocrx_word' id='word_1_510' title='bbox 556 6771 787 6840; x_wconf 74' lang='lat' dir='ltr'><strong>quaeriturr&#39;quid</strong></span> <span class='ocrx_word' id='word_1_511' title='bbox 807 6779 859 6838; x_wconf 91' lang='lat' dir='ltr'><strong>est,</strong></span> <span class='ocrx_word' id='word_1_512' title='bbox 881 6775 984 6826; x_wconf 76' lang='lat' dir='ltr'><strong>lintrem</strong></span> <span class='ocrx_word' id='word_1_513' title='bbox 1006 6775 1030 6824; x_wconf 92' lang='lat' dir='ltr'><strong>in</strong></span> <span class='ocrx_word' id='word_1_514' title='bbox 1051 6781 1074 6826; x_wconf 92' lang='lat' dir='ltr'><strong>te</strong></span> <span class='ocrx_word' id='word_1_515' title='bbox 1097 6775 1270 6836; x_wconf 76' lang='lat' dir='ltr'><strong>peceareret</strong></span> <span class='ocrx_word' id='word_1_516' title='bbox 1289 6775 1446 6838; x_wconf 87' lang='lat' dir='ltr'><strong>respondet:</strong></span> 
     </span>
     <span class='ocr_line' id='line_1_62' title="bbox 489 6861 1446 6926; baseline 0.005 -16"><span class='ocrx_word' id='word_1_517' title='bbox 489 6861 528 6910; x_wconf 92' lang='lat' dir='ltr'><strong>Te</strong></span> <span class='ocrx_word' id='word_1_518' title='bbox 548 6861 651 6914; x_wconf 88' lang='lat' dir='ltr'><strong>sciente.</strong></span> <span class='ocrx_word' id='word_1_519' title='bbox 672 6865 701 6912; x_wconf 87' lang='lat' dir='ltr'><strong>Et</strong></span> <span class='ocrx_word' id='word_1_520' title='bbox 719 6865 757 6914; x_wconf 86' lang='lat' dir='ltr'><strong>sic</strong></span> <span class='ocrx_word' id='word_1_521' title='bbox 775 6865 800 6914; x_wconf 88' lang='lat' dir='ltr'><strong>ie</strong></span> <span class='ocrx_word' id='word_1_522' title='bbox 818 6867 858 6912; x_wconf 86' lang='lat' dir='ltr'><strong>est</strong></span> <span class='ocrx_word' id='word_1_523' title='bbox 877 6861 982 6914; x_wconf 78' lang='lat' dir='ltr'><strong>ablativi</strong></span> <span class='ocrx_word' id='word_1_524' title='bbox 1003 6875 1086 6914; x_wconf 80' lang='lat' dir='ltr'><strong>casum.</strong></span> <span class='ocrx_word' id='word_1_525' title='bbox 1118 6863 1164 6914; x_wconf 88' lang='lat' dir='ltr'><strong>Vel</strong></span> <span class='ocrx_word' id='word_1_526' title='bbox 1192 6869 1277 6926; x_wconf 89' lang='lat' dir='ltr'><strong>potest</strong></span> <span class='ocrx_word' id='word_1_527' title='bbox 1298 6877 1354 6914; x_wconf 89' lang='lat' dir='ltr'><strong>esse</strong></span> <span class='ocrx_word' id='word_1_528' title='bbox 1366 6875 1446 6916; x_wconf 63' lang='lat' dir='ltr'><strong>‘accu-</strong></span> 
     </span>
    </p>
   </div>
   <div class='ocr_carea' id='block_1_12' title="bbox 1070 541 1895 614">
    <p class='ocr_par' dir='ltr' id='par_1_14' title="bbox 1070 541 1895 614">
     <span class='ocr_line' id='line_1_63' title="bbox 1070 541 1895 614; baseline -0.007 -2"><span class='ocrx_word' id='word_1_529' title='bbox 1070 547 1263 614; x_wconf 75' lang='lat' dir='ltr'><strong>coalumna.</strong></span> <span class='ocrx_word' id='word_1_530' title='bbox 1287 547 1326 612; x_wconf 89' lang='lat' dir='ltr'><strong>IN</strong></span> <span class='ocrx_word' id='word_1_531' title='bbox 1348 541 1586 612; x_wconf 77' lang='lat' dir='ltr'><strong>evanescam</strong></span> <span class='ocrx_word' id='word_1_532' title='bbox 1607 545 1725 610; x_wconf 82' lang='lat' dir='ltr'><strong>LUCAE</strong></span> <span class='ocrx_word' id='word_1_533' title='bbox 1750 543 1782 610; x_wconf 90' lang='lat' dir='ltr'><strong>C.</strong></span> <span class='ocrx_word' id='word_1_534' title='bbox 1805 541 1895 608; x_wconf 78' lang='lat' dir='ltr'><strong>xxii.</strong></span> 
     </span>
    </p>
   </div>
   <div class='ocr_carea' id='block_1_13' title="bbox 1509 719 2550 1542">
    <p class='ocr_par' dir='ltr' id='par_1_15' title="bbox 1509 719 2550 1542">
     <span class='ocr_line' id='line_1_64' title="bbox 1514 719 2469 805; baseline 0.003 -22"><span class='ocrx_word' id='word_1_535' title='bbox 1514 719 1640 805; x_wconf 90' lang='lat' dir='ltr'><strong>qnando</strong></span> <span class='ocrx_word' id='word_1_536' title='bbox 1662 725 1782 788; x_wconf 88' lang='lat' dir='ltr'><strong>secrete</strong></span> <span class='ocrx_word' id='word_1_537' title='bbox 1804 723 1969 796; x_wconf 66' lang='lat' dir='ltr'><strong>monetam</strong></span> <span class='ocrx_word' id='word_1_538' title='bbox 1992 719 2032 784; x_wconf 89' lang='lat' dir='ltr'><strong>ad</strong></span> <span class='ocrx_word' id='word_1_539' title='bbox 2054 719 2177 786; x_wconf 88' lang='lat' dir='ltr'><strong>Galatas</strong></span> <span class='ocrx_word' id='word_1_540' title='bbox 2202 721 2335 788; x_wconf 66' lang='lat' dir='ltr'><strong>sexto-i:</strong></span> <span class='ocrx_word' id='word_1_541' title='bbox 2364 745 2382 782; x_wconf 77' lang='lat' dir='ltr'><strong>a</strong></span> <span class='ocrx_word' id='word_1_542' title='bbox 2397 721 2469 786; x_wconf 85' lang='lat' dir='ltr'><strong>Tra-</strong></span> 
     </span>
     <span class='ocr_line' id='line_1_65' title="bbox 1515 823 2470 910; baseline 0 -18"><span class='ocrx_word' id='word_1_543' title='bbox 1515 833 1596 904; x_wconf 78' lang='lat' dir='ltr'><strong>treS,</strong></span> <span class='ocrx_word' id='word_1_544' title='bbox 1617 827 1644 892; x_wconf 91' lang='lat' dir='ltr'><strong>si</strong></span> <span class='ocrx_word' id='word_1_545' title='bbox 1680 831 1926 910; x_wconf 86' lang='lat' dir='ltr'><strong>praeoccupatus</strong></span> <span class='ocrx_word' id='word_1_546' title='bbox 1958 823 2052 892; x_wconf 89' lang='lat' dir='ltr'><strong>luerit</strong></span> <span class='ocrx_word' id='word_1_547' title='bbox 2087 825 2181 892; x_wconf 90' lang='lat' dir='ltr'><strong>homo</strong></span> <span class='ocrx_word' id='word_1_548' title='bbox 2205 825 2236 892; x_wconf 95' lang='lat' dir='ltr'><strong>in</strong></span> <span class='ocrx_word' id='word_1_549' title='bbox 2265 825 2371 910; x_wconf 89' lang='lat' dir='ltr'><strong>aliquo</strong></span> <span class='ocrx_word' id='word_1_550' title='bbox 2394 823 2470 894; x_wconf 86' lang='lat' dir='ltr'><strong>deli-</strong></span> 
     </span>
     <span class='ocr_line' id='line_1_66' title="bbox 1514 923 2469 1018; baseline 0.002 -20"><span class='ocrx_word' id='word_1_551' title='bbox 1514 937 1563 998; x_wconf 93' lang='lat' dir='ltr'><strong>cto</strong></span> <span class='ocrx_word' id='word_1_552' title='bbox 1577 957 1596 990; x_wconf 71' lang='lat' dir='ltr'><strong>a</strong></span> <span class='ocrx_word' id='word_1_553' title='bbox 1624 937 1682 998; x_wconf 89' lang='lat' dir='ltr'><strong>etc.</strong></span> <span class='ocrx_word' id='word_1_554' title='bbox 1709 969 1752 982; x_wconf 87' lang='lat'>-</span> <span class='ocrx_word' id='word_1_555' title='bbox 1775 931 1916 1000; x_wconf 87' lang='lat' dir='ltr'><strong>Secundo</strong></span> <span class='ocrx_word' id='word_1_556' title='bbox 1943 931 2040 1010; x_wconf 68' lang='lat' dir='ltr'><strong>vero,</strong></span> <span class='ocrx_word' id='word_1_557' title='bbox 2054 923 2204 1018; x_wconf 75' lang='lat' dir='ltr'><strong>pidem,-</strong></span> <span class='ocrx_word' id='word_1_558' title='bbox 2225 931 2310 1016; x_wconf 86' lang='lat' dir='ltr'><strong>quod</strong></span> <span class='ocrx_word' id='word_1_559' title='bbox 2329 931 2380 1012; x_wconf 89' lang='lat' dir='ltr'><strong>lit,</strong></span> <span class='ocrx_word' id='word_1_560' title='bbox 2396 945 2469 1000; x_wconf 92' lang='lat' dir='ltr'><strong>cum</strong></span> 
     </span>
     <span class='ocr_line' id='line_1_67' title="bbox 1514 1037 2469 1118; baseline 0.002 -16"><span class='ocrx_word' id='word_1_561' title='bbox 1514 1043 1608 1104; x_wconf 87' lang='lat' dir='ltr'><strong>testes</strong></span> <span class='ocrx_word' id='word_1_562' title='bbox 1631 1037 1837 1118; x_wconf 91' lang='lat' dir='ltr'><strong>adhibentur,</strong></span> <span class='ocrx_word' id='word_1_563' title='bbox 1867 1037 2040 1106; x_wconf 89' lang='lat' dir='ltr'><strong>secundnm</strong></span> <span class='ocrx_word' id='word_1_564' title='bbox 2077 1039 2153 1102; x_wconf 94' lang='lat' dir='ltr'><strong>illud</strong></span> <span class='ocrx_word' id='word_1_565' title='bbox 2188 1037 2314 1102; x_wconf 88' lang='lat' dir='ltr'><strong>Levitici</strong></span> <span class='ocrx_word' id='word_1_566' title='bbox 2348 1037 2469 1104; x_wconf 90' lang='lat' dir='ltr'><strong>decimo</strong></span> 
     </span>
     <span class='ocr_line' id='line_1_68' title="bbox 1512 1141 2550 1224; baseline 0 -16"><span class='ocrx_word' id='word_1_567' title='bbox 1512 1161 1612 1208; x_wconf 13' lang='lat' dir='ltr'><strong>annno:</strong></span> <span class='ocrx_word' id='word_1_568' title='bbox 1644 1141 1738 1208; x_wconf 72' lang='lat' dir='ltr'><strong>«Non</strong></span> <span class='ocrx_word' id='word_1_569' title='bbox 1765 1141 1866 1210; x_wconf 90' lang='lat' dir='ltr'><strong>oderis</strong></span> <span class='ocrx_word' id='word_1_570' title='bbox 1893 1143 2022 1210; x_wconf 79' lang='lat' dir='ltr'><strong>fratrem</strong></span> <span class='ocrx_word' id='word_1_571' title='bbox 2045 1147 2138 1208; x_wconf 87' lang='lat' dir='ltr'><strong>tuum</strong></span> <span class='ocrx_word' id='word_1_572' title='bbox 2162 1141 2312 1208; x_wconf 88' lang='lat' dir='ltr'><strong>incorde</strong></span> <span class='ocrx_word' id='word_1_573' title='bbox 2330 1147 2398 1220; x_wconf 90' lang='lat' dir='ltr'><strong>tuo,</strong></span> <span class='ocrx_word' id='word_1_574' title='bbox 2414 1141 2469 1210; x_wconf 92' lang='lat' dir='ltr'><strong>sed</strong></span> <span class='ocrx_word' id='word_1_575' title='bbox 2547 1217 2550 1224; x_wconf 41' lang='grc'><strong>,</strong></span> 
     </span>
     <span class='ocr_line' id='line_1_69' title="bbox 1509 1247 2468 1334; baseline -0.004 -18"><span class='ocrx_word' id='word_1_576' title='bbox 1509 1247 1638 1334; x_wconf 90' lang='lat' dir='ltr'><strong>publice</strong></span> <span class='ocrx_word' id='word_1_577' title='bbox 1661 1249 1760 1332; x_wconf 82' lang='lat' dir='ltr'><strong>argue</strong></span> <span class='ocrx_word' id='word_1_578' title='bbox 1781 1265 1868 1326; x_wconf 89' lang='lat' dir='ltr'><strong>eunr,</strong></span> <span class='ocrx_word' id='word_1_579' title='bbox 1895 1267 1932 1316; x_wconf 93' lang='lat' dir='ltr'><strong>ne</strong></span> <span class='ocrx_word' id='word_1_580' title='bbox 1950 1249 2064 1316; x_wconf 89' lang='lat' dir='ltr'><strong>habeas</strong></span> <span class='ocrx_word' id='word_1_581' title='bbox 2081 1265 2175 1334; x_wconf 91' lang='lat' dir='ltr'><strong>super</strong></span> <span class='ocrx_word' id='word_1_582' title='bbox 2193 1247 2249 1312; x_wconf 92' lang='lat' dir='ltr'><strong>illo</strong></span> <span class='ocrx_word' id='word_1_583' title='bbox 2264 1253 2423 1332; x_wconf 89' lang='lat' dir='ltr'><strong>peccatum</strong></span> <span class='ocrx_word' id='word_1_584' title='bbox 2438 1275 2468 1312; x_wconf 73' lang='lat' dir='ltr'><strong>a.</strong></span> 
     </span>
     <span class='ocr_line' id='line_1_70' title="bbox 1511 1351 2467 1442; baseline 0 -22"><span class='ocrx_word' id='word_1_585' title='bbox 1511 1387 1556 1406; x_wconf 63' lang='lat'><strong>»-</strong></span> <span class='ocrx_word' id='word_1_586' title='bbox 1573 1353 1676 1420; x_wconf 89' lang='lat' dir='ltr'><strong>Tertio</strong></span> <span class='ocrx_word' id='word_1_587' title='bbox 1693 1359 1809 1430; x_wconf 89' lang='lat' dir='ltr'><strong>autem,</strong></span> <span class='ocrx_word' id='word_1_588' title='bbox 1835 1361 1978 1432; x_wconf 88' lang='lat' dir='ltr'><strong>terrore;</strong></span> <span class='ocrx_word' id='word_1_589' title='bbox 2002 1355 2088 1442; x_wconf 91' lang='lat' dir='ltr'><strong>quod</strong></span> <span class='ocrx_word' id='word_1_590' title='bbox 2101 1355 2139 1422; x_wconf 87' lang='lat' dir='ltr'><strong>fit</strong></span> <span class='ocrx_word' id='word_1_591' title='bbox 2154 1351 2185 1420; x_wconf 90' lang='lat' dir='ltr'><strong>in</strong></span> <span class='ocrx_word' id='word_1_592' title='bbox 2202 1351 2280 1420; x_wconf 87' lang='lat' dir='ltr'><strong>lacie</strong></span> <span class='ocrx_word' id='word_1_593' title='bbox 2297 1351 2467 1434; x_wconf 67' lang='lat' dir='ltr'><strong>Ecclesiam</strong></span> 
     </span>
     <span class='ocr_line' id='line_1_71' title="bbox 1512 1457 2468 1542; baseline 0 -18"><span class='ocrx_word' id='word_1_594' title='bbox 1512 1459 1632 1542; x_wconf 89' lang='lat' dir='ltr'><strong>primae</strong></span> <span class='ocrx_word' id='word_1_595' title='bbox 1664 1457 1704 1522; x_wconf 88' lang='lat' dir='ltr'><strong>ad</strong></span> <span class='ocrx_word' id='word_1_596' title='bbox 1721 1457 1923 1524; x_wconf 78' lang='lat' dir='ltr'><strong>Timotheum</strong></span> <span class='ocrx_word' id='word_1_597' title='bbox 1957 1459 2089 1542; x_wconf 88' lang='lat' dir='ltr'><strong>quinto:</strong></span> <span class='ocrx_word' id='word_1_598' title='bbox 2117 1461 2332 1526; x_wconf 80' lang='lat' dir='ltr'><strong>«Peccantem</strong></span> <span class='ocrx_word' id='word_1_599' title='bbox 2360 1477 2468 1524; x_wconf 91' lang='lat' dir='ltr'><strong>coram</strong></span> 
     </span>
    </p>
   </div>
   <div class='ocr_carea' id='block_1_14' title="bbox 1512 1565 2618 1648">
    <p class='ocr_par' dir='ltr' id='par_1_16' title="bbox 1512 1565 2618 1648">
     <span class='ocr_line' id='line_1_72' title="bbox 1512 1565 2618 1648; baseline 0 -18"><span class='ocrx_word' id='word_1_600' title='bbox 1512 1565 1660 1632; x_wconf 88' lang='lat' dir='ltr'><strong>omnibus</strong></span> <span class='ocrx_word' id='word_1_601' title='bbox 1681 1581 1797 1648; x_wconf 78' lang='lat' dir='ltr'><strong>argue,</strong></span> <span class='ocrx_word' id='word_1_602' title='bbox 1823 1567 1857 1630; x_wconf 93' lang='lat' dir='ltr'><strong>ut</strong></span> <span class='ocrx_word' id='word_1_603' title='bbox 1881 1569 1911 1630; x_wconf 95' lang='lat' dir='ltr'><strong>et</strong></span> <span class='ocrx_word' id='word_1_604' title='bbox 1934 1567 2031 1630; x_wconf 90' lang='lat' dir='ltr'><strong>ceteri</strong></span> <span class='ocrx_word' id='word_1_605' title='bbox 2054 1567 2199 1634; x_wconf 88' lang='lat' dir='ltr'><strong>timorem</strong></span> <span class='ocrx_word' id='word_1_606' title='bbox 2217 1567 2350 1632; x_wconf 89' lang='lat' dir='ltr'><strong>habeant</strong></span> <span class='ocrx_word' id='word_1_607' title='bbox 2367 1591 2397 1630; x_wconf 70' lang='lat' dir='ltr'><strong>a.</strong></span> <span class='ocrx_word' id='word_1_608' title='bbox 2414 1565 2469 1632; x_wconf 83' lang='lat' dir='ltr'><strong>llic</strong></span> <span class='ocrx_word' id='word_1_609' title='bbox 2487 1583 2618 1630; x_wconf 70' lang='lat' dir='ltr'><strong>utentum.</strong></span> 
     </span>
    </p>
   </div>
   <div class='ocr_carea' id='block_1_15' title="bbox 1473 1667 2470 3994">
    <p class='ocr_par' dir='ltr' id='par_1_17' title="bbox 1473 1667 2470 3994">
     <span class='ocr_line' id='line_1_73' title="bbox 1511 1667 2470 1752; baseline 0.002 -16"><span class='ocrx_word' id='word_1_610' title='bbox 1511 1677 1616 1738; x_wconf 89' lang='lat' dir='ltr'><strong>autern</strong></span> <span class='ocrx_word' id='word_1_611' title='bbox 1641 1669 1719 1736; x_wconf 91' lang='lat' dir='ltr'><strong>ordo</strong></span> <span class='ocrx_word' id='word_1_612' title='bbox 1739 1667 1946 1752; x_wconf 85' lang='lat' dir='ltr'><strong>congruitatis</strong></span> <span class='ocrx_word' id='word_1_613' title='bbox 1969 1675 2026 1748; x_wconf 89' lang='lat' dir='ltr'><strong>est,</strong></span> <span class='ocrx_word' id='word_1_614' title='bbox 2048 1689 2111 1738; x_wconf 91' lang='lat' dir='ltr'><strong>non</strong></span> <span class='ocrx_word' id='word_1_615' title='bbox 2129 1671 2331 1750; x_wconf 87' lang='lat' dir='ltr'><strong>necessitatis,</strong></span> <span class='ocrx_word' id='word_1_616' title='bbox 2354 1679 2388 1738; x_wconf 91' lang='lat' dir='ltr'><strong>et</strong></span> <span class='ocrx_word' id='word_1_617' title='bbox 2403 1687 2470 1738; x_wconf 90' lang='lat' dir='ltr'><strong>ma·</strong></span> 
     </span>
     <span class='ocr_line' id='line_1_74' title="bbox 1513 1775 2467 1864; baseline -0.001 -20"><span class='ocrx_word' id='word_1_618' title='bbox 1513 1777 1615 1858; x_wconf 86' lang='lat' dir='ltr'><strong>xime,</strong></span> <span class='ocrx_word' id='word_1_619' title='bbox 1642 1777 1667 1842; x_wconf 88' lang='lat' dir='ltr'><strong>si</strong></span> <span class='ocrx_word' id='word_1_620' title='bbox 1690 1775 1902 1860; x_wconf 87' lang='lat' dir='ltr'><strong>percipiatur,</strong></span> <span class='ocrx_word' id='word_1_621' title='bbox 1924 1775 2010 1860; x_wconf 90' lang='lat' dir='ltr'><strong>quod</strong></span> <span class='ocrx_word' id='word_1_622' title='bbox 2040 1779 2208 1860; x_wconf 88' lang='lat' dir='ltr'><strong>proximus</strong></span> <span class='ocrx_word' id='word_1_623' title='bbox 2237 1779 2278 1846; x_wconf 87' lang='lat' dir='ltr'><strong>sit</strong></span> <span class='ocrx_word' id='word_1_624' title='bbox 2300 1779 2467 1864; x_wconf 80' lang='lat' dir='ltr'><strong>incorrigi-</strong></span> 
     </span>
     <span class='ocr_line' id='line_1_75' title="bbox 1512 1883 2467 1962; baseline -0.002 -12"><span class='ocrx_word' id='word_1_625' title='bbox 1512 1883 1584 1950; x_wconf 92' lang='lat' dir='ltr'><strong>bilis</strong></span> <span class='ocrx_word' id='word_1_626' title='bbox 1605 1883 1643 1948; x_wconf 87' lang='lat' dir='ltr'><strong>ad</strong></span> <span class='ocrx_word' id='word_1_627' title='bbox 1668 1883 1800 1950; x_wconf 88' lang='lat' dir='ltr'><strong>rerhum</strong></span> <span class='ocrx_word' id='word_1_628' title='bbox 1825 1883 1945 1962; x_wconf 80' lang='lat' dir='ltr'><strong>fratria,</strong></span> <span class='ocrx_word' id='word_1_629' title='bbox 1970 1883 2024 1948; x_wconf 90' lang='lat' dir='ltr'><strong>sed</strong></span> <span class='ocrx_word' id='word_1_630' title='bbox 2045 1889 2167 1949; x_wconf 91' lang='lat' dir='ltr'><strong>tautum</strong></span> <span class='ocrx_word' id='word_1_631' title='bbox 2197 1883 2226 1948; x_wconf 94' lang='lat' dir='ltr'><strong>in</strong></span> <span class='ocrx_word' id='word_1_632' title='bbox 2260 1903 2355 1950; x_wconf 88' lang='lat' dir='ltr'><strong>mano</strong></span> <span class='ocrx_word' id='word_1_633' title='bbox 2383 1885 2467 1962; x_wconf 86' lang='lat' dir='ltr'><strong>lorti,</strong></span> 
     </span>
     <span class='ocr_line' id='line_1_76' title="bbox 1511 1989 2468 2074; baseline -0.002 -18"><span class='ocrx_word' id='word_1_634' title='bbox 1511 1989 1684 2058; x_wconf 91' lang='lat' dir='ltr'><strong>secundum</strong></span> <span class='ocrx_word' id='word_1_635' title='bbox 1710 1989 1788 2056; x_wconf 91' lang='lat' dir='ltr'><strong>illud</strong></span> <span class='ocrx_word' id='word_1_636' title='bbox 1810 1989 2052 2058; x_wconf 80' lang='lat' dir='ltr'><strong>Proverbiornn</strong></span> <span class='ocrx_word' id='word_1_637' title='bbox 2069 1989 2193 2056; x_wconf 78' lang='lat' dir='ltr'><strong>nono⁸:</strong></span> <span class='ocrx_word' id='word_1_638' title='bbox 2216 1989 2315 2056; x_wconf 77' lang='lat' dir='ltr'><strong>«Noli</strong></span> <span class='ocrx_word' id='word_1_639' title='bbox 2332 2005 2468 2074; x_wconf 83' lang='lat' dir='ltr'><strong>arguere</strong></span> 
     </span>
     <span class='ocr_line' id='line_1_77' title="bbox 1510 2097 2467 2182; baseline 0 -18"><span class='ocrx_word' id='word_1_640' title='bbox 1510 2097 1701 2178; x_wconf 88' lang='lat' dir='ltr'><strong>derisorem,</strong></span> <span class='ocrx_word' id='word_1_641' title='bbox 1726 2117 1765 2166; x_wconf 95' lang='lat' dir='ltr'><strong>ne</strong></span> <span class='ocrx_word' id='word_1_642' title='bbox 1788 2099 1890 2168; x_wconf 89' lang='lat' dir='ltr'><strong>oderit</strong></span> <span class='ocrx_word' id='word_1_643' title='bbox 1912 2105 1943 2166; x_wconf 92' lang='lat' dir='ltr'><strong>te</strong></span> <span class='ocrx_word' id='word_1_644' title='bbox 1961 2125 1988 2164; x_wconf 74' lang='lat' dir='ltr'><strong>a.</strong></span> <span class='ocrx_word' id='word_1_645' title='bbox 2016 2097 2100 2166; x_wconf 87' lang='lat' dir='ltr'><strong>Unde</strong></span> <span class='ocrx_word' id='word_1_646' title='bbox 2115 2097 2338 2182; x_wconf 83' lang='lat' dir='ltr'><strong>Hieronymus:</strong></span> <span class='ocrx_word' id='word_1_647' title='bbox 2360 2097 2467 2164; x_wconf 79' lang='lat' dir='ltr'><strong>«Fru-</strong></span> 
     </span>
     <span class='ocr_line' id='line_1_78' title="bbox 1511 2203 2468 2298; baseline 0.001 -27"><span class='ocrx_word' id='word_1_648' title='bbox 1511 2211 1577 2272; x_wconf 87' lang='lat' dir='ltr'><strong>stra</strong></span> <span class='ocrx_word' id='word_1_649' title='bbox 1599 2203 1656 2270; x_wconf 91' lang='lat' dir='ltr'><strong>niti</strong></span> <span class='ocrx_word' id='word_1_650' title='bbox 1673 2211 1712 2272; x_wconf 90' lang='lat' dir='ltr'><strong>et</strong></span> <span class='ocrx_word' id='word_1_651' title='bbox 1733 2205 1809 2272; x_wconf 91' lang='lat' dir='ltr'><strong>nihil</strong></span> <span class='ocrx_word' id='word_1_652' title='bbox 1835 2205 1919 2272; x_wconf 89' lang='lat' dir='ltr'><strong>aliud</strong></span> <span class='ocrx_word' id='word_1_653' title='bbox 1943 2205 2229 2298; x_wconf 86' lang='lat' dir='ltr'><strong>laborandoqaam</strong></span> <span class='ocrx_word' id='word_1_654' title='bbox 2246 2203 2352 2270; x_wconf 88' lang='lat' dir='ltr'><strong>odium</strong></span> <span class='ocrx_word' id='word_1_655' title='bbox 2371 2221 2468 2288; x_wconf 76' lang='lat' dir='ltr'><strong>quae</strong></span> 
     </span>
     <span class='ocr_line' id='line_1_79' title="bbox 1507 2311 2469 2396; baseline 0.002 -20"><span class='ocrx_word' id='word_1_656' title='bbox 1507 2329 1582 2378; x_wconf 89' lang='lat' dir='ltr'><strong>rere</strong></span> <span class='ocrx_word' id='word_1_657' title='bbox 1605 2317 1767 2380; x_wconf 86' lang='lat' dir='ltr'><strong>extremae</strong></span> <span class='ocrx_word' id='word_1_658' title='bbox 1790 2313 1965 2380; x_wconf 86' lang='lat' dir='ltr'><strong>deurentiae</strong></span> <span class='ocrx_word' id='word_1_659' title='bbox 1985 2319 2081 2380; x_wconf 82' lang='grc' dir='ltr'><strong>εει».</strong></span> <span class='ocrx_word' id='word_1_660' title='bbox 2105 2313 2234 2396; x_wconf 85' lang='lat' dir='ltr'><strong>Propter</strong></span> <span class='ocrx_word' id='word_1_661' title='bbox 2259 2311 2319 2378; x_wconf 92' lang='lat' dir='ltr'><strong>hoc</strong></span> <span class='ocrx_word' id='word_1_662' title='bbox 2342 2317 2373 2378; x_wconf 88' lang='lat' dir='ltr'><strong>ei</strong></span> <span class='ocrx_word' id='word_1_663' title='bbox 2397 2329 2469 2378; x_wconf 88' lang='lat' dir='ltr'><strong>san-</strong></span> 
     </span>
     <span class='ocr_line' id='line_1_80' title="bbox 1511 2417 2468 2502; baseline 0.002 -20"><span class='ocrx_word' id='word_1_664' title='bbox 1511 2425 1581 2484; x_wconf 90' lang='lat' dir='ltr'><strong>ctus</strong></span> <span class='ocrx_word' id='word_1_665' title='bbox 1604 2419 1715 2502; x_wconf 91' lang='lat' dir='ltr'><strong>loseph</strong></span> <span class='ocrx_word' id='word_1_666' title='bbox 1736 2419 1833 2484; x_wconf 92' lang='lat' dir='ltr'><strong>istum</strong></span> <span class='ocrx_word' id='word_1_667' title='bbox 1856 2419 1997 2486; x_wconf 90' lang='lat' dir='ltr'><strong>ordinem</strong></span> <span class='ocrx_word' id='word_1_668' title='bbox 2022 2419 2247 2496; x_wconf 83' lang='lat' dir='ltr'><strong>conseruauit,</strong></span> <span class='ocrx_word' id='word_1_669' title='bbox 2273 2417 2310 2484; x_wconf 94' lang='lat' dir='ltr'><strong>de</strong></span> <span class='ocrx_word' id='word_1_670' title='bbox 2335 2437 2398 2502; x_wconf 85' lang='lat' dir='ltr'><strong>quo</strong></span> <span class='ocrx_word' id='word_1_671' title='bbox 2420 2419 2468 2484; x_wconf 91' lang='lat' dir='ltr'><strong>di-</strong></span> 
     </span>
     <span class='ocr_line' id='line_1_81' title="bbox 1510 2521 2466 2608; baseline 0 -20"><span class='ocrx_word' id='word_1_672' title='bbox 1510 2523 1594 2588; x_wconf 89' lang='lat' dir='ltr'><strong>citur</strong></span> <span class='ocrx_word' id='word_1_673' title='bbox 1610 2521 1741 2590; x_wconf 88' lang='lat' dir='ltr'><strong>Genesis</strong></span> <span class='ocrx_word' id='word_1_674' title='bbox 1775 2523 1932 2608; x_wconf 81' lang='lat' dir='ltr'><strong>trigesimo</strong></span> <span class='ocrx_word' id='word_1_675' title='bbox 1962 2521 2128 2608; x_wconf 67' lang='lat' dir='ltr'><strong>separant,</strong></span> <span class='ocrx_word' id='word_1_676' title='bbox 2160 2521 2245 2608; x_wconf 88' lang='lat' dir='ltr'><strong>quod</strong></span> <span class='ocrx_word' id='word_1_677' title='bbox 2274 2523 2466 2588; x_wconf 72' lang='lat' dir='ltr'><strong>«accusarit</strong></span> 
     </span>
     <span class='ocr_line' id='line_1_82' title="bbox 1509 2627 2464 2712; baseline 0.002 -20"><span class='ocrx_word' id='word_1_678' title='bbox 1509 2629 1594 2712; x_wconf 90' lang='lat' dir='ltr'><strong>apud</strong></span> <span class='ocrx_word' id='word_1_679' title='bbox 1624 2635 1746 2712; x_wconf 90' lang='lat' dir='ltr'><strong>patrem</strong></span> <span class='ocrx_word' id='word_1_680' title='bbox 1782 2629 1896 2694; x_wconf 90' lang='lat' dir='ltr'><strong>iratres</strong></span> <span class='ocrx_word' id='word_1_681' title='bbox 1925 2647 1999 2695; x_wconf 92' lang='lat' dir='ltr'><strong>suos</strong></span> <span class='ocrx_word' id='word_1_682' title='bbox 2032 2627 2162 2694; x_wconf 90' lang='lat' dir='ltr'><strong>crimine</strong></span> <span class='ocrx_word' id='word_1_683' title='bbox 2197 2629 2379 2712; x_wconf 80' lang='lat' dir='ltr'><strong>pessimo».</strong></span> <span class='ocrx_word' id='word_1_684' title='bbox 2414 2629 2464 2694; x_wconf 86' lang='lat' dir='ltr'><strong>Ex</strong></span> 
     </span>
     <span class='ocr_line' id='line_1_83' title="bbox 1511 2733 2466 2818; baseline 0 -18"><span class='ocrx_word' id='word_1_685' title='bbox 1511 2753 1574 2818; x_wconf 86' lang='lat' dir='ltr'><strong>quo</strong></span> <span class='ocrx_word' id='word_1_686' title='bbox 1608 2735 1702 2800; x_wconf 92' lang='lat' dir='ltr'><strong>datur</strong></span> <span class='ocrx_word' id='word_1_687' title='bbox 1733 2735 1852 2812; x_wconf 84' lang='lat' dir='ltr'><strong>forma,</strong></span> <span class='ocrx_word' id='word_1_688' title='bbox 1875 2733 1961 2818; x_wconf 87' lang='lat' dir='ltr'><strong>quod</strong></span> <span class='ocrx_word' id='word_1_689' title='bbox 1983 2733 2141 2816; x_wconf 89' lang='lat' dir='ltr'><strong>praelato,</strong></span> <span class='ocrx_word' id='word_1_690' title='bbox 2171 2733 2226 2816; x_wconf 87' lang='lat' dir='ltr'><strong>qui</strong></span> <span class='ocrx_word' id='word_1_691' title='bbox 2257 2739 2303 2800; x_wconf 86' lang='lat' dir='ltr'><strong>est</strong></span> <span class='ocrx_word' id='word_1_692' title='bbox 2331 2751 2466 2818; x_wconf 90' lang='lat' dir='ltr'><strong>persona</strong></span> 
     </span>
     <span class='ocr_line' id='line_1_84' title="bbox 1509 2839 2467 2924; baseline 0 -18"><span class='ocrx_word' id='word_1_693' title='bbox 1509 2841 1617 2906; x_wconf 85' lang='lat' dir='ltr'><strong>ualens</strong></span> <span class='ocrx_word' id='word_1_694' title='bbox 1641 2839 1802 2922; x_wconf 87' lang='lat' dir='ltr'><strong>prodesse,</strong></span> <span class='ocrx_word' id='word_1_695' title='bbox 1819 2839 1913 2904; x_wconf 88' lang='lat' dir='ltr'><strong>etiam</strong></span> <span class='ocrx_word' id='word_1_696' title='bbox 1929 2839 2017 2904; x_wconf 91' lang='lat' dir='ltr'><strong>nulla</strong></span> <span class='ocrx_word' id='word_1_697' title='bbox 2039 2839 2243 2920; x_wconf 88' lang='lat' dir='ltr'><strong>praecedente</strong></span> <span class='ocrx_word' id='word_1_698' title='bbox 2261 2839 2467 2924; x_wconf 90' lang='lat' dir='ltr'><strong>correptione,</strong></span> 
     </span>
     <span class='ocr_line' id='line_1_85' title="bbox 1509 2943 2468 3028; baseline 0 -18"><span class='ocrx_word' id='word_1_699' title='bbox 1509 2951 1612 3028; x_wconf 91' lang='lat' dir='ltr'><strong>potest</strong></span> <span class='ocrx_word' id='word_1_700' title='bbox 1635 2951 1668 3010; x_wconf 92' lang='lat' dir='ltr'><strong>et</strong></span> <span class='ocrx_word' id='word_1_701' title='bbox 1688 2943 1784 3010; x_wconf 89' lang='lat' dir='ltr'><strong>debet</strong></span> <span class='ocrx_word' id='word_1_702' title='bbox 1813 2943 1907 3028; x_wconf 90' lang='lat' dir='ltr'><strong>culpa</strong></span> <span class='ocrx_word' id='word_1_703' title='bbox 1935 2943 2074 3028; x_wconf 89' lang='lat' dir='ltr'><strong>proximi</strong></span> <span class='ocrx_word' id='word_1_704' title='bbox 2105 2943 2244 3010; x_wconf 89' lang='lat' dir='ltr'><strong>accusari</strong></span> <span class='ocrx_word' id='word_1_705' title='bbox 2270 2951 2362 3010; x_wconf 88' lang='lat' dir='ltr'><strong>extra</strong></span> <span class='ocrx_word' id='word_1_706' title='bbox 2386 2943 2468 3010; x_wconf 92' lang='lat' dir='ltr'><strong>iudi-</strong></span> 
     </span>
     <span class='ocr_line' id='line_1_86' title="bbox 1510 3049 2468 3136; baseline 0 -20"><span class='ocrx_word' id='word_1_707' title='bbox 1510 3049 1612 3128; x_wconf 90' lang='lat' dir='ltr'><strong>cium,</strong></span> <span class='ocrx_word' id='word_1_708' title='bbox 1637 3049 1662 3116; x_wconf 91' lang='lat' dir='ltr'><strong>si</strong></span> <span class='ocrx_word' id='word_1_709' title='bbox 1686 3049 1727 3116; x_wconf 91' lang='lat' dir='ltr'><strong>sit</strong></span> <span class='ocrx_word' id='word_1_710' title='bbox 1748 3049 1890 3128; x_wconf 88' lang='lat' dir='ltr'><strong>occulta,</strong></span> <span class='ocrx_word' id='word_1_711' title='bbox 1914 3057 1944 3116; x_wconf 91' lang='lat' dir='ltr'><strong>et</strong></span> <span class='ocrx_word' id='word_1_712' title='bbox 1969 3049 1997 3114; x_wconf 91' lang='lat' dir='ltr'><strong>in</strong></span> <span class='ocrx_word' id='word_1_713' title='bbox 2024 3049 2197 3128; x_wconf 90' lang='lat' dir='ltr'><strong>iudicio,si</strong></span> <span class='ocrx_word' id='word_1_714' title='bbox 2215 3051 2369 3118; x_wconf 89' lang='lat' dir='ltr'><strong>habeatur</strong></span> <span class='ocrx_word' id='word_1_715' title='bbox 2395 3069 2468 3136; x_wconf 90' lang='lat' dir='ltr'><strong>pro-</strong></span> 
     </span>
     <span class='ocr_line' id='line_1_87' title="bbox 1507 3155 2469 3244; baseline 0.002 -22"><span class='ocrx_word' id='word_1_716' title='bbox 1507 3155 1594 3222; x_wconf 84' lang='lat' dir='ltr'><strong>batio</strong></span> <span class='ocrx_word' id='word_1_717' title='bbox 1616 3163 1713 3220; x_wconf 90' lang='lat' dir='ltr'><strong>certa.</strong></span> <span class='ocrx_word' id='word_1_718' title='bbox 1737 3155 1823 3222; x_wconf 87' lang='lat' dir='ltr'><strong>Unde</strong></span> <span class='ocrx_word' id='word_1_719' title='bbox 1848 3157 1926 3222; x_wconf 88' lang='lat' dir='ltr'><strong>Beda</strong></span> <span class='ocrx_word' id='word_1_720' title='bbox 1940 3157 1984 3220; x_wconf 89' lang='lat'><strong>¹⁰:</strong></span> <span class='ocrx_word' id='word_1_721' title='bbox 2015 3181 2031 3214; x_wconf 73' lang='lat' dir='ltr'><strong>a</strong></span> <span class='ocrx_word' id='word_1_722' title='bbox 2046 3157 2092 3220; x_wconf 88' lang='lat' dir='ltr'><strong>lta</strong></span> <span class='ocrx_word' id='word_1_723' title='bbox 2119 3163 2227 3240; x_wconf 90' lang='lat' dir='ltr'><strong>peccat</strong></span> <span class='ocrx_word' id='word_1_724' title='bbox 2250 3157 2304 3244; x_wconf 84' lang='lat' dir='ltr'><strong>qni</strong></span> <span class='ocrx_word' id='word_1_725' title='bbox 2338 3175 2469 3242; x_wconf 87' lang='lat' dir='ltr'><strong>peccan-</strong></span> 
     </span>
     <span class='ocr_line' id='line_1_88' title="bbox 1508 3259 2467 3348; baseline -0.005 -20"><span class='ocrx_word' id='word_1_726' title='bbox 1508 3269 1571 3328; x_wconf 85' lang='lat' dir='ltr'><strong>tem</strong></span> <span class='ocrx_word' id='word_1_727' title='bbox 1596 3259 1704 3328; x_wconf 85' lang='lat' dir='ltr'><strong>uidens</strong></span> <span class='ocrx_word' id='word_1_728' title='bbox 1728 3267 1830 3340; x_wconf 90' lang='lat' dir='ltr'><strong>tacet,</strong></span> <span class='ocrx_word' id='word_1_729' title='bbox 1844 3261 1925 3328; x_wconf 90' lang='lat' dir='ltr'><strong>sicut</strong></span> <span class='ocrx_word' id='word_1_730' title='bbox 1940 3259 1994 3346; x_wconf 89' lang='lat' dir='ltr'><strong>qui</strong></span> <span class='ocrx_word' id='word_1_731' title='bbox 2011 3261 2179 3346; x_wconf 92' lang='lat' dir='ltr'><strong>poenitenti</strong></span> <span class='ocrx_word' id='word_1_732' title='bbox 2206 3271 2266 3328; x_wconf 90' lang='lat' dir='ltr'><strong>non</strong></span> <span class='ocrx_word' id='word_1_733' title='bbox 2283 3263 2422 3348; x_wconf 82' lang='lat' dir='ltr'><strong>indulget</strong></span> <span class='ocrx_word' id='word_1_734' title='bbox 2433 3287 2467 3342; x_wconf 82' lang='lat'><strong>&gt;›;</strong></span> 
     </span>
     <span class='ocr_line' id='line_1_89' title="bbox 1505 3367 2469 3454; baseline 0.001 -20"><span class='ocrx_word' id='word_1_735' title='bbox 1505 3369 1596 3454; x_wconf 85' lang='lat' dir='ltr'><strong>quod</strong></span> <span class='ocrx_word' id='word_1_736' title='bbox 1617 3367 1743 3454; x_wconf 88' lang='lat' dir='ltr'><strong>quidem</strong></span> <span class='ocrx_word' id='word_1_737' title='bbox 1768 3367 1971 3454; x_wconf 79' lang='lat' dir='ltr'><strong>intelligitur,</strong></span> <span class='ocrx_word' id='word_1_738' title='bbox 1994 3367 2119 3452; x_wconf 87' lang='lat' dir='ltr'><strong>quando</strong></span> <span class='ocrx_word' id='word_1_739' title='bbox 2156 3369 2251 3434; x_wconf 88' lang='lat' dir='ltr'><strong>verbo</strong></span> <span class='ocrx_word' id='word_1_740' title='bbox 2277 3387 2334 3436; x_wconf 91' lang='lat' dir='ltr'><strong>suo</strong></span> <span class='ocrx_word' id='word_1_741' title='bbox 2364 3375 2469 3454; x_wconf 90' lang='lat' dir='ltr'><strong>potest</strong></span> 
     </span>
     <span class='ocr_line' id='line_1_90' title="bbox 1509 3473 2466 3558; baseline -0.002 -18"><span class='ocrx_word' id='word_1_742' title='bbox 1509 3473 1676 3558; x_wconf 87' lang='lat' dir='ltr'><strong>proximus</strong></span> <span class='ocrx_word' id='word_1_743' title='bbox 1699 3473 1833 3558; x_wconf 82' lang='lat' dir='ltr'><strong>corrigi,</strong></span> <span class='ocrx_word' id='word_1_744' title='bbox 1856 3479 1888 3538; x_wconf 93' lang='lat' dir='ltr'><strong>et</strong></span> <span class='ocrx_word' id='word_1_745' title='bbox 1911 3473 2011 3538; x_wconf 91' lang='lat' dir='ltr'><strong>maius</strong></span> <span class='ocrx_word' id='word_1_746' title='bbox 2027 3473 2211 3558; x_wconf 89' lang='lat' dir='ltr'><strong>periculum</strong></span> <span class='ocrx_word' id='word_1_747' title='bbox 2234 3493 2296 3538; x_wconf 93' lang='lat' dir='ltr'><strong>non</strong></span> <span class='ocrx_word' id='word_1_748' title='bbox 2320 3475 2466 3554; x_wconf 90' lang='lat' dir='ltr'><strong>timetur;</strong></span> 
     </span>
     <span class='ocr_line' id='line_1_91' title="bbox 1510 3579 2466 3666; baseline 0 -20"><span class='ocrx_word' id='word_1_749' title='bbox 1510 3583 1603 3646; x_wconf 44' lang='lat' dir='ltr'><strong>unde*</strong></span> <span class='ocrx_word' id='word_1_750' title='bbox 1621 3599 1718 3666; x_wconf 91' lang='lat' dir='ltr'><strong>super</strong></span> <span class='ocrx_word' id='word_1_751' title='bbox 1748 3579 1826 3646; x_wconf 91' lang='lat' dir='ltr'><strong>illud</strong></span> <span class='ocrx_word' id='word_1_752' title='bbox 1861 3581 2016 3646; x_wconf 87' lang='lat' dir='ltr'><strong>secundae</strong></span> <span class='ocrx_word' id='word_1_753' title='bbox 2046 3581 2085 3646; x_wconf 91' lang='lat' dir='ltr'><strong>ad</strong></span> <span class='ocrx_word' id='word_1_754' title='bbox 2116 3581 2293 3646; x_wconf 88' lang='lat' dir='ltr'><strong>Corinthios</strong></span> <span class='ocrx_word' id='word_1_755' title='bbox 2316 3583 2466 3646; x_wconf 65' lang='lat' dir='ltr'><strong>sextoss:</strong></span> 
     </span>
     <span class='ocr_line' id='line_1_92' title="bbox 1514 3685 2468 3766; baseline 0 -14"><span class='ocrx_word' id='word_1_756' title='bbox 1514 3687 1637 3754; x_wconf 76' lang='lat' dir='ltr'><strong>«Exite</strong></span> <span class='ocrx_word' id='word_1_757' title='bbox 1661 3687 1698 3754; x_wconf 95' lang='lat' dir='ltr'><strong>de</strong></span> <span class='ocrx_word' id='word_1_758' title='bbox 1723 3687 1824 3754; x_wconf 90' lang='lat' dir='ltr'><strong>medio</strong></span> <span class='ocrx_word' id='word_1_759' title='bbox 1849 3705 1959 3754; x_wconf 90' lang='lat' dir='ltr'><strong>eorum</strong></span> <span class='ocrx_word' id='word_1_760' title='bbox 1974 3711 2007 3766; x_wconf 51' lang='lat'><strong>»,¹</strong></span> <span class='ocrx_word' id='word_1_761' title='bbox 2030 3685 2104 3754; x_wconf 90' lang='lat' dir='ltr'><strong>dicit</strong></span> <span class='ocrx_word' id='word_1_762' title='bbox 2126 3687 2249 3754; x_wconf 84' lang='lat' dir='ltr'><strong>Glossa:</strong></span> <span class='ocrx_word' id='word_1_763' title='bbox 2272 3713 2287 3746; x_wconf 79' lang='lat' dir='ltr'><strong>r</strong></span> <span class='ocrx_word' id='word_1_764' title='bbox 2303 3687 2405 3754; x_wconf 80' lang='lat' dir='ltr'><strong>Exire</strong></span> <span class='ocrx_word' id='word_1_765' title='bbox 2420 3693 2468 3754; x_wconf 94' lang='lat' dir='ltr'><strong>est</strong></span> 
     </span>
     <span class='ocr_line' id='line_1_93' title="bbox 1473 3793 2469 3878; baseline -0.002 -20"><span class='ocrx_word' id='word_1_766' title='bbox 1473 3829 1474 3832; x_wconf 61' lang='lat'><em>=</em></span> <span class='ocrx_word' id='word_1_767' title='bbox 1505 3793 1612 3862; x_wconf 86' lang='lat' dir='ltr'><strong>lacere</strong></span> <span class='ocrx_word' id='word_1_768' title='bbox 1627 3793 1713 3878; x_wconf 87' lang='lat' dir='ltr'><strong>quod</strong></span> <span class='ocrx_word' id='word_1_769' title='bbox 1729 3793 1918 3878; x_wconf 90' lang='lat' dir='ltr'><strong>pertinetad</strong></span> <span class='ocrx_word' id='word_1_770' title='bbox 1934 3793 2163 3878; x_wconf 90' lang='lat' dir='ltr'><strong>correptionem</strong></span> <span class='ocrx_word' id='word_1_771' title='bbox 2180 3794 2351 3872; x_wconf 89' lang='lat' dir='ltr'><strong>malorum,</strong></span> <span class='ocrx_word' id='word_1_772' title='bbox 2366 3811 2469 3878; x_wconf 61' lang='lat' dir='ltr'><strong>quan,-</strong></span> 
     </span>
     <span class='ocr_line' id='line_1_94' title="bbox 1510 3899 2427 3994; baseline 0 -30"><span class='ocrx_word' id='word_1_773' title='bbox 1510 3905 1579 3966; x_wconf 92' lang='lat' dir='ltr'><strong>tum</strong></span> <span class='ocrx_word' id='word_1_774' title='bbox 1604 3899 1674 3965; x_wconf 90' lang='lat' dir='ltr'><strong>licet</strong></span> <span class='ocrx_word' id='word_1_775' title='bbox 1698 3919 1754 3982; x_wconf 93' lang='lat' dir='ltr'><strong>pro</strong></span> <span class='ocrx_word' id='word_1_776' title='bbox 1778 3899 1877 3984; x_wconf 81' lang='lat' dir='ltr'><strong>gradu</strong></span> <span class='ocrx_word' id='word_1_777' title='bbox 1903 3899 2172 3988; x_wconf 85' lang='lat' dir='ltr'><strong>uniuscuiusque,</strong></span> <span class='ocrx_word' id='word_1_778' title='bbox 2197 3901 2380 3994; x_wconf 22' lang='lat' dir='ltr'><strong>saluaupace</strong></span> <span class='ocrx_word' id='word_1_779' title='bbox 2397 3927 2427 3964; x_wconf 74' lang='lat' dir='ltr'><strong>s.</strong></span> 
     </span>
    </p>
   </div>
   <div class='ocr_carea' id='block_1_16' title="bbox 1604 4003 2590 4090">
    <p class='ocr_par' dir='ltr' id='par_1_18' title="bbox 1545 4003 2590 4090">
     <span class='ocr_line' id='line_1_95' title="bbox 1604 4003 2590 4090; baseline -0.002 -20.113"><span class='ocrx_word' id='word_1_780' title='bbox 1604 4007 1653 4070; x_wconf 90' lang='lat' dir='ltr'><strong>m.</strong></span> <span class='ocrx_word' id='word_1_781' title='bbox 1677 4003 1783 4072; x_wconf 92' lang='lat' dir='ltr'><strong>Tertio</strong></span> <span class='ocrx_word' id='word_1_782' title='bbox 1805 4013 1960 4090; x_wconf 75' lang='lat' dir='ltr'><strong>parantum</strong></span> <span class='ocrx_word' id='word_1_783' title='bbox 1984 4003 2024 4070; x_wconf 87' lang='lat' dir='ltr'><strong>ad</strong></span> <span class='ocrx_word' id='word_1_784' title='bbox 2053 4003 2294 4090; x_wconf 84' lang='lat' dir='ltr'><strong>indulpentiara</strong></span> <span class='ocrx_word' id='word_1_785' title='bbox 2317 4013 2590 4090; x_wconf 69' lang='lat' dir='ltr'><strong>respectandum.</strong></span> 
     </span>
    </p>
   </div>
   <div class='ocr_carea' id='block_1_17' title="bbox 1473 4109 2469 4620">
    <p class='ocr_par' dir='ltr' id='par_1_19' title="bbox 1473 4109 2469 4620">
     <span class='ocr_line' id='line_1_96' title="bbox 1473 4109 2468 4196; baseline -0.002 -18"><span class='ocrx_word' id='word_1_786' title='bbox 1473 4133 1474 4136; x_wconf 44' lang='lat'>¹</span> <span class='ocrx_word' id='word_1_787' title='bbox 1505 4111 1741 4194; x_wconf 87' lang='lat' dir='ltr'><strong>poenitentiam</strong></span> <span class='ocrx_word' id='word_1_788' title='bbox 1758 4111 1886 4178; x_wconf 81' lang='lat' dir='ltr'><strong>subdit:¹</strong></span> <span class='ocrx_word' id='word_1_789' title='bbox 1908 4111 1948 4176; x_wconf 85' lang='grc' dir='ltr'><strong>Ει</strong></span> <span class='ocrx_word' id='word_1_790' title='bbox 1970 4111 2000 4174; x_wconf 85' lang='lat' dir='ltr'><strong>si</strong></span> <span class='ocrx_word' id='word_1_791' title='bbox 2022 4109 2253 4196; x_wconf 88' lang='lat' dir='ltr'><strong>poenitentiam</strong></span> <span class='ocrx_word' id='word_1_792' title='bbox 2276 4111 2391 4196; x_wconf 84' lang='lat' dir='ltr'><strong>aperit,</strong></span> <span class='ocrx_word' id='word_1_793' title='bbox 2415 4111 2468 4176; x_wconf 90' lang='lat' dir='ltr'><strong>di-</strong></span> 
     </span>
     <span class='ocr_line' id='line_1_97' title="bbox 1509 4215 2466 4300; baseline 0 -18"><span class='ocrx_word' id='word_1_794' title='bbox 1509 4219 1600 4284; x_wconf 85' lang='lat' dir='ltr'><strong>mitte</strong></span> <span class='ocrx_word' id='word_1_795' title='bbox 1616 4215 1682 4282; x_wconf 75' lang='lat' dir='ltr'><strong>iili.</strong></span> <span class='ocrx_word' id='word_1_796' title='bbox 1701 4217 1839 4284; x_wconf 63' lang='lat' dir='ltr'><strong>andater</strong></span> <span class='ocrx_word' id='word_1_797' title='bbox 1867 4217 1964 4284; x_wconf 66' lang='lat' dir='ltr'><strong>«Non</strong></span> <span class='ocrx_word' id='word_1_798' title='bbox 1988 4217 2136 4284; x_wconf 88' lang='lat' dir='ltr'><strong>iubemur</strong></span> <span class='ocrx_word' id='word_1_799' title='bbox 2160 4215 2276 4300; x_wconf 87' lang='lat' dir='ltr'><strong>passim</strong></span> <span class='ocrx_word' id='word_1_800' title='bbox 2295 4217 2466 4300; x_wconf 86' lang='lat' dir='ltr'><strong>peccanti,</strong></span> 
     </span>
     <span class='ocr_line' id='line_1_98' title="bbox 1505 4321 2468 4408; baseline -0.001 -20"><span class='ocrx_word' id='word_1_801' title='bbox 1505 4321 1563 4388; x_wconf 90' lang='grc' dir='ltr'><strong>εει</strong></span> <span class='ocrx_word' id='word_1_802' title='bbox 1586 4321 1763 4408; x_wconf 85' lang='lat' dir='ltr'><strong>poenitenti</strong></span> <span class='ocrx_word' id='word_1_803' title='bbox 1786 4321 1951 4390; x_wconf 89' lang='lat' dir='ltr'><strong>dimittere.</strong></span> <span class='ocrx_word' id='word_1_804' title='bbox 1977 4323 2114 4388; x_wconf 85' lang='lat' dir='ltr'><strong>Primum</strong></span> <span class='ocrx_word' id='word_1_805' title='bbox 2148 4341 2223 4408; x_wconf 81' lang='lat' dir='ltr'><strong>ergo</strong></span> <span class='ocrx_word' id='word_1_806' title='bbox 2252 4329 2299 4390; x_wconf 91' lang='lat' dir='ltr'><strong>est</strong></span> <span class='ocrx_word' id='word_1_807' title='bbox 2327 4341 2468 4408; x_wconf 84' lang='lat' dir='ltr'><strong>pecean-</strong></span> 
     </span>
     <span class='ocr_line' id='line_1_99' title="bbox 1505 4427 2469 4514; baseline 0 -22"><span class='ocrx_word' id='word_1_808' title='bbox 1505 4435 1572 4492; x_wconf 86' lang='lat' dir='ltr'><strong>lan</strong></span> <span class='ocrx_word' id='word_1_809' title='bbox 1606 4429 1795 4514; x_wconf 85' lang='lat' dir='ltr'><strong>increpare,</strong></span> <span class='ocrx_word' id='word_1_810' title='bbox 1818 4433 1856 4494; x_wconf 91' lang='lat' dir='ltr'><strong>ut</strong></span> <span class='ocrx_word' id='word_1_811' title='bbox 1877 4435 1948 4512; x_wconf 89' lang='lat' dir='ltr'><strong>post</strong></span> <span class='ocrx_word' id='word_1_812' title='bbox 1969 4427 2147 4514; x_wconf 88' lang='lat' dir='ltr'><strong>poenitenti</strong></span> <span class='ocrx_word' id='word_1_813' title='bbox 2164 4427 2334 4514; x_wconf 84' lang='lat' dir='ltr'><strong>possimus</strong></span> <span class='ocrx_word' id='word_1_814' title='bbox 2356 4427 2469 4494; x_wconf 83' lang='lat' dir='ltr'><strong>dimit-</strong></span> 
     </span>
     <span class='ocr_line' id='line_1_100' title="bbox 1506 4533 2468 4620; baseline 0 -20"><span class='ocrx_word' id='word_1_815' title='bbox 1506 4543 1576 4618; x_wconf 83' lang='lat' dir='ltr'><strong>-lere</strong></span> <span class='ocrx_word' id='word_1_816' title='bbox 1590 4561 1619 4600; x_wconf 87' lang='lat'><strong>».</strong></span> <span class='ocrx_word' id='word_1_817' title='bbox 1635 4537 1720 4602; x_wconf 84' lang='lat' dir='ltr'><strong>Hanc</strong></span> <span class='ocrx_word' id='word_1_818' title='bbox 1742 4535 1824 4600; x_wconf 90' lang='lat' dir='ltr'><strong>enim</strong></span> <span class='ocrx_word' id='word_1_819' title='bbox 1851 4535 1948 4620; x_wconf 83' lang='lat' dir='ltr'><strong>legem</strong></span> <span class='ocrx_word' id='word_1_820' title='bbox 1973 4533 2082 4602; x_wconf 89' lang='lat' dir='ltr'><strong>statuit</strong></span> <span class='ocrx_word' id='word_1_821' title='bbox 2099 4533 2247 4601; x_wconf 88' lang='lat' dir='ltr'><strong>Dominus</strong></span> <span class='ocrx_word' id='word_1_822' title='bbox 2272 4535 2301 4600; x_wconf 93' lang='lat' dir='ltr'><strong>in</strong></span> <span class='ocrx_word' id='word_1_823' title='bbox 2326 4535 2468 4600; x_wconf 87' lang='lat' dir='ltr'><strong>oratione</strong></span> 
     </span>
    </p>
   </div>
   <div class='ocr_carea' id='block_1_18' title="bbox 1508 4899 2466 4984">
    <p class='ocr_par' dir='ltr' id='par_1_20' title="bbox 1508 4899 2466 4984">
     <span class='ocr_line' id='line_1_101' title="bbox 1508 4899 2466 4984; baseline -0.005 -12"><span class='ocrx_word' id='word_1_824' title='bbox 1508 4899 1583 4972; x_wconf 75' lang='lat' dir='ltr'><strong>satiri</strong></span> <span class='ocrx_word' id='word_1_825' title='bbox 1604 4935 1691 4982; x_wconf 87' lang='lat' dir='ltr'><strong>casus,</strong></span> <span class='ocrx_word' id='word_1_826' title='bbox 1711 4927 1737 4972; x_wconf 93' lang='lat' dir='ltr'><strong>et</strong></span> <span class='ocrx_word' id='word_1_827' title='bbox 1753 4921 1892 4984; x_wconf 84' lang='lat' dir='ltr'><strong>exponitur</strong></span> <span class='ocrx_word' id='word_1_828' title='bbox 1912 4919 2016 4972; x_wconf 91' lang='lat' dir='ltr'><strong>duobus</strong></span> <span class='ocrx_word' id='word_1_829' title='bbox 2042 4917 2141 4970; x_wconf 89' lang='lat' dir='ltr'><strong>modis:</strong></span> <span class='ocrx_word' id='word_1_830' title='bbox 2160 4919 2190 4970; x_wconf 89' lang='lat' dir='ltr'><strong>ln</strong></span> <span class='ocrx_word' id='word_1_831' title='bbox 2211 4921 2247 4980; x_wconf 87' lang='lat' dir='ltr'><strong>ie,</strong></span> <span class='ocrx_word' id='word_1_832' title='bbox 2271 4917 2296 4970; x_wconf 89' lang='lat' dir='ltr'><strong>id</strong></span> <span class='ocrx_word' id='word_1_833' title='bbox 2316 4923 2356 4970; x_wconf 91' lang='lat' dir='ltr'><strong>est</strong></span> <span class='ocrx_word' id='word_1_834' title='bbox 2374 4922 2466 4970; x_wconf 88' lang='lat' dir='ltr'><strong>contra</strong></span> 
     </span>
    </p>
   </div>
   <div class='ocr_carea' id='block_1_19' title="bbox 1419 4995 2466 5072">
    <p class='ocr_par' dir='ltr' id='par_1_21' title="bbox 1419 4995 2466 5072">
     <span class='ocr_line' id='line_1_102' title="bbox 1419 4995 2466 5072; baseline -0.004 -12"><span class='ocrx_word' id='word_1_835' title='bbox 1419 5033 1420 5036; x_wconf 36' lang='lat'>¹</span> <span class='ocrx_word' id='word_1_836' title='bbox 1508 4995 1549 5072; x_wconf 81' lang='lat' dir='ltr'><strong>te,</strong></span> <span class='ocrx_word' id='word_1_837' title='bbox 1565 5009 1669 5060; x_wconf 89' lang='lat' dir='ltr'><strong>iniuriis</strong></span> <span class='ocrx_word' id='word_1_838' title='bbox 1686 5015 1711 5060; x_wconf 93' lang='lat' dir='ltr'><strong>et</strong></span> <span class='ocrx_word' id='word_1_839' title='bbox 1739 5007 1903 5058; x_wconf 87' lang='lat' dir='ltr'><strong>contruneliis</strong></span> <span class='ocrx_word' id='word_1_840' title='bbox 1930 5005 2082 5070; x_wconf 83' lang='lat' dir='ltr'><strong>alliciendo;</strong></span> <span class='ocrx_word' id='word_1_841' title='bbox 2102 5005 2142 5056; x_wconf 81' lang='lat' dir='ltr'><strong>rel</strong></span> <span class='ocrx_word' id='word_1_842' title='bbox 2162 5003 2189 5056; x_wconf 90' lang='lat' dir='ltr'><strong>in</strong></span> <span class='ocrx_word' id='word_1_843' title='bbox 2209 5009 2246 5068; x_wconf 87' lang='lat' dir='ltr'><strong>te,</strong></span> <span class='ocrx_word' id='word_1_844' title='bbox 2267 5005 2294 5056; x_wconf 91' lang='lat' dir='ltr'><strong>id</strong></span> <span class='ocrx_word' id='word_1_845' title='bbox 2313 5011 2352 5056; x_wconf 90' lang='lat' dir='ltr'><strong>ost</strong></span> <span class='ocrx_word' id='word_1_846' title='bbox 2369 5011 2466 5058; x_wconf 87' lang='lat' dir='ltr'><strong>contra</strong></span> 
     </span>
    </p>
   </div>
   <div class='ocr_carea' id='block_1_20' title="bbox 1484 5079 2469 6918">
    <p class='ocr_par' dir='ltr' id='par_1_22' title="bbox 1484 5079 2468 5234">
     <span class='ocr_line' id='line_1_103' title="bbox 1484 5079 2468 5162; baseline -0.002 -16"><span class='ocrx_word' id='word_1_847' title='bbox 1484 5079 1485 5084; x_wconf 8' lang='grc' dir='ltr'>ἵ</span> <span class='ocrx_word' id='word_1_848' title='bbox 1508 5101 1548 5160; x_wconf 86' lang='grc' dir='ltr'><strong>ιε,</strong></span> <span class='ocrx_word' id='word_1_849' title='bbox 1565 5095 1664 5146; x_wconf 86' lang='lat' dir='ltr'><strong>scilicet</strong></span> <span class='ocrx_word' id='word_1_850' title='bbox 1690 5095 1758 5146; x_wconf 89' lang='lat' dir='ltr'><strong>malo</strong></span> <span class='ocrx_word' id='word_1_851' title='bbox 1788 5107 1836 5146; x_wconf 91' lang='lat' dir='ltr'><strong>suo</strong></span> <span class='ocrx_word' id='word_1_852' title='bbox 1865 5095 1984 5158; x_wconf 90' lang='lat' dir='ltr'><strong>exemplo</strong></span> <span class='ocrx_word' id='word_1_853' title='bbox 2011 5099 2037 5144; x_wconf 88' lang='grc' dir='ltr'><strong>ει</strong></span> <span class='ocrx_word' id='word_1_854' title='bbox 2063 5093 2258 5158; x_wconf 89' lang='lat' dir='ltr'><strong>corrumpendo</strong></span> <span class='ocrx_word' id='word_1_855' title='bbox 2287 5083 2468 5162; x_wconf 25' lang='lat' dir='ltr'><strong>quantunr&#39;lin</strong></span> 
     </span>
     <span class='ocr_line' id='line_1_104' title="bbox 1509 5189 1605 5234; baseline 0.021 -2"><span class='ocrx_word' id='word_1_856' title='bbox 1509 5197 1539 5232; x_wconf 89' lang='lat' dir='ltr'><strong>se</strong></span> <span class='ocrx_word' id='word_1_857' title='bbox 1557 5189 1605 5234; x_wconf 86' lang='lat' dir='ltr'><strong>est.</strong></span> 
     </span>
    </p>

    <p class='ocr_par' dir='ltr' id='par_1_23' title="bbox 1580 5267 2374 5332">
     <span class='ocr_line' id='line_1_105' title="bbox 1580 5267 2374 5332; baseline 0.003 -14"><span class='ocrx_word' id='word_1_858' title='bbox 1580 5267 1592 5296; x_wconf 65' lang='grc' dir='ltr'><strong>θ</strong></span> <span class='ocrx_word' id='word_1_859' title='bbox 1613 5269 1684 5322; x_wconf 89' lang='lat' dir='ltr'><strong>Vers.</strong></span> <span class='ocrx_word' id='word_1_860' title='bbox 1706 5271 1752 5332; x_wconf 73' lang='grc' dir='ltr'><strong>ιδ,</strong></span> <span class='ocrx_word' id='word_1_861' title='bbox 1772 5269 1867 5322; x_wconf 87' lang='lat' dir='ltr'><strong>deinde</strong></span> <span class='ocrx_word' id='word_1_862' title='bbox 1887 5269 1929 5320; x_wconf 87' lang='lat' dir='ltr'><strong>le.</strong></span> <span class='ocrx_word' id='word_1_863' title='bbox 1949 5273 1975 5320; x_wconf 90' lang='lat' dir='ltr'><strong>et</strong></span> <span class='ocrx_word' id='word_1_864' title='bbox 1994 5269 2037 5320; x_wconf 78' lang='lat' dir='ltr'><strong>tl.</strong></span> <span class='ocrx_word' id='word_1_865' title='bbox 2054 5267 2108 5320; x_wconf 87' lang='lat' dir='ltr'><strong>Cir.</strong></span> <span class='ocrx_word' id='word_1_866' title='bbox 2125 5269 2244 5332; x_wconf 66' lang='lat' dir='ltr'><strong>rhtrgust,</strong></span> <span class='ocrx_word' id='word_1_867' title='bbox 2264 5271 2312 5322; x_wconf 84' lang='lat' dir='ltr'><strong>loc.</strong></span> <span class='ocrx_word' id='word_1_868' title='bbox 2333 5269 2374 5320; x_wconf 88' lang='lat' dir='ltr'><strong>cit.</strong></span> 
     </span>
    </p>

    <p class='ocr_par' dir='ltr' id='par_1_24' title="bbox 1510 5355 2466 5512">
     <span class='ocr_line' id='line_1_106' title="bbox 1580 5355 2466 5424; baseline 0 -14"><span class='ocrx_word' id='word_1_869' title='bbox 1580 5355 1590 5386; x_wconf 54' lang='grc' dir='ltr'>ἵ</span> <span class='ocrx_word' id='word_1_870' title='bbox 1611 5359 1685 5410; x_wconf 84' lang='lat' dir='ltr'><strong>Vers</strong></span> <span class='ocrx_word' id='word_1_871' title='bbox 1705 5359 1731 5410; x_wconf 91' lang='lat' dir='ltr'><strong>l.</strong></span> <span class='ocrx_word' id='word_1_872' title='bbox 1749 5385 1786 5396; x_wconf 95' lang='lat'><em>-</em></span> <span class='ocrx_word' id='word_1_873' title='bbox 1804 5359 1861 5410; x_wconf 89' lang='lat' dir='ltr'><strong>Duo</strong></span> <span class='ocrx_word' id='word_1_874' title='bbox 1880 5373 1953 5424; x_wconf 85' lang='lat' dir='ltr'><strong>seqq.</strong></span> <span class='ocrx_word' id='word_1_875' title='bbox 1975 5359 2021 5410; x_wconf 89' lang='lat' dir='ltr'><strong>loci</strong></span> <span class='ocrx_word' id='word_1_876' title='bbox 2041 5365 2101 5410; x_wconf 91' lang='lat' dir='ltr'><strong>sunt</strong></span> <span class='ocrx_word' id='word_1_877' title='bbox 2117 5359 2180 5410; x_wconf 86' lang='lat' dir='ltr'><strong>Ler.</strong></span> <span class='ocrx_word' id='word_1_878' title='bbox 2201 5359 2248 5420; x_wconf 75' lang='grc' dir='ltr'><strong>ιι,</strong></span> <span class='ocrx_word' id='word_1_879' title='bbox 2265 5357 2304 5410; x_wconf 81' lang='lat' dir='ltr'><strong>tl.</strong></span> <span class='ocrx_word' id='word_1_880' title='bbox 2327 5359 2379 5410; x_wconf 88' lang='lat' dir='ltr'><strong>etl.</strong></span> <span class='ocrx_word' id='word_1_881' title='bbox 2396 5359 2466 5410; x_wconf 86' lang='lat' dir='ltr'><strong>Tim.</strong></span> 
     </span>
     <span class='ocr_line' id='line_1_107' title="bbox 1510 5439 2164 5512; baseline 0.003 -14"><span class='ocrx_word' id='word_1_882' title='bbox 1510 5447 1542 5512; x_wconf 81' lang='lat'><strong>5,</strong></span> <span class='ocrx_word' id='word_1_883' title='bbox 1561 5447 1605 5498; x_wconf 86' lang='lat'><strong>80.</strong></span> <span class='ocrx_word' id='word_1_884' title='bbox 1624 5473 1660 5484; x_wconf 85' lang='lat'><strong>··—</strong></span> <span class='ocrx_word' id='word_1_885' title='bbox 1679 5447 1806 5512; x_wconf 86' lang='lat' dir='ltr'><strong>Superius</strong></span> <span class='ocrx_word' id='word_1_886' title='bbox 1824 5461 1872 5512; x_wconf 89' lang='lat' dir='ltr'><strong>pro</strong></span> <span class='ocrx_word' id='word_1_887' title='bbox 1890 5439 1989 5500; x_wconf 86' lang='lat' dir='ltr'><strong>secreta</strong></span> <span class='ocrx_word' id='word_1_888' title='bbox 2007 5449 2064 5500; x_wconf 84' lang='lat' dir='ltr'><strong>Vnt.</strong></span> <span class='ocrx_word' id='word_1_889' title='bbox 2085 5449 2164 5500; x_wconf 84' lang='lat' dir='ltr'><strong>recle.</strong></span> 
     </span>
    </p>

    <p class='ocr_par' dir='ltr' id='par_1_25' title="bbox 1508 5533 2467 5962">
     <span class='ocr_line' id='line_1_108' title="bbox 1573 5533 2467 5590; baseline 0.002 -2"><span class='ocrx_word' id='word_1_890' title='bbox 1573 5533 1591 5572; x_wconf 80' lang='lat'><strong>-⁸</strong></span> <span class='ocrx_word' id='word_1_891' title='bbox 1612 5537 1685 5588; x_wconf 82' lang='lat' dir='ltr'><strong>Vere.</strong></span> <span class='ocrx_word' id='word_1_892' title='bbox 1704 5537 1731 5586; x_wconf 87' lang='lat'><strong>8.</strong></span> <span class='ocrx_word' id='word_1_893' title='bbox 1748 5563 1782 5572; x_wconf 93' lang='lat'><strong>—</strong></span> <span class='ocrx_word' id='word_1_894' title='bbox 1802 5537 1932 5588; x_wconf 86' lang='lat' dir='ltr'><strong>Sententia</strong></span> <span class='ocrx_word' id='word_1_895' title='bbox 1955 5537 2059 5588; x_wconf 91' lang='lat' dir='ltr'><strong>Hieron.</strong></span> <span class='ocrx_word' id='word_1_896' title='bbox 2080 5535 2190 5590; x_wconf 90' lang='lat' dir='ltr'><strong>habetor</strong></span> <span class='ocrx_word' id='word_1_897' title='bbox 2217 5537 2241 5588; x_wconf 92' lang='lat' dir='ltr'><strong>in</strong></span> <span class='ocrx_word' id='word_1_898' title='bbox 2261 5535 2467 5590; x_wconf 72' lang='lat' dir='ltr'><strong>praelationem</strong></span> 
     </span>
     <span class='ocr_line' id='line_1_109' title="bbox 1508 5623 2467 5692; baseline 0.004 -18"><span class='ocrx_word' id='word_1_899' title='bbox 1508 5625 1601 5674; x_wconf 89' lang='lat' dir='ltr'><strong>Ezrarn</strong></span> <span class='ocrx_word' id='word_1_900' title='bbox 1620 5623 1757 5692; x_wconf 83' lang='lat' dir='ltr'><strong>[Esdram]</strong></span> <span class='ocrx_word' id='word_1_901' title='bbox 1778 5629 1803 5676; x_wconf 92' lang='lat' dir='ltr'><strong>et</strong></span> <span class='ocrx_word' id='word_1_902' title='bbox 1826 5629 1914 5678; x_wconf 88' lang='lat' dir='ltr'><strong>sumta</strong></span> <span class='ocrx_word' id='word_1_903' title='bbox 1937 5631 2025 5678; x_wconf 88' lang='lat' dir='ltr'><strong>estex</strong></span> <span class='ocrx_word' id='word_1_904' title='bbox 2045 5627 2154 5690; x_wconf 84' lang='lat' dir='ltr'><strong>Sallust,</strong></span> <span class='ocrx_word' id='word_1_905' title='bbox 2174 5629 2289 5690; x_wconf 78' lang='lat' dir='ltr'><strong>ingerth.</strong></span> <span class='ocrx_word' id='word_1_906' title='bbox 2309 5639 2331 5676; x_wconf 91' lang='lat' dir='ltr'><strong>c.</strong></span> <span class='ocrx_word' id='word_1_907' title='bbox 2352 5625 2382 5676; x_wconf 85' lang='lat'><strong>3:</strong></span> <span class='ocrx_word' id='word_1_908' title='bbox 2402 5627 2467 5678; x_wconf 87' lang='lat' dir='ltr'><strong>Fru-</strong></span> 
     </span>
     <span class='ocr_line' id='line_1_110' title="bbox 1508 5713 2465 5782; baseline 0 -16"><span class='ocrx_word' id='word_1_909' title='bbox 1508 5719 1560 5766; x_wconf 89' lang='lat' dir='ltr'><strong>stra</strong></span> <span class='ocrx_word' id='word_1_910' title='bbox 1580 5719 1668 5766; x_wconf 87' lang='lat' dir='ltr'><strong>autom</strong></span> <span class='ocrx_word' id='word_1_911' title='bbox 1682 5713 1727 5764; x_wconf 91' lang='lat' dir='ltr'><strong>niti</strong></span> <span class='ocrx_word' id='word_1_912' title='bbox 1740 5727 1826 5780; x_wconf 88' lang='lat' dir='ltr'><strong>neque</strong></span> <span class='ocrx_word' id='word_1_913' title='bbox 1846 5713 1916 5766; x_wconf 89' lang='lat' dir='ltr'><strong>aliud</strong></span> <span class='ocrx_word' id='word_1_914' title='bbox 1935 5729 1964 5766; x_wconf 87' lang='lat' dir='ltr'><strong>se</strong></span> <span class='ocrx_word' id='word_1_915' title='bbox 1983 5715 2115 5780; x_wconf 73' lang='lat' dir='ltr'><strong>longando</strong></span> <span class='ocrx_word' id='word_1_916' title='bbox 2128 5715 2176 5766; x_wconf 91' lang='lat' dir='ltr'><strong>nisi</strong></span> <span class='ocrx_word' id='word_1_917' title='bbox 2189 5717 2283 5768; x_wconf 89' lang='lat' dir='ltr'><strong>odium</strong></span> <span class='ocrx_word' id='word_1_918' title='bbox 2300 5719 2352 5766; x_wconf 89' lang='lat' dir='ltr'><strong>etc.</strong></span> <span class='ocrx_word' id='word_1_919' title='bbox 2369 5713 2465 5782; x_wconf 88' lang='lat' dir='ltr'><strong>(Codd.</strong></span> 
     </span>
     <span class='ocr_line' id='line_1_111' title="bbox 1509 5801 2464 5870; baseline -0.001 -14"><span class='ocrx_word' id='word_1_920' title='bbox 1509 5803 1590 5856; x_wconf 75' lang='lat' dir='ltr'><strong>aba</strong></span> <span class='ocrx_word' id='word_1_921' title='bbox 1611 5809 1671 5868; x_wconf 89' lang='lat' dir='ltr'><strong>post</strong></span> <span class='ocrx_word' id='word_1_922' title='bbox 1688 5801 1756 5856; x_wconf 87' lang='lat' dir='ltr'><strong>nihil</strong></span> <span class='ocrx_word' id='word_1_923' title='bbox 1775 5803 1896 5858; x_wconf 88' lang='lat' dir='ltr'><strong>omittant</strong></span> <span class='ocrx_word' id='word_1_924' title='bbox 1916 5803 2011 5868; x_wconf 83' lang='lat' dir='ltr'><strong>uliud).</strong></span> <span class='ocrx_word' id='word_1_925' title='bbox 2033 5833 2066 5844; x_wconf 92' lang='lat'>-</span> <span class='ocrx_word' id='word_1_926' title='bbox 2086 5803 2211 5870; x_wconf 87' lang='lat' dir='ltr'><strong>Superius</strong></span> <span class='ocrx_word' id='word_1_927' title='bbox 2230 5817 2278 5868; x_wconf 92' lang='lat' dir='ltr'><strong>pro</strong></span> <span class='ocrx_word' id='word_1_928' title='bbox 2291 5803 2339 5856; x_wconf 87' lang='lat' dir='ltr'><strong>sed</strong></span> <span class='ocrx_word' id='word_1_929' title='bbox 2357 5807 2464 5860; x_wconf 88' lang='lat' dir='ltr'><strong>tantam</strong></span> 
     </span>
     <span class='ocr_line' id='line_1_112' title="bbox 1510 5891 2467 5962; baseline 0 -18"><span class='ocrx_word' id='word_1_930' title='bbox 1510 5891 1542 5956; x_wconf 89' lang='lat' dir='ltr'><strong>(G</strong></span> <span class='ocrx_word' id='word_1_931' title='bbox 1561 5895 1663 5956; x_wconf 86' lang='lat' dir='ltr'><strong>lamen)</strong></span> <span class='ocrx_word' id='word_1_932' title='bbox 1678 5891 1704 5944; x_wconf 86' lang='lat' dir='ltr'><strong>in</strong></span> <span class='ocrx_word' id='word_1_933' title='bbox 1719 5905 1804 5944; x_wconf 82' lang='lat' dir='ltr'><strong>marra</strong></span> <span class='ocrx_word' id='word_1_934' title='bbox 1821 5893 1889 5960; x_wconf 72' lang='lat' dir='ltr'><strong>ferti</strong></span> <span class='ocrx_word' id='word_1_935' title='bbox 1909 5893 1964 5944; x_wconf 86' lang='lat' dir='ltr'><strong>Vat.</strong></span> <span class='ocrx_word' id='word_1_936' title='bbox 1979 5895 2001 5946; x_wconf 88' lang='lat' dir='ltr'><strong>el</strong></span> <span class='ocrx_word' id='word_1_937' title='bbox 2015 5897 2103 5946; x_wconf 86' lang='lat' dir='ltr'><strong>lamen</strong></span> <span class='ocrx_word' id='word_1_938' title='bbox 2115 5891 2278 5962; x_wconf 83' lang='lat' dir='ltr'><strong>aar··ripibilis</strong></span> <span class='ocrx_word' id='word_1_939' title='bbox 2294 5891 2467 5960; x_wconf 77' lang='lat' dir='ltr'><strong>manuforti.</strong></span> 
     </span>
    </p>

    <p class='ocr_par' dir='ltr' id='par_1_26' title="bbox 1509 5977 2469 6226">
     <span class='ocr_line' id='line_1_113' title="bbox 1580 5977 2467 6046; baseline 0 -12"><span class='ocrx_word' id='word_1_940' title='bbox 1580 5977 1592 6010; x_wconf 85' lang='lat'>⁹</span> <span class='ocrx_word' id='word_1_941' title='bbox 1613 5983 1690 6034; x_wconf 83' lang='lat' dir='ltr'><strong>Vers.</strong></span> <span class='ocrx_word' id='word_1_942' title='bbox 1704 5985 1729 6032; x_wconf 73' lang='grc' dir='ltr'><strong>ι.</strong></span> <span class='ocrx_word' id='word_1_943' title='bbox 1747 5983 1784 6020; x_wconf 76' lang='grc'><strong>-’-</strong></span> <span class='ocrx_word' id='word_1_944' title='bbox 1803 5981 1929 6046; x_wconf 86' lang='lat' dir='ltr'><strong>Snperius</strong></span> <span class='ocrx_word' id='word_1_945' title='bbox 1956 5995 2004 6046; x_wconf 88' lang='lat' dir='ltr'><strong>pro</strong></span> <span class='ocrx_word' id='word_1_946' title='bbox 2030 5979 2151 6034; x_wconf 85' lang='lat' dir='ltr'><strong>ordinem</strong></span> <span class='ocrx_word' id='word_1_947' title='bbox 2179 5995 2234 6034; x_wconf 88' lang='lat' dir='ltr'><strong>aon</strong></span> <span class='ocrx_word' id='word_1_948' title='bbox 2260 5981 2377 6034; x_wconf 76' lang='lat' dir='ltr'><strong>sanauit</strong></span> <span class='ocrx_word' id='word_1_949' title='bbox 2408 5983 2467 6034; x_wconf 88' lang='lat' dir='ltr'><strong>Vat.</strong></span> 
     </span>
     <span class='ocr_line' id='line_1_114' title="bbox 1509 6067 2469 6136; baseline 0 -14"><span class='ocrx_word' id='word_1_950' title='bbox 1509 6069 1632 6124; x_wconf 85' lang='lat' dir='ltr'><strong>ordinem</strong></span> <span class='ocrx_word' id='word_1_951' title='bbox 1649 6067 1781 6134; x_wconf 81' lang='lat' dir='ltr'><strong>seruauit,</strong></span> <span class='ocrx_word' id='word_1_952' title='bbox 1811 6069 1879 6136; x_wconf 84' lang='lat' dir='ltr'><strong>quae</strong></span> <span class='ocrx_word' id='word_1_953' title='bbox 1908 6069 1985 6120; x_wconf 84' lang='lat' dir='ltr'><strong>etiarn</strong></span> <span class='ocrx_word' id='word_1_954' title='bbox 2013 6069 2119 6122; x_wconf 84' lang='lat' dir='ltr'><strong>interius</strong></span> <span class='ocrx_word' id='word_1_955' title='bbox 2142 6083 2190 6134; x_wconf 91' lang='lat' dir='ltr'><strong>pro</strong></span> <span class='ocrx_word' id='word_1_956' title='bbox 2222 6067 2268 6136; x_wconf 84' lang='lat' dir='ltr'><strong>pai</strong></span> <span class='ocrx_word' id='word_1_957' title='bbox 2287 6073 2330 6122; x_wconf 87' lang='lat' dir='ltr'><strong>est</strong></span> <span class='ocrx_word' id='word_1_958' title='bbox 2347 6081 2469 6136; x_wconf 76' lang='lat' dir='ltr'><strong>persana</strong></span> 
     </span>
     <span class='ocr_line' id='line_1_115' title="bbox 1509 6155 1905 6226; baseline -0.01 -16"><span class='ocrx_word' id='word_1_959' title='bbox 1509 6157 1602 6212; x_wconf 85' lang='lat' dir='ltr'><strong>auleas</strong></span> <span class='ocrx_word' id='word_1_960' title='bbox 1621 6157 1754 6210; x_wconf 88' lang='lat' dir='ltr'><strong>substituit</strong></span> <span class='ocrx_word' id='word_1_961' title='bbox 1772 6155 1820 6226; x_wconf 86' lang='lat' dir='ltr'><strong>qai</strong></span> <span class='ocrx_word' id='word_1_962' title='bbox 1838 6157 1905 6212; x_wconf 84' lang='lat' dir='ltr'><strong>eall.</strong></span> 
     </span>
    </p>

    <p class='ocr_par' dir='ltr' id='par_1_27' title="bbox 1509 6243 2468 6490">
     <span class='ocr_line' id='line_1_116' title="bbox 1580 6243 2468 6312; baseline 0 -14"><span class='ocrx_word' id='word_1_963' title='bbox 1580 6245 1604 6276; x_wconf 86' lang='lat'><strong>¹⁰</strong></span> <span class='ocrx_word' id='word_1_964' title='bbox 1622 6247 1692 6299; x_wconf 91' lang='lat' dir='ltr'><strong>Libr.</strong></span> <span class='ocrx_word' id='word_1_965' title='bbox 1712 6247 1743 6298; x_wconf 91' lang='lat' dir='ltr'><strong>V.</strong></span> <span class='ocrx_word' id='word_1_966' title='bbox 1762 6247 1788 6298; x_wconf 94' lang='lat' dir='ltr'><strong>in</strong></span> <span class='ocrx_word' id='word_1_967' title='bbox 1801 6247 1862 6300; x_wconf 84' lang='lat' dir='ltr'><strong>Luc</strong></span> <span class='ocrx_word' id='word_1_968' title='bbox 1878 6245 1911 6298; x_wconf 87' lang='lat' dir='ltr'><strong>t7</strong></span> <span class='ocrx_word' id='word_1_969' title='bbox 1919 6285 1926 6310; x_wconf 93' lang='lat'><strong>,</strong></span> <span class='ocrx_word' id='word_1_970' title='bbox 1945 6247 1974 6312; x_wconf 81' lang='lat'><strong>33</strong></span> <span class='ocrx_word' id='word_1_971' title='bbox 1994 6247 2118 6300; x_wconf 90' lang='lat' dir='ltr'><strong>sententia</strong></span> <span class='ocrx_word' id='word_1_972' title='bbox 2132 6247 2215 6312; x_wconf 89' lang='lat' dir='ltr'><strong>ipsias</strong></span> <span class='ocrx_word' id='word_1_973' title='bbox 2228 6247 2364 6298; x_wconf 87' lang='lat' dir='ltr'><strong>exhibetur</strong></span> <span class='ocrx_word' id='word_1_974' title='bbox 2375 6243 2468 6298; x_wconf 86' lang='lat' dir='ltr'><strong>verhis</strong></span> 
     </span>
     <span class='ocr_line' id='line_1_117' title="bbox 1509 6333 2466 6404; baseline 0.002 -18"><span class='ocrx_word' id='word_1_975' title='bbox 1509 6336 1617 6388; x_wconf 90' lang='lat' dir='ltr'><strong>Glossoe</strong></span> <span class='ocrx_word' id='word_1_976' title='bbox 1634 6333 1799 6388; x_wconf 78' lang='lat' dir='ltr'><strong>ordinariae.</strong></span> <span class='ocrx_word' id='word_1_977' title='bbox 1824 6337 1875 6388; x_wconf 84' lang='lat' dir='ltr'><strong>Pro</strong></span> <span class='ocrx_word' id='word_1_978' title='bbox 1898 6335 2046 6400; x_wconf 86' lang='lat' dir='ltr'><strong>poenitenti</strong></span> <span class='ocrx_word' id='word_1_979' title='bbox 2069 6335 2113 6402; x_wconf 78' lang='lat' dir='ltr'><strong>(ita</strong></span> <span class='ocrx_word' id='word_1_980' title='bbox 2132 6337 2211 6388; x_wconf 84' lang='lat' dir='ltr'><strong>etiam</strong></span> <span class='ocrx_word' id='word_1_981' title='bbox 2230 6337 2300 6390; x_wconf 89' lang='lat' dir='ltr'><strong>Beda</strong></span> <span class='ocrx_word' id='word_1_982' title='bbox 2319 6343 2346 6388; x_wconf 91' lang='grc' dir='ltr'><strong>ει</strong></span> <span class='ocrx_word' id='word_1_983' title='bbox 2363 6335 2466 6404; x_wconf 86' lang='lat' dir='ltr'><strong>Glossa)</strong></span> 
     </span>
     <span class='ocr_line' id='line_1_118' title="bbox 1510 6423 2033 6490; baseline -0.004 -12"><span class='ocrx_word' id='word_1_984' title='bbox 1510 6423 1589 6478; x_wconf 85' lang='lat' dir='ltr'><strong>CDE</strong></span> <span class='ocrx_word' id='word_1_985' title='bbox 1601 6425 1652 6476; x_wconf 88' lang='lat' dir='ltr'><strong>GH</strong></span> <span class='ocrx_word' id='word_1_986' title='bbox 1665 6431 1697 6476; x_wconf 89' lang='lat' dir='ltr'><strong>-et</strong></span> <span class='ocrx_word' id='word_1_987' title='bbox 1715 6423 1793 6478; x_wconf 87' lang='lat' dir='ltr'><strong>Card.</strong></span> <span class='ocrx_word' id='word_1_988' title='bbox 1812 6425 1887 6490; x_wconf 82' lang='lat' dir='ltr'><strong>lingo</strong></span> <span class='ocrx_word' id='word_1_989' title='bbox 1902 6423 2033 6490; x_wconf 83' lang='lat' dir='ltr'><strong>peccanti.</strong></span> 
     </span>
    </p>

    <p class='ocr_par' dir='ltr' id='par_1_28' title="bbox 1505 6509 2468 6758">
     <span class='ocr_line' id='line_1_119' title="bbox 1583 6509 2466 6580; baseline 0.005 -18"><span class='ocrx_word' id='word_1_990' title='bbox 1583 6509 1605 6540; x_wconf 86' lang='lat'><strong>¹¹</strong></span> <span class='ocrx_word' id='word_1_991' title='bbox 1625 6511 1700 6564; x_wconf 89' lang='lat' dir='ltr'><strong>Vers.</strong></span> <span class='ocrx_word' id='word_1_992' title='bbox 1721 6511 1761 6562; x_wconf 81' lang='lat' dir='ltr'><strong>ll.</strong></span> <span class='ocrx_word' id='word_1_993' title='bbox 1781 6513 1871 6566; x_wconf 88' lang='lat' dir='ltr'><strong>Glossa</strong></span> <span class='ocrx_word' id='word_1_994' title='bbox 1883 6517 1924 6562; x_wconf 88' lang='lat' dir='ltr'><strong>est</strong></span> <span class='ocrx_word' id='word_1_995' title='bbox 1935 6511 2077 6566; x_wconf 75' lang='lat' dir='ltr'><strong>ordinaria</strong></span> <span class='ocrx_word' id='word_1_996' title='bbox 2091 6515 2161 6578; x_wconf 90' lang='lat' dir='ltr'><strong>apud</strong></span> <span class='ocrx_word' id='word_1_997' title='bbox 2174 6517 2314 6580; x_wconf 74' lang='lat' dir='ltr'><strong>Lucanum,</strong></span> <span class='ocrx_word' id='word_1_998' title='bbox 2335 6513 2466 6566; x_wconf 87' lang='lat' dir='ltr'><strong>inuenitur</strong></span> 
     </span>
     <span class='ocr_line' id='line_1_120' title="bbox 1508 6601 2468 6664; baseline 0.002 -12"><span class='ocrx_word' id='word_1_999' title='bbox 1508 6601 1587 6652; x_wconf 89' lang='lat' dir='ltr'><strong>etiam</strong></span> <span class='ocrx_word' id='word_1_1000' title='bbox 1608 6601 1687 6664; x_wconf 88' lang='lat' dir='ltr'><strong>apud.</strong></span> <span class='ocrx_word' id='word_1_1001' title='bbox 1708 6603 1773 6652; x_wconf 77' lang='lat' dir='ltr'><strong>Vetr.</strong></span> <span class='ocrx_word' id='word_1_1002' title='bbox 1793 6601 1934 6652; x_wconf 85' lang='lat' dir='ltr'><strong>bombard.</strong></span> <span class='ocrx_word' id='word_1_1003' title='bbox 1952 6601 1979 6652; x_wconf 92' lang='lat' dir='ltr'><strong>in</strong></span> <span class='ocrx_word' id='word_1_1004' title='bbox 1997 6603 2066 6652; x_wconf 92' lang='lat' dir='ltr'><strong>hunc</strong></span> <span class='ocrx_word' id='word_1_1005' title='bbox 2084 6603 2133 6654; x_wconf 93' lang='lat' dir='ltr'><strong>loc.</strong></span> <span class='ocrx_word' id='word_1_1006' title='bbox 2153 6611 2179 6656; x_wconf 89' lang='lat' dir='ltr'><strong>ot</strong></span> <span class='ocrx_word' id='word_1_1007' title='bbox 2196 6607 2284 6664; x_wconf 78' lang='lat' dir='ltr'><strong>sumata</strong></span> <span class='ocrx_word' id='word_1_1008' title='bbox 2302 6609 2390 6656; x_wconf 87' lang='lat' dir='ltr'><strong>estex</strong></span> <span class='ocrx_word' id='word_1_1009' title='bbox 2414 6603 2468 6654; x_wconf 83' lang='lat' dir='ltr'><strong>hu-</strong></span> 
     </span>
     <span class='ocr_line' id='line_1_121' title="bbox 1505 6687 2423 6758; baseline 0.004 -20"><span class='ocrx_word' id='word_1_1010' title='bbox 1505 6693 1588 6758; x_wconf 69' lang='lat' dir='ltr'><strong>gust,</strong></span> <span class='ocrx_word' id='word_1_1011' title='bbox 1608 6691 1692 6740; x_wconf 85' lang='lat' dir='ltr'><strong>Serra.</strong></span> <span class='ocrx_word' id='word_1_1012' title='bbox 1714 6689 1755 6738; x_wconf 87' lang='lat'><strong>88.</strong></span> <span class='ocrx_word' id='word_1_1013' title='bbox 1776 6687 1850 6754; x_wconf 87' lang='lat' dir='ltr'><strong>(alias</strong></span> <span class='ocrx_word' id='word_1_1014' title='bbox 1870 6687 1912 6738; x_wconf 73' lang='grc' dir='ltr'><strong>ιδ.</strong></span> <span class='ocrx_word' id='word_1_1015' title='bbox 1930 6689 1963 6740; x_wconf 91' lang='grc' dir='ltr'><strong>ιε</strong></span> <span class='ocrx_word' id='word_1_1016' title='bbox 1985 6689 2076 6742; x_wconf 85' lang='lat' dir='ltr'><strong>Verbis</strong></span> <span class='ocrx_word' id='word_1_1017' title='bbox 2096 6691 2209 6758; x_wconf 86' lang='lat' dir='ltr'><strong>Donrini)</strong></span> <span class='ocrx_word' id='word_1_1018' title='bbox 2230 6705 2250 6742; x_wconf 93' lang='lat' dir='ltr'><strong>c.</strong></span> <span class='ocrx_word' id='word_1_1019' title='bbox 2271 6691 2312 6742; x_wconf 80' lang='lat'><strong>80.</strong></span> <span class='ocrx_word' id='word_1_1020' title='bbox 2333 6703 2358 6742; x_wconf 87' lang='lat' dir='ltr'><strong>n.</strong></span> <span class='ocrx_word' id='word_1_1021' title='bbox 2378 6691 2423 6742; x_wconf 77' lang='lat'><strong>23.</strong></span> 
     </span>
    </p>

    <p class='ocr_par' dir='ltr' id='par_1_29' title="bbox 1508 6767 2465 6918">
     <span class='ocr_line' id='line_1_122' title="bbox 1580 6767 2465 6838; baseline 0.005 -12"><span class='ocrx_word' id='word_1_1022' title='bbox 1580 6773 1604 6804; x_wconf 74' lang='lat'><strong>¹²</strong></span> <span class='ocrx_word' id='word_1_1023' title='bbox 1622 6775 1692 6828; x_wconf 91' lang='lat' dir='ltr'><strong>Libr.</strong></span> <span class='ocrx_word' id='word_1_1024' title='bbox 1713 6777 1745 6828; x_wconf 89' lang='lat' dir='ltr'><strong>V.</strong></span> <span class='ocrx_word' id='word_1_1025' title='bbox 1763 6775 1792 6826; x_wconf 88' lang='lat' dir='ltr'><strong>in</strong></span> <span class='ocrx_word' id='word_1_1026' title='bbox 1811 6767 1872 6830; x_wconf 77' lang='lat' dir='ltr'><strong>Luc.</strong></span> <span class='ocrx_word' id='word_1_1027' title='bbox 1892 6773 1938 6838; x_wconf 76' lang='lat' dir='ltr'><strong>ll,</strong></span> <span class='ocrx_word' id='word_1_1028' title='bbox 1958 6777 1989 6838; x_wconf 76' lang='lat'><strong>33</strong></span> <span class='ocrx_word' id='word_1_1029' title='bbox 2006 6777 2153 6830; x_wconf 89' lang='lat' dir='ltr'><strong>secundum</strong></span> <span class='ocrx_word' id='word_1_1030' title='bbox 2168 6777 2248 6830; x_wconf 88' lang='lat' dir='ltr'><strong>verba</strong></span> <span class='ocrx_word' id='word_1_1031' title='bbox 2267 6779 2373 6830; x_wconf 87' lang='lat' dir='ltr'><strong>Glossae</strong></span> <span class='ocrx_word' id='word_1_1032' title='bbox 2393 6775 2465 6830; x_wconf 85' lang='lat' dir='ltr'><strong>ordi-</strong></span> 
     </span>
     <span class='ocr_line' id='line_1_123' title="bbox 1508 6861 2293 6918; baseline 0.004 -2"><span class='ocrx_word' id='word_1_1033' title='bbox 1508 6861 1606 6916; x_wconf 84' lang='lat' dir='ltr'><strong>nariae</strong></span> <span class='ocrx_word' id='word_1_1034' title='bbox 1623 6863 1749 6916; x_wconf 85' lang='lat' dir='ltr'><strong>sententia</strong></span> <span class='ocrx_word' id='word_1_1035' title='bbox 1767 6865 1881 6918; x_wconf 82' lang='lat' dir='ltr'><strong>affertur.</strong></span> <span class='ocrx_word' id='word_1_1036' title='bbox 2292 6871 2293 6874; x_wconf 76' lang='grc'>’</span> 
     </span>
    </p>
   </div>
   <div class='ocr_carea' id='block_1_21' title="bbox 0 0 2954 8261">
    <p class='ocr_par' dir='ltr' id='par_1_30' title="bbox 0 0 2954 8261">
     <span class='ocr_line' id='line_1_124' title="bbox 0 0 2954 8261; baseline 0 0"><span class='ocrx_word' id='word_1_1037' title='bbox 0 0 2954 8261; x_wconf 95' lang='lat' dir='ltr'><strong> </strong></span> 
     </span>
    </p>
   </div>
  </div>
 </body>
</html>
