5900 8266
481 605 546 672 Vltl

481 785 603 848 tempere
621 781 665 838 sui
680 779 866 834 ministeriatus
884 779 1002 846 supremi
1022 777 1138 834 scribere
1156 779 1240 848 patuit
1259 781 1441 834 bonaventura

480 885 627 942 itinerario
647 885 717 942 dno:
734 885 765 942 12
782 887 869 942 Deum
888 889 913 942 et
923 885 954 940 iu
966 885 1086 958 seipsum
1105 885 1441 956 22222ο1239,1.2(22221222

482 991 615 1048 2212222
639 997 666 1050 et
689 991 825 1048 minorem
851 991 886 1048 ab
913 1007 982 1046 anne
1013 993 1077 1046 2262
1109 995 1146 1048 nd
1172 991 1442 1064 1262,21221221212

481 1099 639 1168 Pauperum
658 1113 699 1152 an.
720 1101 788 1152 1269
806 1105 870 1164 212.;
891 1113 945 1168 qao
965 1105 1041 1166 pecte
1059 1099 1147 1166 potuit
1157 1113 1186 1154 se
1208 1111 1335 1152 excusare
1351 1111 1441 1152 ceram

481 1207 565 1272 Papa,
585 1219 612 1260 se
629 1205 732 1258 ratione
749 1205 830 1260 anicii
856 1205 1042 1258 ministeriatus
1059 1219 1112 1258 nen
1131 1219 1212 1274 pesse
1227 1207 1368 1272 Evangelia
1388 1209 1443 1260 due

481 1315 630 1378 exponere?
650 1311 750 1380 Quod
743 1325 852 1378 insuper
869 1311 997 1366 obiiciant
1016 1311 1130 1368 editores
1142 1313 1279 1366 novissimi
1294 1317 1323 1396 21
1341 1313 1443 1388 nullam

481 1423 521 1474 221
539 1423 564 1472 22
582 1419 684 1472 salsum.
706 1419 819 1474 Tantum
840 1419 911 1472 enim
927 1417 1012 1484 abest,
1031 1423 1059 1474 at
1079 1419 1113 1474 221
1125 1405 1254 1492 frequens
1266 1393 1326 1476 su·
1313 1435 1343 1476 m
1359 1395 1469 1480 21122-

482 1523 524 1582 112
542 1523 675 1590 Saliustii,
694 1525 827 1592 Senecae,
845 1525 912 1582 12111
928 1525 1053 1582 Caesarie
1073 1529 1098 1582 ct
1116 1527 1167 1584 Cet
1156 1525 1225 1582 22212
1244 1525 1337 1594 limis,
1355 1531 1386 1582 ut
1397 1531 1443 1582 aut

481 1645 630 1700 nunquam,
650 1635 694 1684 aot
722 1633 766 1686 vix
789 1639 943 1698 occurrant3
962 1633 1004 1688 bis
1023 1635 1064 1688 vel
1092 1639 1133 1688 ter
1159 1635 1245 1702 reperi
1273 1649 1335 1688 eum
1361 1633 1443 1688 citare

482 1737 616 1804 Tullium,
632 1739 714 1792 semel
731 1741 858 1792 Senecam
877 1745 905 1794 et
923 1741 1006 1794 semel
1019 1743 1063 1794 aut
1076 1727 1116 1792 bis
1130 1741 1271 1814 lesepbum
1283 1739 1441 1792 Hebraeum.

481 1843 603 1898 Ceterum
620 1841 783 1900 creberrime
805 1851 833 1900 et
849 1849 904 1900 iere
930 1831 1037 1912 semper
1064 1841 1140 1900 sacra
1166 1843 1317 1912 Scriptura,
1346 1827 1443 1900 sanctis
1467 1891 1470 1896 .

480 1951 600 2008 Patribus
617 1957 645 2006 et
662 1953 751 2008 Glossa
773 1953 860 2008 utitur.
879 1955 942 2008 Bias
968 1969 1049 2020 perro
1069 1953 1175 2008 dicendi
1200 1969 1283 2020 genos
1309 1953 1443 2008 immerite

481 2059 578 2114 dicitur
596 2059 763 2130 incomptum
780 2063 804 2116 ei
824 2061 997 2128 1222222222,
1020 2075 1083 2116 cum
1097 2075 1152 2114 nen
1169 2061 1232 2114 alibi
1252 2065 1339 2116 iersan
1355 2059 1443 2128 magis

481 2167 610 2222 elucescat
628 2167 762 2236 prudens,
781 2167 913 2222 eruditum
932 2181 981 2236 pro
1010 2173 1160 2234 temporum
1184 2167 1347 2230 conditione,
1366 2167 1443 2232 piam

480 2273 616 2344 sanctique
645 2275 765 2328 Docteris
789 2275 929 2342 preprium
955 2287 1035 2342 quam
1061 2273 1089 2326 in
1115 2275 1164 2326 bac
1193 2271 1365 2338 depositione.
1391 2271 1443 2326 Ter

480 2379 581 2434 dictum
599 2383 750 2448 laetumque
770 2381 840 2434 beati
854 2379 987 2446 Francisci
1013 2383 1036 2434 et
1047 2379 1128 2446 paula
1149 2383 1210 2446 post
1226 2383 1329 2446 septem
1343 2379 1443 2446 gradus

480 2487 707 2554 contemplationis
717 2487 759 2540 Fr.
773 2483 876 2552 aegidii
896 2499 964 2540 aene
983 2485 1052 2538 2262
1073 2485 1126 2538 vita
1145 2485 1226 2538 lancti
1244 2485 1376 2538 adducit»
1392 2489 1441 2540 etc.

479 2595 609 2650 Hactenus
628 2597 704 2650 Pater
722 2593 854 2646 Sbaralea.

550 2701 567 2768 8
587 2705 610 2756 2.
629 2701 650 2756 ll
668 2697 813 2770 centraria,
833 2695 957 2770 positivis
975 2697 1003 2754 et
1021 2697 1164 2754 luculentis
1181 2695 1331 2754 rationibus
1346 2699 1443 2770 preba-

479 2805 540 2880 tur,
558 2805 629 2862 hane
649 2803 861 2890 Commentariun
882 2821 936 2860 esse
955 2803 1145 2892 legitimatus.
1157 2803 1355 2860 Beneventanus
1369 2821 1439 2894 epus.

549 2907 605 2968 llec
623 2887 713 2984 22112·
702 2911 758 2966 ³nam
781 2903 975 2968 demonstravit
994 2913 1023 2966 P
1046 2891 1206 2966 Benedictus
1232 2887 1375 2984 Β222121122
1392 2909 1442 2968 'suo

478 3017 631 3104 Proaremo
650 3017 701 3110 cel.
719 2993 799 3072 638
788 3033 873 3088 seqq,
893 3019 966 3074 cuius
984 2995 1142 3086 argumenta
1160 3031 1176 3070 a
1196 3019 1272 3074 nobis
1289 3021 1367 3074 atteia
1386 2997 1443 3072 suc·

479 3099 563 3178 cineta
583 3125 618 3178 sic
637 3139 821 3192 proponimus
917 3193 921 3202 Ι

545 3229 604 3286 Hoc
623 3231 711 3326 prime
733 3195 858 3322 euinceret
883 3209 1061 3322 2211222222
1080 3207 1190 3288 112122
1212 3205 1244 3288 re
1266 3209 1441 3302 testimonia,

479 3313 548 3448 quae
563 3315 643 3394 iere
641 3321 727 3394 emnia
748 3337 940 3394 commentar
932 3355 960 3394 m
976 3317 1097 3428 indiculis
1112 3315 1280 3406 descriptis*
1273 3355 1299 3394 m
1314 3313 1442 3408 Protege-

479 3421 1200 3544 2222122221222122122.2121221122).

547 3525 654 3606 Primus
671 3557 698 3606 et
713 3529 880 3618 synchronus
896 3529 970 3636 testis
989 3529 1029 3606 est
1046 3529 1088 3606 Fr.
1099 3529 1260 3608 ’8211222222
1267 3525 1440 3620 Par³mensts,

479 3631 525 3752 qui
535 3657 571 3712 ie
589 3659 645 3712 suis
668 3637 802 3712 Chreoieis
832 3637 885 3748 (ed
913 3633 1061 3712 Parmensis
1087 3647 1149 3724 pag.
1179 3633 1242 3742 129)
1257 3637 1328 3756 baec
1344 3633 1440 3714 babet:

481 3785 495 3814 a
510 3741 586 3840 item,
602 3743 773 3820 Delationes
784 3743 826 3844 ’212
838 3741 939 3818 Parma
958 3743 1039 3820 dedit
1042 3741 1172 3820 licentiam
1187 3765 1226 3848 Fr.
1240 3755 1441 3820 Beneventurae

479 3853 514 3926 de
527 3849 626 3926 Balnea
644 3849 738 3938 neers,
758 3865 785 3926 ut
806 3849 926 3926 Parisios
951 3851 1064 3966 legeret,
1082 3855 1154 3940 qued
1182 3849 1320 3940 nonquam
1343 3847 1440 3924 alic³³u³bi

478 3955 588 4058 iecerat,
606 3979 668 4078 qqia
689 3957 843 4068 becellarius
872 3959 928 4034 erat
952 3967 1002 4034 'nec
1027 3955 1441 4044 2222222112211221222,2112122

478 4083 538 4142 fecit
555 4063 682 4144 lecturam
701 4063 1193 4178 212222211282222212212222,
1217 4065 1410 4156 quaa'pulcra
1415 4069 1441 4142 22
1461 4129 1462 4132 .

479 4195 579 4286 optima
596 4181 649 4264 est;
667 4197 695 4250 e't
711 4209 791 4288 super
812 4171 957 4250 Sententiae
974 4171 1264 4286 Ι222212222222212211
1267 4195 1336 4264 ,qui
1355 4177 1441 4264 iisque
1461 4237 1463 4258 ,

479 4303 507 4356 in
518 4279 681 4382 hodiernam
701 4279 773 4358 diem
785 4281 867 4356 utiles
881 4307 911 4372 et
931 4279 1062 4388 solemnes
1079 4281 1217 4388 habentur.
1238 4285 1375 4356 Cernebat
1379 4279 1462 4360 irinc

479 4403 565 4462 annus
584 4385 664 4496 2218,
675 4393 754 4504 nunc
764 4379 805 4462 'aa
807 4395 860 4480 tem
875 4387 961 4474 agitur
971 4389 1058 4498 annus
1068 4383 1179 4462 Domini
1198 4397 1311 4462 22822.
1324 4407 1462 4466 Licet

478 4511 507 4568 in
519 4491 571 4568 inec
582 4487 796 4572 testimonimum
809 4507 978 4570 cxnrbcantur
998 4493 1071 4606 signia
1084 4517 1155 4568 bunc
1167 4503 1398 4570 Commentarrum
1396 4485 1461 4586 ab

471 4605 535 4674 'aliis
545 4597 609 4676 satis
615 4599 822 4690 duanguen
782 4637 807 4676 22
826 4597 924 4678 1222212
937 4601 1041 4678 2212111222
1050 4597 1166 4698 dubium
1176 4603 1313 4708 remanet
1300 4623 1389 4718 ,quin
1388 4619 1461 4678 de

479 4729 625 4816 signaverit
642 4729 756 4784 eundem
765 4741 871 4812 ,quem
894 4713 984 4782 emnia
998 4703 1113 4818 saecula
1130 4703 1256 4818 tanquam
1275 4705 1375 4782 iccium
1386 4715 1460 4786 lio

470 4813 699 4888 'naraniurianum
716 4811 932 4900 celebraverunt,
937 4811 981 4888 22
979 4809 1061 4902 qaam
1074 4815 1212 4888 2111122122
1223 4819 1316 4888 211221
1334 4835 1458 4888 cedices

453 4915 513 4994 8.
520 4941 626 5024 Ductori
648 4917 801 5030 attribuunt.

548 5023 699 5102 Sectmdus
707 5031 778 5100 ³testis
795 5023 846 5102 221
847 5023 901 5102 ³Fr.
921 5035 1158 5142 Bartholomaeus
1166 5029 1283 5102 Pisanus
1299 5023 1440 5116 (indiculus

478 5151 558 5220 Vli.,)
578 5137 633 5218 qui
641 5167 702 5206 setas
721 5129 957 5224 Dausarmt'iatcs
947 5155 990 5208 ab.
1010 5153 1090 5208 i385'
1097 5129 1196 5218 incepit
1213 5155 1253 5230 21
1253 5155 1299 5206 an.
1315 5153 1382 5206 2399
1394 5135 1458 5208 Ca

478 5259 564 5326 pitulo
582 5259 700 5314 Generali
716 5259 846 5314 Minorem
868 5241 968 5360 22111111.
973 5239 1025 5352 De
1034 5239 1224 5340 Beneventum
1246 5237 1380 5314 1221222112
1394 5245 1457 5314 ba

470 5359 573 5436 221111.
590 5343 818 5422 82221222211221.
836 5365 863 5422 8.
881 5343 957 5456 part.
977 5367 1003 5422 2.
1021 5345 1074 5422 ’111
1102 5367 1136 5420 80
1163 5367 1212 5420 cel.
1241 5337 1458 5434 2221111121

467 5451 634 5568 dictamni:
653 5493 668 5522 c
682 5451 823 5528 1221112212
836 5445 1024 5560 excellenter
1032 5453 1206 5540 Euangelium
1225 5473 1296 5526 beati
1315 5455 1422 5526 Lucae
1412 5493 1457 5526 1,·

477 5557 579 5672 allegat
601 5561 681 5634 etiam
699 5585 723 5634 et
743 5571 874 5674 approbat
886 5573 1032 5634 nonnullas
1052 5557 1191 5634 ³sententias
1210 5565 1336 5634 eiusdem
1363 5577 1440 5636 Com-

477 5661 608 5770 maniarii,
623 5663 695 5776 quaa³
704 5667 864 5762 conueniunt
877 5701 939 5740 cum
942 5663 1047 5766 editis
1035 5671 1208 5752 ,praesertim
1222 5699 1254 5740 22
1265 5689 1335 5752 quae
1349 5667 1440 5740 auctor

478 5793 507 5848 in
509 5767 582 5846 Luc.
599 5807 624 5846 c.
640 5771 683 5880 22.
701 5805 726 5844 n.
747 5793 771 5844 8.
784 5759 872 5844 tradit
879 5769 937 5844 d³e
936 5805 987 5844 osu
1004 5763 1137 5856 prohibite
1157 5791 1394 5846 calceamentorum
1414 5779 1440 5848 et

479 5877 515 5954 de
530 5881 583 5952 usn
600 5875 729 5964 permisso
749 5891 937 5952 sanddiernm.
1202 5895 1203 5898 ³

550 5995 624 6058 idem
632 5979 1242 6098 121222221112222222222228222222212221
1253 6005 1344 6094 (indic.
1356 6007 1440 6074 Vlll.),

479 6101 609 6200 alocale
629 6073 737 6166 Dddauc
757 6111 852 6194 (indic.
860 6089 962 6180 11111.)
958 6115 985 6164 21
1003 6097 1176 6166 abomnibus
1196 6091 1350 6166 auctoribus
1362 6111 1441 6178 (inter

479 6231 548 6286 ques
567 6197 605 6270 est
632 6195 709 6272 etiam
737 6207 905 6312 Tritlnemius)
925 6217 971 6272 221
1001 6217 1171 6312 subsequam
1163 6213 1218 6274 ram
1235 6197 1440 6284 indiculorum,

479 6325 525 6396 qui
544 6303 624 6378 ctiam
641 6303 808 6412 pleramque
816 6303 1003 6418 praestantiam
1021 6323 1111 6394 aperis
1128 6328 1244 6382 laudant.

551 6409 644 6500 Perre,
663 6433 717 6516 due
737 6425 843 6520 antiqui
862 6407 983 6524 catalupi
998 6433 1112 6488 duanrm
1139 6431 1246 6490 Ordinis
1269 6415 1441 6486 bibliotheca-

479 6529 540 6622 rum
559 6517 758 6624 gravissimam
767 6553 817 6604 pro
835 6519 1038 6594 bonaventurae
1057 6539 1252 6592 Commentario
1270 6539 1385 6594 reddunt
1403 6545 1440 6592 te-

480 6619 645 6708 stimonium,
663 6645 760 6698 scilicet
776 6623 889 6710 catalogi
908 6625 1083 6700 bibliothecae
1104 6647 1128 6700 8.
1145 6647 1278 6700 Fortunati
1294 6641 1382 6700 Fudu
1383 6643 1406 6700 12
1416 6649 1441 6698 ei

480 6747 548 6806 sacri
566 6751 715 6808 Contentus
731 6733 837 6806 2221211.
863 6753 955 6818 Quoad
980 6751 1105 6822 priunum
1131 6753 1290 6806 remittimus
1316 6737 1440 6808 lectorem

478 6859 514 6914 ad
534 6865 653 6916 nostrum
674 6859 743 6916 tem.
761 6861 794 6914 V.
812 6861 961 6926 Prolegom.
983 6875 1005 6914 c.
1032 6861 1062 6924 l,
1089 6875 1152 6926 pag.
1172 6863 1200 6916 ill
1220 6861 1269 6916 cel.
1289 6867 1304 6916 2
1323 6875 1379 6930 seq.
1398 6861 1438 6916 lbi

1291 603 1567 674 PROLEGOMBNA
1591 607 1623 672 C.
1649 607 1668 674 l.

1507 781 1532 836 in
1549 781 1698 838 inventario
1725 781 1888 850 antiquiore,
1912 781 1980 836 circa
2009 785 2088 836 linem
2106 795 2175 838 saec.
2197 783 2261 838 11111.
2279 785 2405 846 coniecto,
2425 787 2463 838 ter

1508 891 1611 942 notatur
1634 889 1764 942 «Postilla
1783 889 1871 942 1221212
1889 889 2073 942 Beneventure
2084 901 2163 956 super
2183 891 2308 944 Lucam»
2331 889 2388 958 (212.
2399 889 2462 944 Pro·

1505 995 1591 1048 droun
1610 997 1659 1048 col.
1679 995 1743 1062 479)
1765 999 1789 1048 21
1808 979 1969 1050 222211112212
1997 997 2113 1050 secunde
2132 997 2293 1062 inventario,
2314 995 2386 1064 qued
2402 995 2464 1048 scri·

1506 1107 1581 1168 ptam
1599 1107 1640 1156 est
1660 1117 1716 1156 een
1733 1107 1877 1168 praecepte
1895 1101 2001 1156 Domini
2017 1101 2149 1156 Bernedicti
2162 1103 2252 1168 Papae
2262 1103 2337 1156 llll.»
2357 1099 2402 1170 (ab
2422 1115 2464 1155 an.

1507 1209 1585 1264 2332·
1577 1209 1676 1280 -.2322)
1695 1211 1721 1264 ln
1733 1209 1829 1264 eadem
1841 1207 2000 1264 bibliotheca
2012 1207 2066 1264 duo
2078 1211 2235 1274 exemplaria
2249 1209 2354 1278 antiqua
2371 1209 2406 1280 (n.
2420 1207 2463 1262 tr.

1505 1321 1531 1372 21
1543 1315 1611 1408 60)
1621 1315 1710 1370 adbuc
1727 1319 1841 1384 exstem,
1860 1329 1929 1384 quae
1948 1331 1962 1368 2
1989 1313 2068 1370 nobis
2089 1313 2419 1380 2212122221221221128
2438 1313 2462 1366 2.

1503 1397 1650 1488 1122222212,
1667 1421 1724 1474 scil.
1746 1399 1826 1474 codd.
1842 1419 1902 1474 CD.
1913 1417 2103 1486 -Catalegus
2122 1417 2463 1476 22211212222212222122212

1506 1527 1639 1580 conlectus
1655 1531 1696 1580 est
1713 1539 1757 1578 an.
1775 1525 1903 1580 l38ici
1865 1527 1921 1594 (cir.
1901 1525 2080 1580 r.Predrom
2098 1527 2148 1578 cel.
2171 1525 2222 1578 378
2248 1529 2272 1578 21
2290 1531 2380 1580 nester
2396 1529 2460 1578 tam.

1507 1633 1537 1686 V.
1551 1633 1698 1698 Protegem.
1711 1645 1773 1696 pag.
1790 1633 1837 1684 LX
1856 1633 1905 1684 cel.
1927 1631 1967 1700 2),
1980 1631 2008 1684 in
2020 1645 2075 1698 quo
2086 1633 2182 1698 legitur
2196 1645 2259 1698 pag.
2270 1633 2319 1684 29:
2335 1631 2463 1686 «Postilla

1505 1753 1585 1804 seper
1602 1737 1775 1804 Evangelium
1793 1739 1863 1792 Luce
1883 1739 1967 1792 1221212
1991 1739 2173 1792 Beneuentum
2202 1751 2263 1792 cum
2290 1739 2411 1804 pastibus
2438 1743 2463 1792 et

1506 1845 1629 1910 cathena,
1646 1837 1721 1900 cuius
1742 1831 1915 1912 principiani:
1934 1841 2055 1914 spuatur
2078 1843 2190 1900 Domini
2213 1859 2299 1914 strpcr
2325 1859 2388 1912 me,
2400 1845 2461 1900 finis

1505 1965 1583 2006 vere:
1602 1949 1657 2016 Qut
1673 1963 1736 2006 curo
1755 1951 1836 2006 Patre
1853 1953 1881 2006 ei
1892 1949 1998 2020 Spiritu
2015 1953 2135 2006 sancio»
2156 1957 2205 2006 etc.
2219 1951 2295 2004 —ln
2314 1951 2406 2004 eadem
2426 1951 2463 2006 bi·

1506 2055 1647 2120 bliotheca,
1664 2059 1729 2108 teste
1757 2055 1881 2120 Magistro
1907 2053 2009 2110 Ubeide
2033 2051 2179 2108 Thebaldia
2206 2055 2267 2108 liin.
2295 2053 2379 2110 Cenv.
2404 2053 2462 2122 (cir.

1506 2161 1595 2216 Dradr.
1613 2161 1661 2214 cel.
1682 2161 1747 2230 387)
1766 2161 1860 2214 arsatii
1880 2161 1984 2216 saecula
2003 2161 2082 2216 XVll.
2099 2161 2184 2214 codex
2201 2161 2280 2214 buires
2300 2161 2461 2216 Commenta-

1506 2269 1551 2332 rii,
1571 2269 1727 2332 inscriptus:
1750 2267 1878 2322 «Postilla
1904 2281 1986 2334 super
2013 2269 2111 2322 Lucam
2138 2269 2285 2322 seeundum
2306 2269 2460 2334 magistrum

1507 2379 1611 2429 tratrem
1631 2377 1841 2428 Beneventuram
1855 2375 1890 2428 de
1900 2375 1998 2428 Balnea
2009 2375 2082 2440 regia
2095 2375 2200 2428 Ordinis
2211 2375 2341 2428 Nlinerum
2351 2393 2379 2428 e.
2389 2375 2461 2428 idem

1506 2483 1548 2534 lric
1567 2483 1626 2536 ced.
1643 2497 1713 2536 nunc
1730 2481 1842 2548 pertinet
1861 2481 1895 2536 ad
1923 2485 2041 2536 nastrum
2070 2479 2228 2562 Collegium,
2248 2481 2295 2548 qui
2318 2479 2384 2534 inira
2411 2479 2461 2536 sub

1506 2587 1582 2652 signe
1598 2587 1623 2640 H
1640 2587 1806 2642 describitur.

1576 2695 1622 2746 llis
1640 2695 1794 2748 testimoniis
1814 2693 1914 2748 accedit
1932 2693 2073 2746 aucteritas
2089 2699 2129 2746 tot
2150 2695 2262 2748 alierum
2292 2693 2460 2762 antiquorum

1506 2803 1642 2866 codicum,
1660 2803 1707 2870 qni
1724 2801 1823 2855 librum
1835 2803 2034 2856 bonaventurae
2048 2801 2195 2854 inscribunt
2213 2799 2270 2870 (cir.
2292 2801 2358 2854 inira
2380 2799 2395 2866 8
2416 2799 2460 2870 2.).

1576 2891 1711 2978 Secunde,
1726 2897 1869 2980 praedicta
1887 2887 2036 2964 1221122212
2062 2897 2272 2980 confirmantur
2283 2905 2398 2964 21222112
2424 2905 2461 2962 12-

1506 3015 1596 3072 12212.
1659 3025 1662 3030 ’
2034 3087 2038 3098 ,
2198 3089 2201 3094 Ι

1577 3121 1653 3188 Quod
1672 3105 1764 3176 auctor
1775 3099 1861 3174 ἶ122122
1880 3105 1965 3188 aperis
1986 3107 2063 3176 luerit
2080 3107 2173 3174 dacter
2195 3119 2301 3174 Ordinis
2318 3109 2460 3184 Minerum,

1505 3229 1641 3280 manifeste
1658 3225 1755 3292 prebat
1771 3229 1800 3282 P.
1818 3227 1916 3280 Deuelli
1945 3225 2046 3296 (Prodr.
2065 3229 2115 3280 cel.
2141 3223 2213 3296 639).
2234 3227 2317 3292 Saepe
2345 3227 2416 3280 enim
2435 3227 2461 3280 in

1505 3333 1564 3400 ipsa
1581 3331 1781 3386 commendatur
1800 3331 1925 3386 altissima
1943 3337 2099 3400 paupertas,
2119 3333 2271 3400 praesertim
2292 3347 2314 3386 c.
2332 3331 2361 3386 7.
2377 3347 2403 3386 n.
2419 3333 2460 3386 22.

1505 3453 1570 3506 seq,
1582 3437 1629 3492 ubi
1641 3433 1699 3504 ipsa
1711 3437 1911 3492 commendatur
1928 3439 2163 3506 «prepter'decam
2181 3439 2407 3492 excellentissimas
2426 3439 2461 3492 di·

1505 3545 1616 3610 gnitates
1625 3565 1649 3610 25
1661 3545 1755 3598 1122212
1766 3543 1887 3598 laudatur
1898 3545 1929 3598 B.
1940 3541 2107 3614 Franciscos,
2120 3547 2183 3600 item
2195 3545 2237 3598 Fr.
2248 3545 2375 3610 aegidius
2387 3543 2423 3612 (c.
2435 3545 2460 3598 9.

1505 3665 1529 3704 n.
1550 3649 1614 3718 28).
1631 3653 1726 3716 Perre,
1746 3651 1779 3704 ad
1799 3665 1829 3706 ea
1847 3649 1944 3706 verba:
1961 3625 2052 3708 Nolite
2065 3655 2181 3720 portare
2197 3651 2386 3718 culmumentu,
2401 3649 2460 3706 sab·

1502 3757 1574 3810 artur
1592 3735 1658 3810 aaa
1677 3737 1855 3822 interpretatio
1876 3739 1909 3826 (ο.
1930 3757 1969 3810 re.
1982 3765 2016 3810 n.
2040 3757 2088 3826 sn:
2113 3779 2125 3806 2
2137 3747 2242 3812 'sennen
2258 3759 2295 3812 ne
2309 3759 2460 3826 cooperun-

1505 3865 1554 3918 des
1565 3865 1683 3930 pedes..
1700 3847 1832 3918 82212112
1843 3843 1954 3918 ³enimc
1980 3863 2094 3918 laesione
2112 3863 2213 3932 pedem
2237 3867 2393 3934 protegunt,
2413 3865 2460 3920 sed

1504 3985 1557 4024 nen
1574 3969 1764 4036 tennensium
1781 3975 1842 4024 sunt
1860 3971 1945 4026 soleae
1962 3971 2072 4026 teatrum
2082 3991 2097 4020 2
2120 3971 2190 4042 (Vat.
2202 3963 2455 4040 addituosirorum,

1505 4067 1590 4170 qued
1594 4083 1665 4132 certe
1685 4083 1722 4132 est
1741 4071 1941 4148 supplendum).

1569 4177 1640 4242 Nulli
1658 4181 1749 4274 autem
1766 4169 1810 4240 alii
1826 4167 1998 4242 Franciseano
2024 4187 2073 4242 nisi
2101 4171 2239 4256 scrapbice
2261 4187 2368 4242 Ductori
2390 4189 2461 4242 banc

1497 4267 1601 4378 librum
1620 4285 1698 4346 tribui
1716 4271 1815 4360 pesse,
1828 4293 1927 4348 suadet
1943 4291 2113 4346 conformitas
2130 4279 2280 4358 doctrinae,
2300 4293 2417 4348 methodi
2435 4299 2460 4348 et

1497 4387 1556 4452 21111
1562 4413 1655 4468 ,qaae
1674 4403 1744 4454 121212
1761 4403 1815 4468 221,
1833 4385 2169 4468 21222122222222222112
2194 4399 2252 4452 aliis
2270 4389 2460 4466 scriptis'eitrs·

1504 4489 1797 4574 interstrepentes
1822 4507 1896 4560 iacile
1920 4507 1945 4560 in
1973 4501 2022 4562 bac
2035 4493 2187 4574 pastillas.
2206 4493 2325 4562 D‘actoris
2345 4507 2458 4560 indolem

1494 4603 1902 4684 canescat.³Quead³dectrinae
1916 4595 2122 4670 conformitatem
2135 4609 2277 4672 sexcenties
2291 4615 2461 4682 allegavimus

1504 4723 1575 4776 laces
1591 4723 1745 4786 parallelos,
1762 4735 1830 4788 ques
1849 4723 1894 4790 qui
1914 4723 2025 4776 valuerit
2044 4723 2175 4788 inspicere
2186 4727 2213 4776 21
2227 4723 2345 4776 conterre
2358 4723 2415 4788 ipsc
2426 4721 2460 4774 de

1495 4813 2008 4894 222222121121121222212222221221.
2026 4829 2153 4882 Nonnulla
2172 4825 2322 4882 huiusmodi
2342 4829 2460 4894 exempla

1505 4919 1587 4986 rideri
1596 4915 1716 5000 ³possunt
1736 4923 1760 4986 in
1779 4913 1925 4988 Pradremo
1943 4933 2002 5004 (lec.
2020 4933 2172 5004 cit.),'³quae
2189 4935 2232 4990 bic
2249 4937 2349 4990 reterre
2361 4933 2461 5002 ¹'suprar-

1495 5027 1586 5096 Ι12222222
1607 5029 1720 5098 videtur.

1574 5147 1590 5214 8
1611 5149 1635 5202 3.
1655 5137 1836 5220 retenirit,
1851 5137 1965 5220 *qaebie
1994 5133 2195 5206 Demmeeiariu's
2225 5145 2339 5220 scriptas
2356 5147 2413 5220 est,
2432 5147 2459 5204 et

1493 5245 1560 5308 de
1553 5233 1635 5324 1psius
1653 5241 1739 5308 indole
1757 5255 1783 5308 et
1795 5245 1968 5326 ‘praestantia
1985 5251 2110 5310 22222212
2126 5251 2256 5310 natamus.

1566 5349 1662 5416 Primo
1684 5351 1774 5430 quoad
1794 5353 1897 5432 tempus
1918 5363 1943 5416 P.
1961 5361 2058 5416 Benelli
2084 5361 2177 5416 asserit
2195 5361 2297 5430 (Prodr.
2324 5361 2374 5416 lec.
2393 5359 2462 5428 cit),

1502 5457 1671 5524 «Lectura'm
1688 5457 1871 5536 superlatum
1889 5463 2061 5536 arengalium
2088 5471 2175 5524 Lucae
2192 5483 2208 5522 a
2227 5465 2410 5524 bonaventura
2426 5471 2462 5522 ia·

1493 5581 1572 5630 ¹ctam
1592 5567 1650 5632 2222
1670 5563 1833 5632 1211222212.
1853 5567 1954 5642 1228,
1967 5563 2028 5632 cam
2056 5559 2174 5644 primum
2193 5577 2286 5630 luisset
2303 5575 2367 5630 inibi
2381 5561 2461 5632 alic.

1503 5686 1598 5740 Ioanne
1616 5671 1750 5740 Parmensi
1766 5679 1897 5740 institutas
1916 5689 2007 5738 Lector
2018 5703 2046 5740 n.
2063 5685 2118 5740 Hoc
2131 5683 2205 5752 (ibid.
2227 5683 2332 5752 22110)
2347 5683 2461 5750 probare

1491 5775 1591 5848 'nititur
1610 5781 1757 5846 verblsFr.
1778 5771 1926 5846 Salimbenc
1943 5803 2025 5858 supra
2045 5791 2060 5856 8
2078 5793 2105 5844 2.
2122 5789 2224 5854 relatis,
2242 5803 2311 5856 quae
2329 5805 2391 5844 sane
2410 5793 2461 5844 bec

1504 5913 1626 5966 expresse
1643 5899 1732 5952 testari
1754 5899 1842 5966 prime
1862 5905 1968 5964 aspectu
1988 5889 2118 5964 ridentur,
2136 5911 2198 5950 cum
2212 5897 2252 5950 illc
2272 5887 2355 5954 dicat:
2374 5885 2461 5954 «Cur-

1491 5985 1577 6058 nebat
1595 6007 1657 6058 tunc
1676 6019 1759 6058 annus
1780 5993 1849 6058 2228
1860 6025 1873 6052 n
1886 6009 1944 6058 etc.
1963 5985 2240 6072 Attamen³pntamus‚
2259 6005 2398 6072 utriusque
2416 6017 2460 6056 aa·

1504 6111 1581 6166 cteris
1601 6105 1716 6166 sensum
1727 6111 1759 6162 ita
1774 6087 1899 6162 duntaxat
1917 6087 2113 6172 intelligendum
2125 6123 2198 6174 esse,
2213 6111 2286 6178 qnod
2298 6117 2360 6164 tunc
2376 6111 2461 6164 Bona-

1500 6199 1616 6274 uentura
1631 6201 1841 6286 inceperiicirca
1855 6205 2031 6272 memoratam
2048 6205 2147 6274 librum
2159 6215 2211 6274 tam
2234 6211 2377 6286 apere³sum
2390 6217 2461 6272 labe·

1502 6307 1575 6392 rare3
1601 6329 1651 6376 boc
1671 6325 1741 6376 enim
1757 6321 1835 6376 brevi
1847 6329 1967 6392 tempere
1980 6337 2010 6378 ee
2035 6325 2120 6380 minus
2138 6318 2225 6390 potuit
2237 6325 2378 6390 perlicere,
2398 6323 2460 6392 qnia

1503 6413 1608 6498 praeter
1619 6429 1861 6496 interpretationem
1870 6431 2011 6486 Lombardi
2025 6415 2147 6486 insebola
2158 6431 2250 6486 eadem
2260 6431 2371 6496 periodo
2381 6431 2461 6486 etiam

1504 6537 1663 6592 immensum
1682 6551 1749 6602 epus
1768 6543 1881 6604 quatuor
1900 6527 2053 6592 librarum'
2046 6553 2074 6592 m
2087 6537 2267 6592 Lembardum
2285 6539 2460 6592 intermunus

1503 6643 1988 6710 22222212112221222122221221211222,
2000 6649 2133 6700 auctorem
2153 6649 2215 6698 tunc
2233 6645 2343 6698 aetam'
2336 6659 2460 6698 tatanem

1504 6751 1584 6828 luisse
1600 6751 1692 6820 (iactus
1705 6757 1745 6806 est
1762 6765 1828 6806 an
1825 6751 1893 6804 1226
1913 6751 2107 6816 baccalaureus,
2119 6751 2227 6820 quande
2239 6765 2291 6806 nan
2303 6745 2461 6806 numerabat

1505 6859 1555 6916 nisi
1573 6861 1608 6914 22
1626 6873 1725 6926 annes,
1744 6865 1769 6914 et
1787 6865 1848 6928 pest
1865 6865 1922 6914 tres
1934 6875 2018 6914 annes
2045 6859 2142 6928 incepit
2160 6857 2293 6928 publicam
2311 6841 2460 6930 lecturam).
