5908 8266
893 567 1087 634 certatam.
1113 569 1149 634 lN
1174 567 1413 634 evaseserunt
1437 565 1611 634 000100.
1635 569 1729 636 xlx„

319 745 437 812 dantus
470 763 543 812 urea
584 745 704 812 demas
744 743 905 810 orationis
943 753 989 812 est
1010 745 1031 808 1.
1067 743 1129 812 Hoc
1165 751 1270 812 autern

320 851 471 936 scripturn
503 855 553 918 ¹est
584 849 679 916 Isaiae
710 849 967 936 quiuquagesimo
1001 855 1113 916 sexto:
1151 875 1167 908 «
1184 851 1272 918 Halo-

319 963 561 1022 caustaearum
594 961 627 1022 et
665 955 810 1032 victimae
842 971 954 1022 eorum
992 955 1161 1040 placebunt
1196 957 1271 1024 mihi

320 1079 414 1148 super
446 1061 534 1130 altari
561 1079 647 1142 mea,
671 1061 746 1148 quia
769 1061 881 1128 domus
909 1079 980 1130 mea
1010 1061 1125 1128 dantus
1157 1063 1273 1130 oratio-

320 1169 367 1236 nis
392 1169 553 1236 precabitur
589 1169 710 1236 cunctis
745 1167 885 1252 papalia,
915 1169 960 1234 ait
990 1169 1272 1250 bonromaeus,

320 1275 373 1358 qui
398 1283 565 1360 congregat
587 1273 746 1358 dispersos
768 1271 861 1338 lsrael
880 1299 908 1338 ›>.
942 1273 1026 1340 Unde
1051 1281 1081 1340 et
1115 1275 1210 1340 David
1244 1275 1273 1340 iu

321 1379 464 1448 1001ιο02
494 1379 585 1448 dicit:
617 1379 783 1446 «Domum
807 1385 894 1444 tuam
928 1379 1017 1446 decet
1049 1379 1225 1446 sanctitudo
1243 1403 1272 1460 ³³3

320 1495 350 1554 et
386 1487 523 1554 iterum:
564 1485 733 1552 «introibo
766 1483 796 1550 in
832 1483 962 1550 domum
998 1491 1102 1562 tuam,
1139 1485 1274 1552 adorabo

320 1593 358 1658 ad
384 1593 532 1676 templum
570 1597 711 1660 sanctum
741 1597 832 1658 tuum
847 1615 879 1670 0;
911 1597 944 1656 00
972 1589 1006 1656 10
1041 1591 1275 1658 consecratione

321 1697 427 1782 templi
451 1697 583 1764 dicitur:
613 1695 710 1760 «Sint
733 1693 816 1772 00011
839 1695 886 1760 001
908 1697 1009 1778 aperti
1034 1713 1131 1780 super
1146 1695 1273 1762 domum

322 1801 401 1868 hanc
422 1801 471 1868 die
496 1819 531 1868 aa
563 1809 671 1878 nacte,
697 1817 791 1886 super
827 1799 972 1880 detritum,
998 1799 1035 1868 de
1061 1819 1125 1886 qua
1146 1801 1273 1868 dixisti:

321 1907 387 1974 Erit
407 1925 522 1976 nomeu
551 1925 657 1974 meum
695 1907 735 1972 ibi
749 1933 779 1984 »,
806 1907 887 1970 100011
912 1907 1030 1990 Regum
1068 1907 1219 1984 cctaro³-;
1246 1913 1275 1974 et

321 2013 449 2082 secundi
471 2012 729 2098 Paralipomenon
766 2009 914 2096 septimo:
946 2009 1066 2078 «Oculi
1090 2011 1149 2078 mei
1182 2017 1275 2078 erunt

321 2117 439 2204 aperti,
462 2127 492 2186 et
515 2135 608 2186 aures
632 2135 718 2186 meae
743 2123 865 2186 erectae
888 2117 926 2182 ad
944 2117 1115 2184 orationem
1133 2117 1200 2184 eius
1220 2115 1273 2202 qui

320 2225 498 2318 adoraverit
520 2225 551 2290 in
587 2225 654 2292 loco
689 2225 758 2290 isto.
794 2225 878 2308 Elegi
907 2223 991 2290 enirn
1026 2231 1059 2288 et
1085 2221 1275 2290 sanctificari

322 2333 424 2398 locum
449 2331 564 2410 istum,
587 2339 625 2396 ut
646 2331 687 2397 sit
709 2331 752 2396 ibi
786 2347 1031 2402 nomenmeum
1057 2331 1087 2396 in
1114 2329 1275 2414 sempiter-

321 2457 396 2504 num
413 2463 446 2502 ›>.
474 2439 512 2504 Et
545 2437 615 2504 ideo
643 2437 786 2504 dicebaut
818 2435 995 2504 sacerdotes
1027 2435 1122 2520 primi
1154 2435 1275 2500 blacha-

321 2543 470 2612 haeorum
497 2543 671 2630 septimot:
703 2543 801 2620 «10,
825 2539 978 2620 Domine,
1003 2541 1121 2626 elegisti
1145 2541 1274 2608 domurn

322 2651 410 2718 istam
436 2649 473 2716 ad
497 2651 705 2718 invocandum
742 2667 855 2714 nornen
886 2655 977 2714 tuum
1002 2649 1032 2714 iu
1058 2665 1112 2726 ea,
1136 2653 1173 2714 ut
1196 2651 1277 2714 esset

322 2759 433 2826 domus
456 2759 604 2825 orationis
629 2753 904 2828 etobsecrationis
922 2756 1037 2840 papula
1055 2761 1110 2822 tua
1126 2783 1155 2820 ›>.
1176 2791 1216 2804 —
1235 2753 1276 2818 ld

323 2865 382 2932 hoc
404 2871 510 2930 autem
533 2865 701 2950 praecipue
731 2861 876 2930 ordinata
904 2869 953 2928 est
986 2861 1101 2928 damus
1132 2861 1275 2930 ecclesia-

320 2969 415 3050 stica,
441 2987 521 3056 quae
543 2969 626 3036 iacta
647 2977 711 3050 cst,
737 2975 772 3036 ut
795 2969 857 3034 illic
881 2967 1008 3052 quidem
1032 2967 1201 3052 praecipue
1226 2983 1276 3032 co-

323 3076 405 3141 latur
429 3093 486 3158 per
510 3081 615 3142 actum
649 3073 818 3152 arationis,
840 3071 875 3138 in
896 3091 960 3158 qua
995 3075 1077 3142 Deus
1113 3081 1221 3140 oratur
1247 3075 1307 3140 et,

323 3181 488 3260 adoratur,
514 3187 543 3248 et
567 3181 715 3266 impietur
741 3179 930 3266 principium
965 3187 1207 3264 praeceptarum
1234 3179 1276 3244 le-

323 3287 455 3368 galium,
477 3275 540 3370 quo
565 3287 773 3370 praeripitur,
799 3293 834 3352 ut
856 3285 1007 3352 adoretur
1030 3287 1132 3366 Deus,
1149 3285 1274 3354 beritici

323 3389 496 3476 vigesimo?
512 3397 541 3458 et
560 3389 791 3456 Deuterouontii
809 3389 930 3474 quinta,
952 3397 984 3456 et
1001 3391 1144 3458 Matthaei
1163 3395 1275 3476 quarto

323 3497 508 3578 replicatur:
534 3495 739 3586 ftDotttinum
763 3497 862 3562 Deum
889 3501 980 3562 tuum
1004 3497 1148 3562 adorabis
1175 3503 1204 3562 et
1233 3495 1275 3560 illi

323 3599 379 3668 soli
403 3601 566 3670 servies».

410 3709 462 3772 70.
497 3707 600 3774 Tertia
632 3711 785 3792 quantum
818 3707 855 3770 ad
886 3705 1115 3772 enormitatem
1145 3705 1276 3772 sceleris

187 3827 304 3904 satrapas
323 3811 500 3896 subiungit:
531 3815 591 3878 Vos
617 3821 727 3878 atatem
750 3809 876 3898 fecistis
897 3811 992 3878 illam
1007 3809 1200 3896 speluncam
1229 3809 1276 3874 1-

198 3881 289 3926 ⁵⁰⁰¹⁹¹¹⁸'
323 3927 465 3984 trenam.
491 3919 552 3984 Hac
575 3925 682 3986 autem
704 3917 821 3986 dicitur
842 3917 919 4002 ipsis
944 3916 1177 3996 sacerdotibus3
1193 3917 1277 3982 unde

322 4023 470 4090 Glossai:
502 4049 516 4082 a
532 4023 591 4106 Qui
616 4021 653 4088 ad
678 4025 738 4090 hoc
772 4021 914 4088 residetis
949 4021 1139 4106 intemplo,
1164 4031 1200 4098 ut
1227 4021 1277 4088 rel

323 4127 516 4196 uendentes
547 4145 681 4194 rnuuera
712 4127 947 4212 persequamini
978 4127 1203 4210 corporaliter,
1228 4127 1277 4192 rel

322 4233 431 4298 dantes
464 4233 671 4318 spiritualiter
704 4233 822 4300 necetis
837 4259 869 4312 a,
903 4231 1077 4298 secundum
1110 4231 1187 4298 illud
1222 4231 1274 4296 lili-

323 4337 438 4406 chaeae
460 4337 570 4424 tertio:
599 4365 616 4398 α
632 4337 660 4404 Si
686 4339 757 4424 quis
792 4357 853 4404 non
877 4337 998 4404 dederit
1031 4337 1063 4402 in
1086 4355 1141 4404 ore
1165 4355 1276 4404 earum

323 4443 515 4528 quippiam»
543 4451 601 4510 eta.
628 4443 714 4510 Tunc
738 4451 842 4512 autern
858 4443 972 4508 dantus
988 4443 1043 4508 Dei
1062 4443 1096 4528 110
1119 4443 1276 4526 spelunea

323 4547 504 4628 latronum,
520 4549 645 4634 quando
668 4557 777 4620 contra
800 4549 993 4616 voluntatem
1016 4547 1131 4614 Christi
1155 4553 1278 4612 contre-

324 4661 427 4722 ctatur
452 4635 675 4740 patrimonium
691 4653 851 4722 Crucinxt.
869 4655 931 4720 Hoc
946 4655 1028 4720 enirn
1046 4661 1092 4720 est
1113 4653 1231 4730 furari,
1248 4659 1278 4720 et

323 4762 520 4842 latrocinari,
545 4761 670 4848 quaudo
701 4761 826 4846 publice
857 4761 909 4840 110;
936 4765 1065 4846 0000100
1089 4761 1175 4844 quad
1198 4759 1278 4826 lere-

324 4869 404 4934 miae
428 4869 603 4952 septimel:
632 4865 813 4952 «Nunquid
842 4867 994 4952 spelunca
1016 4868 1175 4933 latronum
1197 4866 1278 4932 iacta

324 4981 371 5042 est
393 4971 505 5040 domus
526 4973 602 5054 ista,
627 4973 657 5040 in
683 4993 747 5060 qua
767 4971 946 5040 invocatum
969 4979 1016 5040 est
1040 4991 1152 5040 nemen
1170 4989 1275 5038 meum

324 5081 356 5148 in
380 5081 477 5170 ocutis
502 5081 615 5150 restris
632 5087 666 5148 01
696 5109 711 5140 «
728 5083 769 5148 lte
794 5081 831 5148 ad
855 5081 957 5146 locum
983 5097 1088 5146 meum
1113 5079 1143 5144 in
1169 5081 1231 5146 Silo
1247 5085 1276 5144 et

395 5537 405 5568 ¹
425 5537 509 5592 Codd.
527 5537 638 5592 CDFH
656 5541 764 5606 legunt:
782 5537 879 5594 Dicens
899 5537 967 5604 tilia,
989 5537 1053 5608 quia
1071 5539 1205 5608 scriptura
1225 5543 1278 5594 est:

325 5629 428 5682 Domus
458 5629 517 5682 meo
551 5627 646 5682 0100000
675 5627 806 5684 arationis
839 5625 978 5682 accubitat·
1010 5627 1177 5696 (secabitur,
1205 5627 1278 5694 qnod

325 5717 401 5770 etiam
421 5717 444 5768 ll
462 5717 555 5778 hahet,
573 5717 708 5769 exhibetur
728 5717 814 5768 lilatth.
834 5717 882 5778 et,
902 5715 943 5766 13.
964 5715 1146 5780 0011010011,
1169 5715 1231 5784 tl).
1247 5745 1279 5752 -—

326 5803 443 5858 Subinde
461 5807 585 5870 allegatur
606 5807 661 5858 lsai.
682 5807 729 5868 56,
748 5797 775 5854 r.
793 5819 849 5868 seq.

395 5887 405 5918 ²
425 5891 584 5954 110010099,
605 5891 634 5954 5,
653 5897 713 5954 post
733 5903 813 5956 quem
831 5891 862 5954 5,
882 5891 907 5938 8.

395 5977 405 6008 ³
425 5979 502 6030 Vere.
519 5977 567 6044 293
591 5979 621 6030 11.
646 5975 757 6042 Paralip.
779 5975 813 6038 7,
833 5977 876 6030 15,
900 5991 972 6042 seq:
1001 5975 1080 6032 Oculi
1098 5991 1202 6046 qaoque
1229 5975 1282 6030 roei

318 6057 406 6120 'erant
425 6065 513 6134 aperti
530 6071 579 6118 etc.
597 6095 633 6106 -
651 6067 700 6144 Ppo
719 6063 749 6116 in
767 6063 965 6118 cntrsecratioae
985 6065 1077 6134 templi
1094 6067 1152 6116 Vat.
1173 6065 1200 6116 iu
1220 6077 1281 6118 cea·

325 6155 471 6210 structione
491 6153 588 6222 templi.

395 6241 501 6296 *Pers
519 6243 564 6294 37.

395 6329 406 6362 ὅ
427 6335 503 6386 11000.
522 6331 555 6394 3,
574 6329 618 6382 nbi
638 6329 834 6384 immolantibus
853 6331 924 6384 idolo
941 6331 1042 6382 lloloeh
1061 6331 1137 6384 dicit:
1157 6333 1211 6394 Ego
1236 6345 1281 6396 po·

326 6433 386 6472 narn
405 6421 498 6472 taciem
517 6433 604 6470 meam
625 6425 712 6474 contra
733 6419 830 6470 illum...
849 6433 881 6470 eo
897 6419 971 6484 quod
992 6417 1119 6474 dederit...
1137 6419 1237 6470 liloioch
1255 6425 1281 6470 et

326 6509 540 6562 contaminaverit
560 6511 736 6564 sanctuarium
755 6521 844 6560 meum
865 6515 912 6560 etc.
933 6507 989 6572 (etr.
1009 6509 1058 6570 19,
1077 6507 1107 6560 i:
1121 6507 1202 6560 Nolite
1222 6521 1280 6560 000-

325 6599 392 6650 rerti
410 6599 445 6650 ed
463 6597 531 6650 idola
553 6599 623 6666 000).
640 6599 713 6650 Dent.
736 6599 765 6662 5,
794 6599 820 6648 5.
846 6609 921 6660 seqq.
940 6601 1079 6658 praecepta
1101 6595 1220 6658 decalogi
1240 6609 1279 6648 ex-

326 6689 458 6746 ponuntur
476 6683 536 6750 (010.
560 6685 591 6744 ’6,
624 6685 667 6736 130
696 6685 777 6736 Deum
808 6687 880 6734 tuum
910 6681 1013 6734 timebis
1039 6685 1064 6732 et
1090 6681 1125 6732 illi
1149 6681 1197 6732 seli
1226 6695 1278 6734 ser·

326 6771 468 6838 vissae).
489 6799 522 6810 -
543 6773 666 6836 Sequitur
685 6773 771 6824 ilatth.
793 6769 821 6830 t,
840 6769 882 6818 te.
901 6795 937 6806 -
956 6767 1082 6830 Superius
1112 6783 1160 6834 pro
1180 6769 1279 6836 princi·

321 6857 399 6922 pium
416 6859 625 6926 praeceptorum
642 6859 693 6908 BD
710 6853 832 6924 primam
851 6855 1066 6920 praeceptarum.

2226 581 2290 644 lt99

1335 745 1455 826 ridete,
1481 763 1563 832 quae
1584 743 1713 812 fecerim
1738 745 1763 812 ei
1790 753 1920 832 propter
1941 749 2090 814 malitiam
2109 749 2214 834 populi
2231 749 2292 816 mei

1335 853 1476 920 lsrael».
1503 853 1580 920 Haec
1605 857 1709 918 autem
1736 851 1853 918 malitia
1883 851 2100 938 principaliter
2123 853 2292 920 sacerdoti·
2312 865 2440 910 eoeneum.

1335 959 1396 1026 bus
1419 959 1614 1046 imputatum
1631 959 1699 1026 idea
1722 959 1766 1026 eis
1792 959 1967 1044 specialiter
1991 959 2080 1026 dicit:
2114 959 2189 1038 Vos,
2213 977 2292 1046 quo-

1335 1085 1408 1134 rum
1434 1073 1503 1134 erat
1531 1085 1599 1136 eam
1631 1085 1768 1152 purgare
1804 1073 1834 1134 00
1870 1067 1899 1132 10
1937 1065 2100 1132 sanctitate
2123 1065 2292 1132 custodire.

1335 1171 1423 1238 Unde
1445 1171 1730 1256 Chryscstomusss:
1752 1199 1767 1232 a
1784 1173 2005 1256 Unusquisque
2021 1169 2218 1238 Christianus
2235 1185 2293 1256 000

1337 1281 1546 1362 0000000000
1569 1277 1679 1346 reddet
1700 1277 1872 1358 rationem,
1901 1277 2077 1344 secerdotes
2102 1283 2204 1342 autern
2232 1291 2293 1340 000

1337 1387 1458 1448 tantum
1484 1385 1647 1468 0000010,
1674 1383 1727 1450 sed
1751 1401 1809 1470 pro
1831 1383 1973 1450 omnium
1997 1381 2196 1450 subditorum
2221 1397 2293 1466 pec-

1337 1487 1425 1554 catis.
1448 1487 1716 1572 Quemadmodum
1734 1489 1830 1568 euim,
1849 1487 1956 1556 videns
1982 1489 2126 1556 arborem
2150 1487 2295 1574 pallenti-

1337 1593 1398 1660 bus
1413 1593 1496 1660 foliis
1510 1595 1695 1676 marcidam,
1719 1594 1880 1680 intelligis,
1897 1595 1983 1680 quad
2006 1613 2131 1662 causam
2156 1595 2294 1682 aliquam

1339 1699 1454 1766 habeat
1476 1699 1507 1766 iu
1532 1699 1649 1778 radice3
1676 1701 1737 1778 sic,
1760 1717 1832 1766 cunt
1859 1701 1974 1768 videris
1997 1703 2150 1786 populum
2168 1697 2293 1766 indisci-

1338 1803 1511 1886 plinatum,
1535 1821 1703 1888 cognosce,
1729 1805 1804 1888 quia
1829 1805 2040 1872 sacerdotium
2063 1805 2130 1872 eius
2162 1807 2296 1872 nonest

1340 1925 1451 1974 sanum
1470 1935 1502 1972 a.
1524 1907 1595 1974 Ideo
1627 1909 1794 1976 llalachiae
1823 1909 1960 1976 secundo
1975 1911 2004 1976 ⁹:
2036 1937 2052 1970 «
2067 1911 2160 1976 Lahia
2190 1925 2295 1976 sacer-

1340 2011 1422 2078 dotis
1445 2011 1620 2078 custodient
1654 2013 1831 2090 scientiam,
1865 2019 1896 2078 et
1931 2015 2028 2100 legem
2062 2015 2227 2100 requirent
2255 2013 2295 2078 de

1338 2135 1393 2184 ore
1418 2117 1503 2196 eius,
1528 2117 1602 2202 quia
1625 2117 1755 2204 augelus
1775 2117 1899 2184 Domini
1925 2121 2123 2186 exercituum
2147 2127 2202 2188 est.
2234 2121 2295 2188 100

1338 2231 1444 2290 autem
1469 2223 1641 2290 recessistis
1664 2223 1701 2290 de
1727 2225 1775 2288 via
1804 2231 1833 2290 et
1870 2225 2101 2292 scandalizastis
2123 2227 2295 2310 plurimae,

1339 2329 1466 2396 irritum
1492 2327 1607 2396 lecistis
1630 2333 1755 2414 pactum
1786 2329 1859 2396 Levi
1875 2355 1905 2394 ›>.
1937 2331 2099 2414 «Propter
2129 2333 2213 2416 quod
2238 2349 2295 2414 ego

1339 2435 1408 2504 dedi
1435 2453 1491 2502 ras
1513 2434 1762 2520 contemptibiles
1786 2435 1932 2504 omnihus
1955 2435 2079 2520 populis
2098 2461 2127 2500 a.

1452 2663 1644 2720 auctoritatam
1664 2663 1842 2732 magistralem
1861 2663 2009 2734 promissam
2030 2663 2183 2736 athalere,

1688 2751 1802 2808 ostendit
1819 2769 1866 2822 per
1882 2753 1946 2808 1010.

1431 2965 1482 3032 73.
1507 2967 1709 3050 (11000101).
1738 2967 1776 3032 et
1810 2973 1881 3032 erut
1918 2967 2035 3032 tlaceas
2068 2967 2211 3054 parotidie
2236 2971 2294 3034 etc.

1340 3073 1506 3158 Postquam
1529 3072 1720 3164 descripsit,
1737 3073 1873 3158 qualiter
1895 3073 2042 3140 Christus
2063 3071 2145 3140 facto
2162 3071 2296 3140 ostendit

1340 3197 1374 3258 se
1391 3197 1513 3266 regem,
1531 3179 1707 3264 pontificem
1734 3187 1763 3246 et
1780 3179 1927 3260 iudicem,
1943 3179 1995 3246 hic
2010 3185 2124 3266 quarto
2137 3179 2296 3246 1⁰‘descri-

1340 3289 1403 3368 bit,
1429 3287 1587 3374 querende
1622 3285 1772 3352 Christus
1805 3287 1942 3352 ostendit
1976 3305 2008 3352 se
2045 3287 2217 3352 (lactarem.
2252 3285 2297 3350 nd
2315 3289 2406 3334 naara.

1340 3393 1433 3458 cuius
1455 3391 1781 3476 explicationemtria
1812 3389 2077 3470 introducuntur,
2103 3391 2137 3456 iu
2165 3389 2296 3458 Christe
2399 3421 2401 3426 ·

1340 3497 1457 3564 scilicet
1487 3497 1672 3562 assiduitas
1705 3495 1861 3574 docerrdi,
1896 3497 1933 3562 in
1964 3493 2163 3562 Pdctrr'sueis
2189 3503 2298 3562 autem

1340 3601 1527 3668 assiduitas
1551 3603 1779 3688 utulipuaadi,
1806 3603 1840 3668 in
1862 3603 1995 3688 papulis
2017 3621 2094 3670 vero
2111 3603 2298 3668 assiduitas
2345 3613 2348 3620 ⁴

1340 3707 1545 3774 addiscendi.
1569 3709 1617 3774 Ex
1639 3707 1756 3792 quibus
1779 3713 1924 3794 apparet,
1940 3709 2025 3794 quad
2042 3709 2186 3776 Christus
2202 3725 2298 3776 verus

1340 3819 1409 3878 erat
1420 3813 1538 3892 doctor,
1556 3815 1629 3898 quia
1643 3815 1786 3882 doctrina
1802 3813 1869 3882 eius
1884 3819 1952 3878 erat
1965 3813 2103 3898 publiea
2117 3813 2297 3894 attactis11,

1340 3923 1440 3984 00000
1460 3917 1627 4002 peruersis
1650 3923 1682 3984 et
1713 3917 1869 4004 gratiosa·
1891 3917 2004 3994 heois;
2028 3925 2058 3984 et
2084 3917 2142 3984 bec
2168 3923 2298 4004 propter

1340 4039 1429 4088 suam
1453 4021 1686 4100 celebritatem,
1708 4021 1923 4088 veracitatem
1945 4029 1977 4088 et
1997 4023 2250 4108 pretiositatem.

1431 4127 1533 4194 Primo
1556 4127 1652 4214 igitur
1677 4133 1829 4214 quautam
1855 4127 1891 4194 ad
1917 4125 2436 4208 01000010009100100100000000

1341 4235 1542 4312 dealitatem,
1567 4253 1651 4322 puae
1668 4241 1740 4300 erat
1754 4233 1888 4320 publica
1907 4233 2154 4314 0000110010οε
2172 4235 2214 4300 Et
2228 4241 2298 4300 erat
2321 4201 2431 4298 diiiisii

1340 4343 1458 4408 doceas
1483 4343 1626 4430 quetidie
1647 4341 1684 4406 ia
1708 4341 1843 4424 temple,
1868 4343 1899 4406 in
1925 4359 1987 4424 que
2023 4341 2202 4408 insinuatur
2227 4357 2298 4426 per-

1340 4445 1422 4514 fecta
1443 4445 1614 4530 publicatio
1634 4445 1806 4526 doctrinae,
1829 4445 1905 4532 quia
1938 4451 2007 4512 erat
2042 4445 2112 4512 siae
2134 4447 2466 4560 101001010-000000000·

1340 4553 1449 4628 01000;
1474 4571 1546 4616 nam
1569 4553 1708 4636 quotidie
1743 4551 1881 4618 docebat.
1910 4551 1957 4618 Sic
1983 4553 2097 4618 Paulus
2119 4553 2223 4620 bonus
2244 4553 2300 4620 do·
2325 4571 2353 4614 oo
2367 4571 2378 4612 a
2394 4571 2460 4614 rano-

1343 4663 1411 4724 ctor
1428 4655 1576 4736 iaciebat,
1594 4657 1631 4724 de
1647 4675 1711 4742 quo
1728 4657 1862 4724 ,ictuum
1877 4655 2028 4742 vigesimo
2042 4657 2085 4722 1²:
2108 4683 2123 4714 «
2138 4657 2205 4724 Non
2223 4655 2296 4724 sub·
2364 4633 2411 4666 Μ’

1343 4761 1476 4846 terlugi,
1494 4761 1663 4846 quominus
1679 4761 1897 4828 annuntiarem
1921 4759 2007 4828 rabis
2025 4779 2116 4828 omrae
2132 4763 2296 4828 consilium

1341 4867 1395 4934 Dei
1413 4895 1443 4934 0.
1474 4865 1635 4952 «Propter
1659 4867 1743 4952 quad
1775 4865 1917 4952 vigilate,
1941 4865 2093 4936 memoria
2116 4869 2297 4948 retinentes

1341 4973 1490 5058 quoniam
1505 4989 1562 5056 per
1577 4973 1748 5038 triennium
1772 4978 1864 5040 nocte
1879 4979 1911 5040 et
1926 4973 1977 5040 die
1991 4991 2054 5040 nou
2075 4973 2208 5052 cessavi,
2226 4991 2298 5040 curn

1341 5079 1489 5164 lacrymis
1502 5095 1632 5146 manens
1648 5097 1910 5166 unumquemque
1927 5085 2066 5146 restrum
2079 5105 2111 5144 ›>.
2126 5081 2187 5148 Hoc
2204 5079 2297 5146 etiam
2387 5069 2411 5094 '‘

1415 5539 1426 5570 ⁶
1445 5539 1548 5594 Scilicet
1565 5537 1747 5594 interlin-caris
1767 5537 1808 5606 (ex
1827 5537 1913 5602 Beda,
1931 5539 1979 5604 qui
1997 5537 2115 5606 sequitur
2133 5539 2251 5604 Gregor,
2273 5538 2298 5590 ll.

1343 5631 1437 5682 llatnil.
1455 5629 1483 5680 in
1502 5631 1604 5694 Eraug.
1625 5627 1711 5680 benail.
1733 5627 1775 5678 39.
1795 5645 1819 5680 n.
1841 5627 1884 5696 1.),
1906 5633 1965 5690 0000
1983 5641 2062 5694 equam
2082 5629 2157 5684 liich.
2177 5629 2206 5690 3,
2228 5627 2250 5678 5.

1416 5717 1426 5748 ⁷
1446 5719 1518 5770 Vers.
1542 5721 1551 5770 t
1559 5719 1581 5768 1.
1603 5723 1627 5770 et
1647 5719 1693 5780 te,
1715 5717 1758 5768 ubi
1780 5723 1839 5782 past
1858 5715 1915 5770 Sila
1934 5717 1959 5768 iu
1979 5719 1996 5768 F
2015 5717 2130 5770 secunda
2145 5731 2238 5768 000000
2255 5717 2299 5768 ed·

1343 5807 1410 5858 didit
1433 5803 1482 5858 ahi
1499 5805 1627 5858 habitauit
1644 5819 1743 5858 nemea
1761 5817 1853 5858 meam
1871 5819 1887 5858 a
1904 5805 2040 5874 priuet'pia
2069 5805 2113 5870 (ita
2133 5807 2211 5858 etiam
2237 5805 2298 5858 1101-

1344 5895 1425 5960 gata),
1444 5899 1470 5944 et
1489 5891 1602 5946 subinde
1619 5893 1695 5944 codd.
1717 5891 1783 5960 qaid
1799 5891 1909 5960 feceriut
1928 5891 1965 5946 eis
1984 5893 2144 5946 substituunt
2165 5907 2211 5960 pro
2231 5903 2298 5960 quac

1343 5981 1451 6050 fecerim
1471 5979 1501 6034 ei.

1415 6067 1538 6138 81100011.
1557 6069 1600 6120 38.
1618 6069 1644 6120 in
1673 6070 1826 6130 11009021,
1850 6071 1889 6120 te.
1919 6069 1978 6136 100.
2006 6069 2172 6136 imperfecte).
2190 6069 2239 6120 Pru
2260 6077 2298 6118 ce·

1343 6169 1440 6224 000000.
1458 6155 1542 6210 CDH
1559 6167 1683 6224 agnosce.

1417 6241 1428 6272 ⁹
1447 6245 1521 6296 Vere.
1540 6245 1566 6296 7.
1585 6257 1639 6308 seq.
1661 6249 1686 6296 et
1703 6245 1800 6296 deinde
1819 6257 1848 6296 r.
1867 6245 1891 6296 9.

1416 6329 1438 6362 ¹⁰
1457 6331 1509 6386 Clr.
1530 6347 1611 6396 snpra
1628 6345 1655 6382 n.
1676 6331 1717 6384 te.

1416 6419 1437 6452 ²¹
1456 6419 1541 6476 Codd.
1568 6419 1623 6472 CH
1647 6419 1785 6482 omuibus,
1812 6419 1980 6474 DFcetera's
2003 6419 2094 6484 (paulo
2117 6417 2226 6470 interius
2249 6429 2298 6482 pra

1344 6509 1446 6564 attactis
1466 6507 1515 6560 AC
1528 6509 1639 6560 DFGll
1660 6507 1819 6562 substituunt
1838 6507 1953 6568 ceteris).

1415 6593 1437 6626 1²
1456 6597 1533 6648 Vere.
1551 6587 1594 6648 97.
1612 6601 1635 6648 01
1657 6598 1698 6649 31.
1717 6623 1751 6636 -
1770 6597 1860 6648 1110000
1883 6593 2066 6650 interlinearis
2088 6593 2126 6660 (ex
2147 6593 2232 6656 Beda,
2251 6593 2296 6658 qui

1343 6687 1461 6756 sequitur
1481 6687 1599 6752 (tregam,
1616 6687 1666 6738 loc.
1684 6685 1751 6752 citi:
1771 6687 1806 6740 Et
1822 6687 1881 6740 erut
1901 6685 1995 6740 docens
2014 6691 2071 6750 ete,
2092 6681 2153 6748 quia
2171 6683 2298 6734 Dominus

1343 6785 1390 6824 uec
1409 6771 1524 6838 indignis
1543 6773 1623 6826 verba
1650 6773 1851 6838 praedicationis
1874 6773 2016 6836 subtrahit,
2036 6769 2096 6838 ¹post
2122 6767 2297 6836 0100000001-

1344 6859 1467 6926 sciplinee
1488 6863 1512 6914 in
1532 6863 1628 6932 eiectos
1647 6869 1798 6928 perseverat
1815 6863 1842 6914 iu
1862 6863 1944 6928 gratie
1964 6861 2084 6916 docendi.
