5900 8266
510 543 576 612 294

515 749 531 780 r
548 723 720 790 Morituros
752 731 836 804 erat,
863 731 900 792 'ut
925 727 1005 794 lilios
1027 725 1103 806 Dei,
1125 721 1181 812 qni
1203 731 1296 792 erant
1316 723 1469 812 dispersi,

511 841 717 918 congregaret
741 833 771 898 in
796 851 894 900 unum
913 857 944 914 »;
967 839 999 900 et
1021 831 1118 900 Isaiae
1138 833 1328 900 undeeimo:
1359 833 1470 898 «Con-

510 935 659 1024 gregabit
683 937 831 1024 prologos
855 939 947 1006 lsrael
973 945 1004 1008 et
1026 939 1185 1028 dispersos
1208 939 1284 1006 luda
1305 939 1430 1024 colliget
1450 957 1470 1006 a

509 1051 646 1132 quatuor
656 1045 755 1130 plagis
764 1051 910 1124 terrae»;
925 1047 1076 1114 Psalmus:
1097 1045 1336 1132 «Dispersiones
1349 1045 1471 1112 israelis

509 1151 711 1238 congregabit
728 1177 757 1218 e.
782 1149 929 1218 Offioium
951 1157 1059 1218 autem
1073 1151 1189 1218 diaboli
1205 1157 1253 1218 est
1268 1141 1470 1236 dispergere,

512 1257 686 1326 seeundum
715 1257 795 1324 illud
823 1257 944 1350 loannis
966 1257 1087 1326 deeimo
1103 1261 1134 1324 ¹:
1165 1259 1305 1342 «nuptas
1326 1255 1471 1352 rapithet

509 1363 660 1450 dispergit
684 1383 757 1432 oves
771 1369 818 1432 »μ’
833 1363 904 1432 Ideo
929 1363 1081 1450 optimum
1103 1365 1155 1432 'est
1179 1363 1311 1430 introire
1332 1363 1366 1428 in
1388 1363 1491 1430 onte

509 1471 649 1550 Domini,
676 1471 729 1556 qui
752 1489 814 1538 nou
837 1475 942 1556 potest
956 1471 1103 1556 superari
1125 1489 1143 1536 a
1167 1471 1308 1550 fortiori,
1325 1469 1408 1536 sieut
1424 1469 1470 1536 di-

509 1573 592 1666 oitur
618 1575 740 1644 loannis
760 1575 902 1642 deeimo:
934 1577 1073 1656 «Pater,
1098 1577 1182 1662 quod
1205 1575 1292 1642 dedit
1306 1573 1403 1654 mibi,
1421 1577 1470 1644 bis

509 1681 654 1748 omnibus
680 1681 751 1766 plus
772 1687 852 1748 est»
881 1687 941 1760 ete.

599 1789 649 1852 52.
677 1785 775 1870 (Vera.
799 1785 876 1868 Db).
911 1785 995 1852 Cum
1024 1783 1221 1852 immundus
1243 1783 1386 1870 spiritua
1410 1791 1467 1854 elo.

355 1907 489 2004 iggpgginggg
509 1893 578 1960 Post
593 1891 854 1978 improbationem
869 1891 1011 1958 salsitatis
1028 1899 1060 1960 et
1073 1891 1332 1976 approbationem
1355 1891 1470 1960 vertu-

373 2027 410 2070 ρετ
427 2015 474 2058 aa·
508 1999 549 2066 tis
571 1999 678 2066 subdit
698 1999 752 2066 hie
773 1999 972 2084 Euangelista
987 1997 1251 2084 reprobationem
1266 1997 1468 2080 dolositatis,

507 2105 598 2172 ouius
622 2105 708 2192 origo
733 2111 780 2172 est
803 2123 821 2170 a
853 2103 966 2190 spiritu
998 2105 1152 2190 maligno,
1184 2105 1360 2172 seeundum
1389 2105 1468 2174 illud

507 2211 630 2278 loannis
650 2211 807 2278 estavar:
835 2237 853 2272 «
869 2211 936 2296 lpse
958 2219 1006 2280 est
1029 2213 1168 2278 mendax
1183 2219 1214 2278 et
1238 2219 1326 2296 pater
1352 2213 1421 2280 eius
1435 2241 1467 2294 s,

507 2317 537 2386 id
563 2325 609 2386 est
631 2317 782 2386 mendatii
815 2327 845 2386 et
877 2319 1095 2387 simulationis
1121 2319 1276 2406 Reprobat
1301 2339 1375 2406 ergo
1403 2321 1467 2386 Sal-

506 2433 596 2492 vator
632 2423 826 2494 dolositatem
865 2427 1122 2508 Pharisaeorum,
1158 2427 1250 2494 errius
1285 2427 1466 2514 originem,

503 2551 720 2620 progressum
746 2537 775 2600 et
800 2533 1115 2600 eoruremmationem
1136 2533 1273 2602 ostendit
1289 2533 1318 2602 in
1337 2537 1381 2602 eis
1397 2533 1465 2602 lieri

506 2637 733 2723 perspiritum
756 2639 947 2726 malignum,
972 2647 1004 2708 et
1026 2641 1086 2708 boe
1112 2645 1263 2726 quantum
1283 2641 1320 2706 ad
1337 2639 1464 2728 maligni

506 2743 636 2828 spiritus
659 2735 846 2830 egressura,
871 2739 1059 2830 repressum
1083 2753 1116 2812 et
1137 2745 1337 2832 inmersum.
1366 2747 1465 2830 Egre-

506 2849 597 2914 ditur
624 2867 757 2936 namque
779 2867 836 2932 per
862 2851 1098 2944 detestationem
1130 2849 1389 2928 immunditiaei,
1415 2869 1465 2914 re-

504 2955 657 3040 greditur
682 2971 738 3040 per
761 2955 991 3022 simulationem
1014 2953 1170 3034 iustitiae,
1199 2955 1252 3022 sed
1275 2953 1466 3040 ingreditur

505 3079 563 3146 per
584 3061 857 3146 prolundadonem
878 3061 1047 3146 nequitiae.

593 3165 698 3232 Primo
712 3165 811 3250 igitur
833 3173 990 3250 quantum
1004 3165 1046 3232 ad
1067 3183 1236 3250 eprreasutu
1259 3163 1464 3250 spirltus'im-

339 3271 616 3350 rrrmaqaaamundi
638 3289 696 3354 per
718 3269 959 3336 detestationem
986 3269 1221 3336 immunditiae
1250 3263 1347 3338 dieii:
1381 3269 1465 3334 Cum

347 3357 701 3462 mlllfflll'fir-irumundus
731 3373 873 3460 spiritus
904 3375 1022 3442 exierit
1057 3373 1098 3442 ab
1133 3373 1308 3454 leontiue4,
1349 3375 1465 3442 scilieet

387 3457 450 3498 '¹²⁰⁸'
505 3499 563 3568 per
596 3499 703 3550 veram
738 3479 984 3568 poenitentiam,
1018 3481 1192 3550 seeundum
1231 3481 1307 3548 illud
1348 3483 1464 3548 Zaoba'-

505 3589 571 3656 dae
599 3589 721 3656 decimo
749 3587 864 3654 tertio:
899 3589 1226 3676 «Pseudoprophetas
1255 3595 1287 3656 et
1316 3589 1463 3674 spiritum

505 3697 702 3763 immundum
735 3679 876 3762 auferam
902 3697 942 3764 de
965 3704 1098 3764 terra».
1123 3697 1167 3762 hd
1189 3697 1249 3764 boe
1271 3681 1379 3762 antem
1411 3715 1464 3764 ne-

505 3805 639 3870 cessaria
671 3809 717 3870 est
748 3801 937 3870 abstinentia
967 3813 999 3870 et
1028 3805 1181 3872 orationis
1208 3803 1374 3884 instantia,
1405 3821 1462 3888 per

505 3927 585 3994 quae
615 3907 805 3976 mundamur
827 3907 914 3976 intus
938 3915 968 3976 et
993 3917 1106 3990 extra3
1130 3917 1162 3976 et
1185 3917 1260 3978 tune
1284 3909 1352 3978 exit
1372 3909 1465 3996 spiri-

504 4021 558 4084 tus
578 4015 778 4096 immundus,
805 4017 977 4084 seeundum
1002 4017 1079 4084 illud
1103 4017 1248 4084 Matthaei
1271 4017 1392 4084 deeimo
1417 4033 1464 4084 se-

503 4123 645 4210 ptimo⁵:
677 4123 768 4190 «Hae
793 4141 891 4210 genus
916 4123 1068 4192 daemonii
1092 4143 1154 4192 aon
1180 4111 1305 4192 eiieitur
1323 4123 1383 4192 nisi
1407 4141 1464 4210 per

503 4231 678 4312 orationem
700 4235 733 4296 et
755 4231 955 4298 ieiunium».
983 4267 1024 4280 -
1049 4231 1084 4298 Et
1109 4231 1255 4320 quoniam
1280 4231 1393 4298 diaboli
1411 4231 1464 4298 de-

504 4333 653 4402 siderium
680 4353 804 4422 semper
825 4343 873 4404 est
887 4337 1156 4404 ad-seduetionem
1174 4339 1347 4418 bonorum,
1364 4357 1464 4422 quan-

504 4447 709 4528 tumcumque
726 4441 765 4510 ab
780 4441 849 4508 aliis
870 4442 1069 4528 expellatur3
1094 4443 1164 4510 iden
1187 4441 1314 4510 subdit:
1339 4441 1463 4510 Ambu-

504 4547 551 4612 lut
568 4567 630 4634 per
644 4547 715 4614 loen
733 4547 834 4670 qrida
851 4547 904 4614 et6
923 4549 1108 4638 inaquosa,
1127 4567 1292 4636 qrtaereas
1307 4549 1462 4636 requiem.

503 4653 582 4746 Loea
605 4653 710 4720 arida
742 4661 769 4720 et
800 4655 965 4742 ittaquosa
998 4659 1071 4722 sunt
1094 4655 1180 4734 lota,
1202 4651 1237 4720 in
1259 4653 1377 4738 quibus
1400 4671 1463 4720 non

501 4759 585 4846 riget
617 4759 783 4828 carnalitas
806 4777 864 4828 neo
886 4761 1155 4846 eoneupiseentla,
1181 4761 1356 4830 seeundum
1385 4759 1464 4826 illud

572 5089 581 5118 ¹
601 5091 678 5144 Vers.
698 5091 740 5142 ta.
758 5119 794 5128 -
812 5089 930 5142 Subinde
947 5093 1073 5156 allegatur
1092 5093 1163 5144 loan.
1182 5091 1230 5158 ιιι,
1249 5093 1294 5146 29.

571 5175 581 5208 ²
602 5179 677 5230 Vers.
696 5177 740 5230 ll.
757 5205 793 5218 -
812 5177 863 5232 Cir.
881 5193 961 5244 snpra
981 5193 1008 5230 n.
1027 5179 1074 5246 43,
1105 5179 1149 5232 ubi
1179 5179 1212 5232 de
1231 5179 1314 5232 tribus
1333 5179 1461 5232 membris

500 5267 579 5320 hrains
596 5267 687 5332 partis.
1290 5305 1291 5308 ,

572 5351 582 5384 ³
603 5357 638 5406 lta
656 5355 708 5406 BH
730 5355 761 5424 (D
779 5367 795 5406 a
815 5349 932 5406 seeunda
950 5353 1059 5422 manu),
1082 5355 1140 5408 Vat.
1160 5369 1221 5408 eum
1241 5353 1298 5410 alite
1315 5353 1393 5408 eodd.
1414 5353 1460 5408 ini·

500 5441 636 5512 miritiae;
653 5443 725 5496 idem
746 5443 857 5502 recurrit
875 5445 953 5510 paulo
972 5443 1089 5496 interius.

572 5527 582 5560 ⁴
601 5531 654 5586 Cir.
674 5547 753 5596 supra
771 5545 833 5596 pag.
855 5533 921 5594 aad,
940 5539 1002 5584 nota
1020 5531 1062 5584 li.
1082 5559 1119 5574 -
1136 5533 1260 5598 Sequitur
1279 5535 1359 5584 Zach.
1373 5533 1422 5596 l3,
1434 5535 1459 5584 D.

570 5617 581 5648 ⁵
599 5621 675 5674 Vere,
695 5623 743 5690 ab,
762 5619 808 5674 ubi
826 5633 876 5686 pro
893 5617 1042 5686 daemonii,
1061 5621 1133 5686 qnod
1146 5621 1257 5686 Vulgata
1269 5621 1380 5688 omittit,
1401 5623 1459 5674 Vat.

501 5707 714 5764 daemoniorum.

494 5865 497 5872 Δ
570 5797 581 5828 ⁶
601 5799 712 5866 Vulgata
732 5805 757 5854 et
776 5803 834 5852 Vat.
853 5799 976 5854 omittunt
994 5797 1074 5854 arida
1091 5801 1136 5866 et,·
1161 5801 1206 5852 eir.
1226 5801 1314 5852 dlattb.
1333 5799 1380 5866 ld,
1409 5799 1458 5852 te:

500 5887 632 5944 denudat
642 5901 695 5956 per
713 5887 773 5944 lota
792 5887 881 5944 arida.
963 5901 965 5904 ·

571 5975 579 6006 ²
600 5977 695 6030 Psalm.
714 5977 763 6042 62,
782 5979 815 6042 3,
831 5991 914 6044 quem
934 5977 1041 6030 Hieron.
1060 5975 1188 6044 (Breriar.
1208 5977 1459 6040 inPsalmos‚inter

499 6079 579 6132 opera
597 6063 713 6132 Hieron.)
734 6079 881 6130 exponens,
899 6079 947 6130 per
965 6065 1102 6120 desertum
1120 6065 1240 6130 intelligit
1256 6065 1387 6118 mundum
1400 6079 1460 6130 pro·

499 6161 558 6220 pter
575 6159 744 6220 peecatores;
763 6155 792 6206 ll.
810 6153 956 6208 Commeat.
977 6155 1001 6208 in
1020 6155 1108 6208 hlattb.
1123 6157 1169 6218 ta,
1183 6153 1224 6206 ta.
1238 6161 1325 6208 autem
1338 6169 1386 6220 per
1400 6153 1459 6208 loru

498 6241 579 6298 aride
596 6243 715 6308 intelligit
735 6247 841 6310 gentes,
860 6245 885 6296 in
905 6241 1017 6310 quibus,
1037 6249 1179 6310 postquam
1197 6243 1231 6296 ad
1250 6243 1330 6294 fidem
1354 6255 1460 6296 eonver-

499 6345 543 6386 sae
563 6339 636 6398 sont,
653 6331 774 6386 diabolus
803 6345 858 6386 nou
887 6331 990 6388 inuenit
1013 6331 1134 6400 reqruem
1151 6335 1179 6388 et
1202 6331 1350 6388 reuertitur
1370 6331 1404 6386 ad
1423 6333 1459 6384 lu-

498 6423 587 6474 daeos.
599 6421 651 6474 Cir.
665 6421 788 6486 aragon,
803 6421 918 6474 XXXlll.
932 6421 1019 6474 lloral.
1039 6435 1061 6474 e.
1080 6421 1105 6472 3.
1124 6437 1150 6474 n.
1172 6423 1194 6484 8,
1213 6421 1259 6474 ubi
1278 6421 1393 6476 eundem
1408 6429 1460 6474 tex-

499 6519 555 6566 tum
575 6513 662 6566 llatib.
683 6513 730 6576 li,
751 6511 794 6562 l3.
812 6525 868 6580 seq.
885 6511 992 6576 exponit
1009 6515 1035 6562 et
1053 6511 1131 6564 dicit:
1158 6511 1224 6578 Quia
1252 6513 1320 6564 enim
1341 6513 1410 6566 fluxa
1432 6511 1460 6562 lit

499 6609 579 6666 terra,
598 6617 668 6670 quae
686 6601 843 6666 intrandum,
859 6601 918 6654 toea
930 6597 1037 6654 arentia
1055 6603 1135 6668 atque
1153 6603 1289 6668 inoperoso
1307 6607 1368 6652 sum
1380 6589 1459 6654 eorda

499 6691 642 6754 iustorum,
660 6703 730 6762 quae
749 6679 797 6754 per
814 6689 966 6754 disciplinae
988 6689 1166 6742 tortitudinem
1191 6689 1227 6740 ab
1253 6689 1325 6742 omni
1351 6687 1460 6742 earhaiis

495 6781 722 6844 eoncupiscentiae
742 6763 852 6832 humore
871 6779 1008 6832 sinuantur.

570 6863 677 6920 8ιιιιε.
696 6871 719 6920 l.
740 6867 792 6922 Cir.
812 6867 849 6918 lll.
869 6871 939 6920 Sani.
957 6867 985 6920 d.
1005 6867 1030 6918 3.
1044 6883 1069 6934 p.
1088 6869 1108 6920 l.
1126 6883 1149 6920 a.
1170 6871 1193 6920 2.
1213 6883 1240 6934 q.
1258 6867 1285 6922 3.
1307 6867 1340 6920 ad
1361 6869 1389 6934 3,
1415 6857 1461 6920 ubi

1115 523 1630 616 constantissimarum
1656 547 1773 616 nuere
1797 531 1828 614 c.
1855 547 1902 614 m.

1535 723 1644 792 Psalmi
1658 727 1688 790 ⁷:
1719 727 1784 790 «ln
1806 731 1894 792 terra
1917 725 2040 790 deserta
2060 731 2094 790 et
2116 723 2199 792 invia
2216 731 2246 792 et
2262 719 2430 810 inaquosa,
2448 725 2492 792 sio

1535 831 1564 898 in
1589 839 1696 898 saneto
1721 831 1855 916 apparui
1876 829 1932 898 tibi
1944 857 1979 906 a,
1994 829 2168 896 seeundum
2184 829 2270 916 qnod
2287 829 2492 914 Hieronymus

1535 937 1674 1022 exponit,
1699 937 1735 1004 Et
1757 943 1925 1022 propterea.
1946 933 2043 1020 Virgo
2064 917 2178 1014 diaria,
2203 933 2279 1020 quia
2293 935 2420 1000 omnino
2436 937 2491 1002 ba·
2512 949 2644 998 nouarum.

1534 1043 1605 1110 buit
1631 1043 1818 1110 exstinetam
1850 1039 2151 1128 concupiscentiam,
2174 1041 2291 1108 dieitur
2309 1049 2409 1126 petro
2438 1043 2491 1108 de

1533 1147 1637 1226 reret:
1666 1147 1759 1216 lsaiae
1783 1147 1905 1214 deeimo
1926 1147 2062 1214 sexto⁸z
2095 1145 2238 1214 «Emitte
2261 1147 2400 1232 rignum,
2429 1147 2490 1214 Do-

1533 1257 1633 1334 mine,
1658 1255 1884 1324 dominatorem
1909 1261 2030 1336 terrae,
2045 1255 2085 1322 de
2099 1261 2187 1340 petra
2204 1253 2319 1320 deserti
2344 1253 2383 1320 ad
2405 1269 2490 1322 mon·

1535 1369 1597 1430 tem
1620 1361 1702 1428 filiae
1727 1361 1798 1428 Sion
1813 1387 1845 1426 a.
1868 1359 1959 1426 Cirta
1982 1359 2058 1428 haee
2084 1363 2150 1428 lora
2168 1357 2317 1426 ambalat
2333 1359 2490 1442 diabolus,

1535 1485 1695 1556 quaereus
1726 1465 1890 1554 requiem,
1922 1465 1953 1530 id
1984 1471 2048 1546 est,
2072 1465 2179 1534 volens
2203 1465 2232 1530 in
2258 1463 2319 1532 illis
2343 1465 2490 1530 umbram

1535 1571 1739 1658 negligentiae
1768 1577 1800 1638 et
1821 1571 1938 1638 iontem
1964 1571 2170 1640 contumeliae
2191 1571 2363 1652 labriaure,
2385 1577 2421 1638 ut
2447 1569 2489 1636 ibi

1533 1679 1630 1762 possit
1655 1677 1863 1762 requiescere.
1887 1675 1921 1740 ln
1943 1675 1996 1741 tali
2022 1681 2125 1744 autem
2152 1677 2219 1744 loeo
2233 1677 2424 1768 requiescit,
2441 1693 2489 1744 se-

1534 1781 1672 1848 eundum
1694 1781 1773 1848 illud
1797 1783 1849 1848 lob
1871 1779 2155 1864 quadragesimol:
2176 1807 2191 1840 a
2209 1783 2273 1850 Sub
2288 1783 2403 1850 umbra
2417 1783 2490 1850 dor·

1533 1887 1590 1954 mit
1613 1887 1644 1952 in
1669 1893 1791 1954 seereto
1812 1887 1922 1955 calami
1946 1887 1980 1954 in
2002 1885 2079 1954 loeis
2095 1887 2298 1956 humentibus
2312 1913 2346 1968 »;
2367 1893 2400 1954 et
2417 1889 2489 1956 Eze-

1534 1993 1641 2062 ebielis
1659 1993 1807 2080 agesimo
1831 2011 1933 2062 nono:
1964 1993 2091 2074 «ane,
2114 2011 2171 2078 ego
2192 1995 2232 2060 ad
2248 1999 2298 2074 te,
2313 1993 2410 2060 draeo
2424 2011 2489 2060 ma-

1533 2117 1610 2186 gne,
1640 2101 1693 2188 qui
1729 2101 1824 2170 rubas
1856 2101 1886 2166 in
1919 2101 2020 2168 medio
2050 2101 2265 2168 huminum».
2293 2101 2358 2168 Non
2382 2105 2487 2168 autem

1532 2209 1665 2294 quiescit
1696 2209 1842 2278 diabolus
1870 2209 1929 2276 nisi
1954 2209 2071 2290 ineis,
2097 2209 2127 2276 in
2153 2209 2268 2298 quibus
2295 2207 2415 2278 invenit
2435 2207 2488 2276 de-

1532 2315 1641 2382 fluxus
1667 2315 2010 2402 mneapiseeaduam
2035 2333 2115 2402 qnos
2139 2317 2214 2402 quia
2235 2333 2298 2382 non
2322 2319 2423 2402 potest
2438 2329 2488 2380 re

1532 2423 1635 2508 perire
1661 2425 1690 2490 in
1718 2423 1832 2490 sanetis
1861 2423 1936 2490 viris
1960 2423 2137 2492 alilietiset
2159 2411 2343 2502 maceratis,
2364 2421 2433 2488 ideo
2458 2419 2487 2488 in

1530 2531 1574 2596 eis
1599 2551 1661 2596 non
1684 2531 1870 2616 requiescit,
1892 2529 1945 2598 sed
1964 2531 2058 2616 tagit,
2076 2525 2259 2596 iunta'illnd
2277 2529 2374 2596 laeobi
2393 2547 2488 2614 qnar-

1532 2643 1563 2702 to
1575 2637 1622 2702 ¹⁰:
1643 2663 1662 2694 (ι
1684 2637 1826 2704 desistite
1850 2633 1989 2716 diabolo,
2014 2641 2046 2704 et
2066 2635 2166 2722 fugiet
2186 2655 2206 2702 a
2229 2635 2316 2702 vobis
2334 2663 2362 2698 a.

1620 2743 1672 2808 ts.
1695 2741 1839 2808 Secundo
1854 2757 1929 2808 tero
1944 2749 2100 2824 qnantum
2115 2743 2155 2806 ad
2170 2761 2358 2826 repressum
2370 2759 2429 2824 per
2442 2743 2487 2806 si·
2521 2755 2625 2810 secunao,

2537 2809 2607 2860 quoad

1529 2847 1743 2912 mutationem
1760 2845 1910 2910 iustitiae
1925 2845 2049 2910 subdit:
2066 2849 2107 2910 Et
2120 2865 2187 2910 uon
2205 2845 2390 2924 inveniens,
2408 2845 2488 2912 seili—
2511 2869 2633 2968 affiatu»

1530 2955 1578 3016 oet
1603 2949 1763 3034 requiem,
1788 2947 1885 3016 dieit:
1909 2951 2067 3016 Reoertar
2093 2951 2126 3016 in
2151 2949 2284 3016 (tontum
2303 2971 2430 3028 meant,
2449 2953 2487 3018 de
2546 3039 2550 3044 .,

1529 3069 1598 3142 qua
1610 3057 1635 3094 ¹²
1652 3055 1748 3122 eaiui.
1766 3055 1872 3122 Suam
1891 3063 1980 3122 vorat
1993 3055 2137 3136 domum,
2157 3057 2379 3142 quianondum
2398 3059 2487 3142 plene
2543 3043 2545 3046 ⁵

1528 3161 1568 3228 ab
1583 3177 1620 3226 ea
1634 3163 1791 3244 expulsus
1805 3161 1926 3242 fueram
1951 3169 1983 3228 et
2003 3163 2044 3228 ad
2066 3163 2161 3228 talem
2180 3163 2323 3230 diabolus
2341 3165 2437 3244 redit;
2456 3165 2486 3232 in
2575 3175 2576 3178 ’

1529 3265 1620 3334 euius
1647 3267 1750 3352 ligura
1778 3269 1871 3334 isaiae
1899 3267 2058 3354 trigesimo
2087 3269 2234 3354 septimo:
2265 3295 2282 3328 r
2303 3271 2361 3338 Per
2386 3271 2486 3352 viam,
2531 3285 2535 3292 ·

1529 3393 1593 3462 qua
1616 3375 1699 3454 uenit
1728 3377 1986 3458 Sennacherib»,
2010 3377 2112 3444 idest
2135 3383 2277 3456 satanas,
2297 3403 2313 3436 «
2339 3397 2395 3464 per
2417 3395 2484 3446 eam

1529 3488 1752 3550 revertetur».
1786 3483 1874 3550 Reate
1898 3489 2001 3550 autem
2022 3489 2216 3568 patratorem
2231 3481 2367 3550 domum
2387 3503 2487 3550 aarum

1529 3593 1635 3668 vorat,
1653 3589 1728 3674 quia
1742 3593 1906 3672 peccator,
1927 3615 1943 3646 r
1960 3589 2013 3676 qui
2031 3589 2103 3654 feeit
2117 3595 2295 3672 pennatum,
2312 3607 2424 3656 servus
2439 3595 2487 3656 est

1529 3695 1644 3778 peceati
1660 3721 1690 3774 a,
1704 3695 1786 3760 sient
1798 3695 1914 3762 dieitur
1926 3697 2046 3762 loannis
2057 3703 2168 3762 oetavo
2180 3695 2223 3772 ¹23
2235 3711 2271 3760 ae
2285 3711 2341 3778 per
2353 3695 2413 3760 hoe
2424 3713 2484 3760 non

1529 3805 1575 3866 est
1600 3799 1679 3864 iuris
1701 3799 1768 3878 sui,
1794 3799 1848 3864 sed
1870 3817 1983 3868 servus
2004 3799 2127 3866 diaboli.
2154 3797 2224 3864 ldeo
2243 3797 2486 3864 Proverbiorum

1528 3905 1657 3988 quinto:
1678 3905 1752 3970 «Ne
1769 3903 1823 3970 des
1841 3903 1947 3972 alienis
1966 3905 2115 3972 honorem
2132 3909 2223 3970 tuum
2246 3909 2279 3970 et
2300 3921 2400 3970 annos
2415 3911 2486 3970 tuos

1529 4009 1667 4090 erudeli,
1688 4029 1731 4078 ne
1751 4009 1832 4076 forte
1856 4009 2046 4096 impleantur
2076 4009 2220 4078 extranei
2250 4009 2373 4078 viribus
2406 4009 2485 4090 tuis,

1528 4123 1559 4184 et
1582 4117 1704 4202 labores
1730 4117 1776 4184 tui
1801 4117 1863 4184 sint
1885 4117 1919 4184 in
1939 4117 2035 4186 domo
2056 4119 2158 4186 aliena
2173 4143 2204 4182 a.

1610 4225 1670 4290 bb.
1694 4225 1796 4310 (Vers.
1820 4225 1899 4306 ab).
1922 4223 1966 4290 ld
1988 4225 2068 4290 bane
2093 4231 2196 4292 autem
2219 4221 2346 4288 domum
2363 4223 2486 4290 redusit
2505 4237 2619 4288 samaraeo

1526 4331 1686 4398 diabolum
1719 4333 1887 4416 expulsum
1920 4331 2076 4398 simulatio
2105 4329 2249 4398 bonitatis
2273 4335 2304 4396 et
2328 4329 2484 4410 iustitiae;
2519 4291 2604 4400 llll&

1528 4445 1560 4506 et
1581 4447 1748 4524 propterea
1763 4439 1865 4506 addit:
1883 4435 2015 4506 Etcum
2032 4439 2172 4518 uenerit,
2189 4437 2312 4504 inuenit
2327 4457 2401 4504 eunt
2416 4457 2485 4504 aeo-

1524 4543 1579 4630 pir
1601 4543 1802 4612 muratarum
1825 4553 1857 4612 rt
1880 4551 2057 4624 ornatam,
2084 4561 2145 4610 non
2168 4543 2281 4622 iutra,
2306 4543 2388 4612 sieut
2411 4541 2485 4610 dieit

1528 4651 1683 4736 Propheta
1705 4651 1738 4718 in
1760 4651 1881 4720 Psalmo
1896 4651 1943 4716 1³:
1974 4677 1989 4708 r
2004 4651 2223 4718 Exercitabam
2253 4657 2287 4716 et
2315 4651 2481 4736 scopebam

1527 4757 1674 4842 spiritum
1703 4777 1810 4856 gaeum
1827 4783 1859 4840 ›2;
1890 4765 1923 4826 et
1944 4775 2080 4824 rursus:
2109 4757 2248 4822 «Omnis
2273 4757 2370 4842 gloria
2402 4757 2483 4824 tiliae

1523 5077 1650 5154 eipostno
1669 5087 1746 5140 huius
1764 5089 1813 5140 loei
1844 5086 1988 5140 seeundum
2006 5087 2112 5140 Hieron.
2131 5087 2250 5148 affertur,
2271 5087 2295 5138 in
2315 5099 2367 5152 qua
2387 5085 2484 5140 scilieet

1523 5171 1694 5246 perpetrem
1714 5175 1811 5230 deserti
1827 5175 1978 5240 intelligitur
1994 5173 2081 5240 Ruth,
2112 5175 2155 5228 eni
2181 5173 2302 5242 adiungit
2327 5177 2427 5240 Haymo
2447 5175 2484 5246 (in

1523 5265 1637 5320 eundem
1659 5263 1718 5332 loe.)
1737 5265 1764 5316 Β.
1786 5265 1892 5318 hiarium
1914 5265 1986 5332 Virg.

1595 5351 1698 5408 ⁹Vers.
1720 5355 1766 5416 ld,
1787 5359 1847 5420 post
1864 5369 1942 5422 quem
1964 5357 2054 5408 Eteeh.
2073 5353 2120 5420 29,
2141 5355 2166 5406 3.

1596 5439 1618 5472 ¹⁰
1636 5443 1710 5498 Vers.
1730 5443 1755 5494 7.
1776 5443 1861 5508 Beda,
1879 5443 1923 5496 lV.
1940 5443 2003 5496 Lae.
2025 5443 2065 5506 ιι,
2087 5441 2136 5494 at:
2160 5439 2297 5508 Quaerens
2315 5443 2435 5514 requiem
2461 5447 2484 5498 et

1523 5545 1578 5588 uon
1598 5531 1746 5598 inveniens,
1765 5533 1827 5600 quia
1847 5539 1930 5586 castas
1949 5539 2050 5584 mentes
2067 5533 2211 5600 effugiens,
2229 5533 2255 5584 in
2282 5534 2338 5594 solo
2361 5533 2483 5588 diabolus

1523 5623 1604 5676 eorde
1622 5635 1767 5686 pravorum
1789 5627 1889 5688 gratam
1910 5621 1959 5674 sibi
1979 5627 2062 5686 potest
2081 5623 2199 5674 invenire
2219 5623 2346 5690 quietem.
2359 5623 2434 5676 Unde
2448 5623 2482 5676 de

1524 5713 1566 5766 illo
1588 5713 1734 5766 Dominus:
1760 5709 1817 5766 Sub
1836 5709 1936 5764 sembra
1956 5711 2061 5782 (inquit)
2082 5709 2181 5764 dormit
2201 5711 2230 5764 in
2247 5715 2350 5766 secrete
2367 5707 2482 5776 ealanu‘,

1523 5805 1550 5854 et
1567 5799 1632 5856 loeis
1652 5799 1823 5854 humentibus
1845 5797 1900 5868 (lob
1920 5801 1968 5864 lb,
1988 5801 2052 5870 ld).
2080 5803 2107 5854 ln
2135 5797 2247 5864 umbra,
2269 5801 2391 5854 videlieet
2414 5805 2483 5854 tene·

1522 5889 1617 5944 brosas
1633 5891 1821 5956 conscientiam
1844 5891 1869 5944 iu
1887 5889 2007 5956 colurno,
2032 5889 2078 5958 qui
2098 5891 2160 5944 toris
2175 5887 2288 5956 nitidus,
2301 5889 2370 5942 intus
2382 5896 2421 5942 est
2436 5905 2481 5944 va·

1523 5995 1605 6044 etius,
1626 5977 1814 6046 simulatrices;
1844 5981 1868 6032 in
1898 5975 1963 6034 loris
1986 5977 2171 6044 hume-atibus,
2199 5977 2309 6032 lascivas
2338 5977 2482 6046 mollesque

1523 6073 1623 6122 mentes
1642 6067 1785 6122 insinuans.

1595 6155 1617 6186 ¹¹
1635 6157 1760 6224 Vulgata,
1784 6171 1865 6226 qaam
1883 6157 1906 6208 H
1924 6161 1949 6208 et
1969 6157 2027 6210 Vat.
2047 6163 2206 6224 sequuntur,
2225 6153 2302 6208 unde.
2315 6181 2352 6194 -·
2364 6153 2482 6208 Subinde

1523 6245 1650 6310 allegatur
1670 6243 1725 6298 lsai.
1745 6241 1794 6312 37,
1811 6245 1865 6296 at:
1883 6243 1917 6296 lu
1933 6241 1992 6310 eiu,
2012 6257 2067 6312 qua
2087 6243 2170 6310 uenit,
2180 6257 2232 6312 per
2243 6253 2304 6296 eam
2323 6243 2481 6294 revertetur.

1523 6335 1572 6386 Pro
1592 6331 1774 6388 Senrmaherib
1795 6331 1839 6400 (lta
1858 6331 1906 6400 A),
1925 6333 1997 6400 quod
2028 6335 2048 6386 D
2075 6333 2182 6398 omittit,
2208 6331 2227 6386 C
2254 6333 2382 6394 satanas,
2402 6331 2423 6382 G
2440 6343 2483 6386 sa·

1526 6427 1621 6490 tunae,
1640 6423 1698 6478 Vat
1720 6413 1854 6488 legittera
1870 6421 2060 6492 Assyriorum,
2084 6421 2112 6476 id
2129 6425 2169 6476 est
2184 6425 2307 6476 satanas.

1595 6509 1618 6542 ¹²
1637 6513 1713 6566 Vens.
1733 6511 1829 6564 344..
1849 6511 1971 6578 Sequitur
1988 6513 2063 6566 Prae.
2084 6511 2114 6574 5,
2135 6511 2160 6562 9.
2177 6523 2233 6578 seq.

1595 6597 1618 6632 ²³
1635 6601 1731 6656 Psalm.
1748 6601 1799 6666 76,
1816 6599 1909 6664 7,abi
1928 6613 1988 6652 eum
2001 6601 2114 6664 Vulgata
2127 6597 2256 6652 babemus
2274 6597 2481 6666 Euereitabaru,

1524 6691 1583 6742 Vat.
1597 6689 1769 6756 Eaer·eebar,·
1789 6691 1914 6754 August,
1933 6691 2049 6754 Enarrat.
2063 6689 2091 6740 in
2103 6689 2143 6740 Pa.
2163 6687 2206 6740 rt.
2225 6703 2251 6742 n.
2272 6689 2295 6742 D.
2315 6689 2395 6756 legit:
2415 6689 2482 6744 Gur·

1523 6775 1626 6832 rielram
1644 6781 1671 6832 et
1686 6769 1832 6832 scrutabar
1852 6775 1980 6844 spiritum
1997 6789 2097 6830 meam.
2114 6803 2151 6814 -
2168 6775 2287 6832 Subinde
2301 6779 2427 6844 allegatur
2438 6777 2482 6832 Ps.

1525 6865 1572 6928 ll,
1594 6865 1635 6930 ll,
1655 6867 1680 6918 in
1699 6879 1753 6932 quo
1773 6879 1821 6930 pro
1841 6865 1914 6930 repis
1931 6863 2042 6916 durat
2060 6863 2125 6918 eius.
