5900 8266
599 675 663 742 912

599 847 655 934 qui
676 865 738 916 non
762 849 901 916 crederis
923 849 955 916 in
979 851 1098 918 virtute
1112 855 1398 918 consummatus».
1414 851 1555 920 Ostendit

598 959 704 1020 autem
727 955 870 1022 affectum
896 955 1105 1042 egredientem
1130 957 1171 1022 ab
1186 955 1273 1042 ipso,
1289 955 1464 1024 secundum
1478 955 1555 1024 illud

598 1059 681 1144 quod
706 1077 802 1144 supra
825 1067 916 1126 sexto
938 1061 1074 1138 dicitur,
1097 1061 1182 1146 quod
1210 1061 1344 1128 «virtus
1364 1061 1404 1128 de
1418 1049 1555 1130 itto‘ext-

598 1166 651 1234 bal
673 1173 705 1234 et
728 1165 855 1234 sanabat
878 1185 987 1234 omnes
1004 1195 1034 1234 ».
1058 1167 1119 1234 Nec
1145 1167 1280 1246 miram,
1310 1153 1415 1252 quia,
1435 1169 1554 1254 primae

597 1273 636 1338 ad
659 1271 836 1340 Corinthios
857 1273 961 1356 primo
974 1274 1003 1352 1,
1026 1297 1041 1330 e
1057 1273 1218 1340 Christum
1234 1273 1367 1340 dicimus
1383 1273 1438 1340 Dei
1454 1273 1555 1342 tirta-

550 1423 551 1428 ,
598 1383 660 1444 tem
683 1385 715 1446 et
736 1377 790 1444 Dei
816 1377 997 1462 sapientiam
1014 1403 1045 1456 »3
1070 1375 1108 1444 ad
1134 1377 1287 1444 Hebraeos
1303 1377 1426 1462 primo:
1450 1379 1554 1444 leo:-

597 1489 666 1552 tans
689 1483 792 1550 omnia
816 1483 912 1550 verbo
936 1483 1064 1550 virtutis
1088 1501 1164 1550 suae
1179 1507 1211 1548 ».

685 1591 737 1654 84.
764 1589 864 1672 (Vers
890 1587 966 1672 ii).
999 1589 1142 1656 Secundo
1167 1607 1244 1656 reto
1267 1587 1450 1672 adiungitur
1470 1589 1555 1654 dete-

432 1711 466 1758 na
478 1711 581 1758 stanneo.
596 1695 659 1762 etio
681 1693 834 1762 caritatis
854 1689 1074 1780 deprehensae
1088 1711 1146 1778 per
1161 1693 1295 1760 alienam
1319 1693 1554 1774 confessionem,

596 1819 668 1870 cum
693 1801 827 1868 dicitur:
849 1801 966 1866 Videns
989 1807 1101 1866 antem
1124 1799 1257 1880 mulier,
1273 1799 1353 1888 qnia
1370 1819 1437 1866 non
1457 1799 1555 1880 latuit

595 1927 669 1974 enin
683 1909 719 1984 2,-
743 1905 827 1972 aude
848 1911 970 1990 poterat
994 1905 1098 1972 dicere
1121 1905 1200 1972 iliad
1221 1905 1365 1978 mulieris
1388 1905 1555 1972 Samarita-

595 2031 670 2094 nae,
698 2011 818 2080 ioannis
839 2017 975 2096 quarto:
1007 2009 1187 2092 «Domine,
1209 2017 1248 2078 ut
1270 2011 1376 2090 video,
1399 2011 1555 2098 Propheta

595 2137 630 2188 es
652 2125 689 2186 tu
705 2147 734 2184 a.
760 2119 888 2200 Propter
911 2117 996 2200 quod
1027 2125 1059 2184 et
1089 2119 1157 2202 ipsa
1190 2125 1312 2202 poterat
1340 2117 1444 2186 simile
1466 2117 1554 2184 testi-

594 2227 735 2292 monium
759 2239 831 2290 cum
854 2223 907 2290 illa
928 2223 1096 2308 perhibere
1119 2229 1150 2290 et
1173 2223 1242 2290 ideo
1265 2223 1389 2290 dicere:
1412 2221 1554 2290 «Venite

595 2339 627 2398 et
649 2329 752 2398 videte
773 2329 951 2408 hominem,
977 2329 1031 2416 qui
1049 2329 1221 2396 dixitmihi
1239 2329 1359 2410 anania,
1383 2347 1553 2414 quaecam-

579 2455 657 2524 que
681 2437 737 2504 ieci
754 2463 784 2500 a.
811 2437 870 2502 iste
892 2453 966 2502 vere
996 2443 1063 2504 erat
1092 2437 1173 2504 alter
1203 2437 1366 2514 Salomon,
1388 2435 1485 2502 immo
1505 2453 1554 2502 sa-

594 2543 729 2626 pientior
758 2559 812 2620 eo,
839 2541 879 2606 de
911 2559 975 2626 quo
998 2541 1113 2608 dicitur
1136 2541 1219 2608 tertii
1246 2543 1362 2626 Regum
1385 2541 1553 2608 decim03:

599 2675 616 2706 u
632 2649 698 2714 Non
720 2647 780 2712 fait
805 2663 932 2724 sermo,
960 2647 1014 2732 qui
1048 2665 1152 2732 regem
1178 2655 1280 2732 posset
1304 2647 1400 2714 latere
1416 2673 1446 2728 »3
1480 2647 1555 2734 quia

593 2755 660 2838 ipse
684 2753 803 2832 est,-de
818 2769 882 2836 quo
897 2751 1034 2820 Danielis
1055 2753 1212 2820 secundo:
1243 2779 1257 2812 a
1274 2755 1341 2840 Ipse
1358 2755 1443 2822 novit
1457 2755 1491 2822 in
1507 2761 1554 2820 te-

594 2859 700 2926 nebris
725 2857 910 2936 constituta,
935 2865 965 2926 et
990 2861 1047 2926 lux
1070 2879 1143 2926 cum
1169 2879 1204 2928 eo
1229 2869 1275 2928 est
1293 2889 1321 2926 ».
1347 2863 1384 2926 Et
1399 2861 1474 2948 quia
1491 2861 1552 2926 iam

595 2971 782 3052 cognoverat
806 2965 976 3050 potentiam
1000 2965 1032 3033 in
1056 2967 1170 3034 effecta
1193 2975 1225 3034 et
1249 2969 1432 3054 sapientiam
1455 2965 1553 3054 perci·

594 3073 697 3160 piabat
722 3073 751 3136 in
785 3089 945 3150 sermone,
979 3073 1047 3140 ideo
1077 3073 1274 3154 attendebat,
1305 3091 1339 3140 se
1367 3093 1431 3140 uon
1461 3089 1553 3158 posse

595 3181 741 3264 effugere.
760 3217 801 3226 -
817 3179 855 3245 tt
876 3185 1044 3264 propterea
1067 3179 1232 3244 subditur:
1257 3179 1323 3246 Et4
1347 3187 1486 3246 tremens
1500 3197 1552 3244 ne-

594 3285 643 3352 044
666 3293 693 3350 et
713 3283 859 3370 procidit
889 3285 935 3350 ad
962 3285 1059 3370 pedes
1091 3285 1181 3364 eins,
1214 3285 1250 3352 ad
1286 3284 1551 3352 honorificandam

594 3391 804 3468 Maiestatem;
829 3389 984 3456 Michaeae
1007 3397 1119 3456 sexto:
1142 3391 1254 3474 «Quid
1271 3391 1401 3476 dignum
1424 3391 1551 3480 offeram

595 3497 751 3562 dominat
776 3495 920 3563 Curvaho
941 3515 1025 3580 genu
1050 3499 1115 3562 Deo
1138 3499 1264 3564 excelso
1283 3525 1310 3562 a.
1337 3499 1371 3562 at
1397 3499 1455 3562 hoc
1479 3515 1550 3562 cum

596 3613 744 3682 crantore,
758 3603 832 3688 quia
845 3601 926 3670 solos
938 3603 1016 3670 tales
1029 3603 1157 3688 respicit
1172 3603 1270 3684 Deus;
1288 3601 1381 3670 isaiae
1398 3603 1507 3670 ultimo
1521 3603 1550 3670 ⁵:

601 3735 616 3766 a
632 3709 675 3774 Ad
698 3727 793 3796 quem
826 3709 989 3794 respiciam
1023 3709 1080 3776 nisi
1112 3709 1157 3776 ad
1175 3709 1405 3794 pauperculum
1427 3719 1459 3778 et
1489 3717 1552 3776 tre-

594 3819 729 3880 mentem
751 3831 914 3880 sermones
937 3823 1074 3882 measa?
1106 3817 1142 3880 tt
1172 3815 1241 3882 ideo
1271 3815 1309 3882 ad
1341 3816 1551 3902 Philippenses

596 3919 749 3988 secundo:
780 3921 888 3986 «Cum
920 3925 1007 3988 taeta
1032 3925 1062 3988 et
1087 3929 1224 3988 tremore
1254 3927 1392 3988 uestram
1418 3923 1551 3990 salutem

596 4025 785 4110 operamini,
814 4027 890 4110 quia
913 4027 996 4094 Deus
1025 4033 1175 4110 operatur
1199 4027 1230 4091 in
1255 4027 1344 4092 vobis
1365 4031 1398 4092 et
1418 4027 1499 4094 uelle
1523 4034 1552 4095 et

596 4133 746 4218 perlicere
763 4151 821 4216 pro
838 4133 917 4198 hona
933 4133 1095 4200 voluntate
1109 4159 1141 4198 a.
1158 4171 1200 4180 -
1218 4133 1253 4198 Et
1270 4133 1344 4216 quia
1360 4133 1437 4198 nihil
1457 4135 1552 4218 magis

546 4277 547 4280 =
596 4245 714 4324 spectat
736 4239 776 4304 ad
798 4241 951 4306 honorem
975 4239 1143 4306 Maiestatis
1165 4257 1260 4324 quam
1277 4239 1483 4307 manifestatio
1502 4261 1551 4308 re-

595 4345 713 4422 citatis,
736 4345 804 4410 ideo
830 4345 996 4412 subditur:
1031 4347 1071 4412 at
1093 4345 1131 4410 ob
1155 4365 1258 4432 qnam
1280 4363 1420 4414 calisam
1446 4347 1551 4432 tetige-

595 4449 642 4516 rit
670 4469 765 4528 eam,
796 4449 961 4516 indicauit
990 4457 1106 4516 coram
1139 4453 1229 4518 amni
1256 4451 1398 4540 papale,
1435 4453 1552 4520 scilicet

594 4557 755 4644 qttomado
777 4553 951 4642 confestim
973 4567 1098 4624 sanata
1122 4559 1213 4636 esti:
1236 4559 1329 4644 quia,
1344 4555 1459 4626 Tobiae
1474 4559 1552 4624 duo

525 4717 528 4722 .
593 4663 729 4742 decimo,
761 4681 888 4750 «opera
912 4663 975 4728 Dei·
1001 4661 1141 4732 revelare
1168 4671 1200 4732 et
1229 4663 1371 4732 confiteri
1402 4663 1553 4732 honoris·

594 4785 666 4834 curn
702 4773 749 4834 est
766 4795 793 4834 ».
833 4767 867 4834 at
901 4767 970 4834 ideo
1005 4767 1128 4834 dicebat
1160 4769 1317 4854 Angelus:
1346 4793 1362 4826 «
1379 4767 1553 4862 Benedicite

593 4877 694 4942 Deum
716 4875 792 4942 caeli
818 4883 847 4942 et
872 4893 977 4942 corant
1001 4873 1147 4942 omnibus
1169 4873 1346 4942 virentibus
1362 4875 1551 4942 confitemini

593 4981 639 5060 ei,
662 4981 736 5064 quia
761 4981 831 5048 iecit
855 4979 1017 5046 vobiscum
1043 4981 1288 5046 misericordiam
1314 4995 1401 5044 suam
1415 5005 1451 5044 4).

646 5153 647 5158 ,
683 5087 734 5152 85.
763 5087 863 5170 [Vens.
895 5085 972 5166 48).
1007 5085 1112 5152 Tertio
1141 5083 1323 5170 adiungitur
1354 5083 1552 5168 approbatio

456 5217 573 5262 aalma.
591 5191 743 5258 ueritatis
772 5191 912 5268 detectae
937 5207 993 5272 per
1016 5191 1209 5256 definitivam
1232 5189 1551 5268 commendationem,

593 5315 663 5364 cum
691 5297 860 5364 subditur:
886 5299 930 5362 At
952 5295 1021 5380 ipse
1045 5295 1132 5362 atad
1154 5295 1205 5362 illi
1216 5295 1251 5362 ⁷:
1268 5293 1377 5374 Filia,
1393 5293 1475 5380 naas
1493 5303 1552 5362 tna

663 5591 672 5622 ¹
693 5593 768 5646 Vers.
787 5593 834 5658 24,
855 5597 1014 5660 postquem
1034 5591 1115 5646 Hebr.
1135 5593 1159 5656 4,
1178 5593 1202 5644 3.

662 5677 673 5710 ²
692 5681 727 5734 lta
746 5681 874 5744 acbtt,
893 5683 929 5734 ita
946 5681 1024 5734 etiam
1046 5683 1072 5734 B.
1091 5681 1188 5734 Albert.
1200 5689 1227 5734 et
1238 5683 1264 5734 S.
1274 5683 1369 5736 Thom.
1390 5683 1456 5750 (Cat.
1469 5695 1549 5736 aurea

592 5769 619 5822 in
637 5771 699 5822 Luc.
719 5783 743 5820 c.
762 5771 788 5822 8.
810 5783 835 5822 n.
854 5767 906 5836 7.);
928 5769 1038 5834 Vulgata
1057 5769 1151 5822 omittit
1169 5785 1239 5824 eum.
1256 5797 1293 5810 -
1310 5771 1461 5836 Sequuntur
1480 5773 1549 5824 ioan.

592 5857 624 5920 4,
642 5857 686 5910 to.
704 5863 730 5910 et
749 5857 792 5910 29.
805 5885 839 5898 -
854 5857 961 5910 interius
980 5871 1028 5922 pro
1048 5861 1072 5912 et
1090 5857 1149 5926 ipsa
1169 5859 1188 5910 Α
1208 5861 1233 5912 et
1250 5857 1311 5924 isia,
1327 5862 1354 5910 et
1365 5857 1479 5913 subinde
1496 5857 1548 5914 CD

591 5947 713 6000 omittunt
731 5943 829 6012 simile,
853 5959 901 6010 pro
921 5959 975 6012 quo
994 5947 1012 5998 0
1033 5945 1167 6000 similiter.

662 6035 674 6070 ³
691 6033 765 6086 Vers.
785 6035 815 6100 3,
843 6033 885 6088 cai
911 6031 1080 6100 subiungitur
1099 6035 1163 6086 Dea.
1182 6035 1214 6096 ⁸2,
1234 6037 1276 6086 02.
1296 6035 1386 6088 Glossa
1404 6031 1548 6088 ordinaria

593 6123 632 6190 ier
651 6123 733 6192 Beda)
752 6123 779 6174 in
798 6125 860 6176 Luc.
880 6125 911 6188 8,
930 6123 981 6176 ta:
1001 6125 1057 6176 Nou
1079 6125 1139 6178 latet
1167 6121 1330 6190 quicumque
1358 6121 1453 6190 tangit,
1479 6125 1548 6176 Deus

591 6227 641 6264 non
662 6211 762 6278 indiget
780 6213 889 6266 oculis...
902 6213 949 6266 sed
964 6211 989 6264 in
1001 6225 1030 6264 se
1043 6211 1122 6266 habet
1133 6211 1310 6278 cognitionem
1322 6213 1451 6266 omnium.
1464 6213 1546 6266 Etiam

590 6301 687 6364 virtus,
706 6313 775 6368 quae
793 6301 849 6370 [Ps.
868 6301 934 6364 400,
953 6300 993 6369 3.]
1014 6301 1183 6368 propitiatur
1211 6297 1335 6354 omnibns
1361 6299 1547 6370 iniquitatibus

591 6391 714 6442 nostris...
734 6389 943 6454 concumbis,
963 6389 1009 6442 sed
1029 6403 1059 6442 ex
1079 6391 1131 6442 Deo
1152 6389 1210 6442 erit.

661 6475 672 6504 ⁴
691 6477 816 6544 Vulgata,
845 6491 925 6544 quam
949 6477 1135 6544 sequunturii
1157 6481 1181 6530 et
1199 6477 1274 6538 Vat,
1292 6475 1387 6530 omittit
1405 6477 1453 6542 at,
1477 6491 1546 6544 qaae

590 6565 669 6618 etiam
687 6565 801 6618 subinde
819 6565 954 6618 substituit
965 6565 1028 6618 anie
1041 6563 1122 6634 pedes
1142 6577 1190 6632 pro
1210 6561 1246 6618 ad
1259 6561 1350 6634 pedes.
1368 6593 1404 6604 —
1422 6565 1547 6632 sequitur

590 6655 666 6724 Mich.
683 6655 714 6722 6,
734 6655 758 6706 6.
777 6683 813 6694 -
831 6653 949 6708 Vocibus
968 6651 1203 6724 honorificandum
1221 6651 1389 6710 Maiestatem
1409 6655 1465 6706 Vat.
1484 6667 1545 6706 cum

590 6745 611 6796 G
629 6745 759 6796 interserit
778 6741 848 6808 aas,
866 6745 890 6796 H
909 6739 1038 6796 diocliam.

660 6829 766 6884 ⁵VerS.
788 6833 819 6894 2,
839 6839 898 6898 post
916 6845 996 6898 quem
1016 6829 1080 6884 Phil.
1100 6833 1131 6894 0,
1151 6831 1193 6884 tu.
1212 6843 1269 6898 seq.

659 6915 753 6972 θ000.
773 6919 794 6970 H
813 6925 840 6972 et
866 6919 924 6974 Vat.
953 6933 1013 6972 cum
1041 6919 1155 6984 Vulgata
1172 6923 1198 6974 et
1216 6919 1443 6986 quenadmodum
1462 6921 1546 6990 conse-

589 7005 652 7060 stim
669 7009 769 7060 sanata
786 7005 829 7060 sit.
849 7035 884 7046 -
904 7003 1022 7060 Subinde
1040 7009 1184 7072 allegantur
1203 7005 1271 7062 Tob.
1291 7011 1338 7074 40,
1357 7009 1382 7062 7.
1401 7011 1426 7060 et
1446 7009 1470 7060 6.

1184 675 1377 744 COMMENT.
1404 677 1438 742 IN
1463 675 1702 746 nvaacattatt
1726 677 1844 746 thena
1866 677 1900 744 C.
1922 677 1995 744 Vlll.

1620 859 1650 920 te
1670 853 1801 918 saluam
1825 851 1920 940 fecit,
1945 853 2034 940 quasi
2057 851 2160 920 dicat:
2185 855 2267 922 iuste
2281 855 2340 922 hoc
2356 861 2500 922 assecuta
2522 873 2574 934 ea,

1619 959 1695 1044 quia
1718 957 1897 1038 credidisti;
1919 957 2012 1044 quasi
2033 957 2134 1024 dicat:
2150 961 2226 1026 tides
2242 961 2315 1026 iecit
2338 967 2369 1028 te
2391 959 2510 1044 iiiam,
2526 979 2574 1028 se-

1618 1065 1758 1132 cundum
1781 1063 1857 1132 illud
1882 1063 2004 1132 Ioannis
2025 1063 2148 1150 primo:
2176 1093 2193 1124 «ε
2208 1065 2298 1132 Dedit
2322 1065 2367 1132 eis
2390 1073 2573 1150 potestatem

1618 1171 1700 1238 iihos
1721 1171 1776 1238 Dei
1799 1171 1889 1250 fieri,
1919 1171 1969 1238 his
2000 1171 2054 1256 qui
2087 1170 2219 1238 credant
2250 1171 2280 1236 in
2310 1171 2436 1236 nomine
2457 1171 2572 1238 eius».

1617 1277 1707 1342 Fides
1728 1275 1822 1342 etiam
1845 1273 1917 1342 iecit
1940 1273 2082 1354 saluam,
2099 1275 2193 1360 quia,
2213 1273 2254 1342 ad
2270 1277 2423 1340 Romanos
2438 1273 2573 1356 decimo,

1624 1407 1641 1440 a
1654 1379 1773 1460 omnis,
1797 1381 1992 1464 quicumque
2016 1381 2207 1448 invocaverit
2225 1397 2339 1446 nomen
2355 1379 2497 1458 Domini,
2513 1379 2574 1446 sal-

1618 1505 1677 1552 uus
1700 1485 1762 1552 erit
1775 1513 1806 1550 a.
1832 1485 1916 1554 Unde
1942 1485 1971 1552 in
1996 1487 2056 1552 hoc
2072 1491 2202 1570 apparet
2216 1485 2298 1556 mira
2314 1483 2502 1570 dispensatio
2517 1503 2574 1550 no·
2587 1501 2739 1568 tirannica.

1618 1599 1702 1658 strae
1722 1591 1861 1672 salutis,
1889 1591 1963 1677 quia
1993 1591 2115 1658 mulien
2142 1599 2268 1658 sanata
2297 1597 2397 1658 totum
2429 1589 2574 1658 attribuit
2629 1561 2691 1602 Μ’

1617 1695 1750 1764 divinae
1771 1695 1908 1776 uirtuti,
1934 1699 2106 1768 secundum
2129 1697 2205 1764 titud
2221 1696 2259 1764 ad
2277 1695 2430 1764 Romanos
2444 1695 2571 1764 uono⁸:

1623 1831 1639 1864 a
1653 1805 1720 1870 Non
1751 1809 1798 1870 est
1829 1803 1960 1870 volentis
1984 1821 2085 1890 aeque
2118 1805 2291 1882 currentis,
2322 1803 2378 1870 sed
2400 1801 2455 1870 Dei
2480 1802 2572 1872 mise-

1618 1907 1714 1974 rentis
1731 1933 1762 1986 »3
1789 1909 1877 1974 Dens
1898 1909 2037 1976 salvans
2061 1915 2160 1976 totum
2184 1909 2328 1976 attribuit
2344 1911 2459 1976 merito
2474 1909 2570 1996 fidei,

1618 2013 1698 2080 sicut
1712 2015 1829 2082 dicitur
1844 2013 1939 2080 Marci
1955 2033 2056 2080 nono:
2081 2037 2097 2072 a
2115 2015 2143 2080 Si
2161 2015 2290 2100 potestis
2306 2013 2450 2092 credere,
2467 2017 2571 2084 omnia

1617 2119 1773 2206 possibilia
1786 2127 1860 2188 sunt
1872 2119 2007 2188 credenti
2022 2147 2054 2188 a,
2064 2157 2106 2170 ·-
2117 2121 2151 2188 Et
2163 2119 2310 2206 quoniam
2323 2119 2356 2186 in
2368 2119 2571 2206 acquisitione
2591 2137 2622 2180 Dc
2636 2137 2692 2202 tono

1616 2225 1725 2292 salutis
1748 2245 1805 2310 per
1827 2243 2022 2310 consequens
2045 2227 2079 2292 ht
2103 2227 2265 2310 acquisitio
2287 2227 2392 2314 pacis,
2414 2225 2484 2294 ideo
2498 2227 2572 2296 sub·
2607 2201 2675 2244 pm

1616 2331 1719 2400 ditur:
1752 2333 1837 2398 Vade
1865 2333 1900 2398 in
1928 2353 2029 2418 pace,
2062 2341 2208 2418 tanquam
2234 2333 2290 2400 Dei
2312 2333 2412 2400 amica
2434 2339 2466 2400 et
2488 2333 2571 2416 lilia3

1617 2437 1791 2522 Sapientiae
1814 2439 1907 2506 tertio
1921 2439 1953 2506 ⁹:
1984 2443 2137 2506 «Donum
2159 2446 2188 2507 et
2206 2459 2268 2524 pax
2285 2447 2331 2506 est
2348 2439 2453 2508 electis
2469 2439 2523 2508 Dei
2541 2469 2570 2508 a,
2653 2477 2655 2480 -

1617 2545 1680 2610 Pax
1703 2551 1751 2612 est
1773 2545 1852 2612 illud
1874 2545 1958 2632 quod
1975 2529 2134 2614 Dominis
2159 2549 2303 2614 omnibus
2318 2557 2412 2632 optat
2425 2553 2457 2614 ei
2472 2549 2571 2632 optari

1616 2647 1758 2728 mandat,
1784 2651 1955 2716 secuudum
1987 2651 2064 2720 illud
2094 2651 2174 2718 inira
2195 2653 2337 2718 decimo:
2366 2653 2429 2718 «ln
2462 2671 2572 2738 quam-

1616 2773 1753 2842 cumque
1770 2755 1899 2824 domum
1913 2757 2121 2836 intraveritis,
2135 2757 2275 2840 primum
2291 2757 2400 2824 dicite:
2417 2759 2480 2824 Pax
2497 2761 2572 2828 huic

1615 2863 1721 2928 domui
1739 2889 1768 2926 a.
1794 2863 1855 2928 Hoc
1877 2871 1942 2940 est,
1967 2861 2051 2946 qaod
2072 2879 2146 2944 prae
2162 2863 2230 2928 aliis
2245 2863 2365 2940 (tonan
2382 2863 2503 2930 loannis
2519 2863 2571 2932 de-

1616 2967 1697 3034 cimo
1715 2973 1827 3052 quarto
1844 2967 1885 3032 ¹⁰:
1910 2995 1925 3026 «
1937 2967 2046 3034 Pacem
2062 2967 2207 3052 relinquo
2223 2967 2330 3046 robis,
2346 2985 2454 3054 pacem
2471 2987 2571 3036 meam

1615 3071 1656 3138 do
1678 3073 1766 3138 vobis
1783 3097 1811 3150 »;
1839 3073 1897 3138 hoc
1920 3079 1981 3152 est,
2003 3071 2044 3138 ad
2066 3071 2152 3156 quad
2174 3073 2350 3156 specialiter
2365 3081 2480 3154 cacan·
2495 3075 2571 3142 Mat-

1616 3177 1698 3244 thaei
1724 3175 1908 3244 undecimo:
1936 3177 2079 3244 «Tollite
2102 3177 2210 3262 iugum
2235 3195 2342 3244 meam
2370 3195 2468 3264 super
2498 3197 2571 3262 ros,

1615 3289 1647 3350 et
1677 3283 1840 3350 invenietis
1869 3285 2012 3370 requiem
2030 3307 2058 3364 »ς
2093 3291 2122 3352 et
2155 3283 2276 3352 loannis
2305 3285 2426 3352 decimo
2459 3291 2571 3352 sexto:

1619 3415 1635 3448 a
1652 3389 1731 3456 Haec
1753 3389 1877 3454 locutus
1903 3407 1972 3454 sum
1996 3387 2102 3466 vobis,
2125 3395 2161 3454 at
2181 3389 2213 3454 in
2229 3407 2280 3454 me
2297 3407 2404 3474 pacem
2420 3391 2571 3458 habeatis.

1614 3495 1647 3562 ln
1671 3495 1789 3562 mando
1822 3511 2000 3580 pressuram
2034 3493 2204 3574 habebitis,
2235 3493 2289 3562 sed
2321 3495 2481 3574 confidite,
2515 3513 2572 3580 ego

1614 3601 1673 3670 vici
1690 3603 1845 3668 mundum
1859 3627 1892 3668 ».
1910 3603 1954 3668 De
1970 3601 2028 3668 hac
2042 3601 2082 3666 ad
2098 3601 2310 3686 Philippenses
2325 3609 2456 3686 quarto:
2478 3627 2494 3658 a
2508 3603 2572 3670 Pau

1614 3709 1687 3788 Dei,
1713 3727 1792 3792 quae
1817 3715 1987 3792 exsuperat
2005 3725 2128 3774 ornnem
2145 3725 2289 3786 sensum,
2306 3707 2461 3772 custodiat
2477 3708 2572 3775 corda

1613 3823 1720 3884 vestra
1742 3821 1774 3880 ei
1795 3813 2015 3900 intelligentias
2038 3823 2157 3882 vestras
2173 3815 2204 3880 io
2225 3815 2349 3880 Christo
2375 3814 2442 3880 iesu
2459 3841 2490 3892 a,
2515 3815 2572 3880 Do

1614 3921 1701 3988 mino
1724 3937 1802 3988 meo.
2472 4003 2476 4006 -

1704 4027 1756 4092 86.
1781 4027 1818 4092 at
1839 4033 1929 4106 nota,
1955 4025 2037 4110 quod
2063 4027 2156 4092 trium
2181 4027 2348 4092 mulierum
2367 4027 2518 4092 Dominus
2534 4025 2572 4092 fi·
2589 4039 2735 4132 Ftdggtrtum

1614 4133 1685 4216 dem
1715 4133 1927 4212 commendat,
1958 4151 2037 4218 quas
2069 4135 2200 4200 exaudit
2221 4139 2254 4200 et
2276 4133 2384 4198 saltat.
2408 4131 2571 4200 Comtnen-
2597 4103 2730 4242 30ιὲἷῖἅῖ-

1614 4238 1700 4306 davit
1722 4225 1932 4324 Magdaleuam
1949 4257 2044 4324 supra
2069 4241 2199 4324 septimo
2213 4241 2257 4318 11,
2280 4237 2388 4306 dicens
2409 4239 2571 4308 consimile
2663 4211 2682 4242 τ’

1616 4343 1767 4410 verbum:
1796 4369 1812 4402 a
1828 4345 1914 4410 Fides
1940 4351 1993 4410 tua
2016 4351 2046 4410 te
2071 4345 2187 4412 salvam
2202 4345 2275 4412 iecit
2289 4367 2322 4422 »3
2342 4351 2374 4408 et
2392 4345 2470 4410 hanc
2487 4361 2570 4408 com-

1615 4451 1740 4516 mendat
1764 4451 1816 4516 hic
1828 4475 1835 4530 ;
1853 4459 1885 4518 et
1905 4447 2069 4518 mulierem
2092 4451 2325 4528 chananaeam,
2349 4451 2496 4518 Matthaei
2516 4451 2571 4518 de-

1616 4557 1698 4624 cimo
1727 4557 1855 4642 quinto,
1888 4557 1938 4624 cni
1969 4557 2072 4624 dixit:
2102 4583 2118 4616 «
2133 4555 2264 4636 Mulier,
2288 4573 2400 4640 magua
2425 4561 2471 4622 est
2495 4555 2571 4626 tides

1615 4668 1670 4727 tua
1686 4687 1715 4726 ».
1741 4699 1784 4708 -
1809 4661 1839 4726 in
1866 4661 1913 4726 his
1942 4661 2045 4728 tribus
2067 4661 2253 4728 mulieribus
2276 4665 2340 4726 tres
2365 4661 2571 4746 poenitentiae
2595 4671 2736 4726 tulissimi-

1615 4773 1719 4852 partes
1743 4765 1965 4852 spiritu-aliter
1989 4767 2215 4852 intelligantur.
2241 4769 2315 4834 Nam
2338 4767 2457 4852 prima,
2490 4725 2736 4876 quasiiigssiilliiil

1615 4873 1702 4942 flevit
1717 4879 1749 4938 et
1764 4873 1910 4956 lacrymis
1928 4873 2050 4960 rigavit,
2065 4875 2118 4942 dat
2132 4875 2306 4960 intelligere
2321 4873 2569 4954 contritionem:
2595 4909 2596 4912 ¹
2627 4863 2632 4876 '

1616 4981 1815 5068 chananaea,
1838 4995 1920 5062 quae
1943 4979 2106 5056 clamarit,
2122 4981 2176 5044 dat
2197 4979 2371 5064 intelligere
2393 4979 2568 5066 confessio-

1615 5101 1707 5158 nean·
1732 5083 1809 5150 haec
1830 5091 1953 5160 autem,
1979 5101 2060 5168 quae
2076 5083 2178 5168 tetigit
2198 5083 2437 5162 uestimentum
2453 5085 2506 5153 dat
2523 5087 2569 5152 ia-

1617 5187 1755 5272 telligere
1777 5185 2048 5274 satisfactionem.
2071 5187 2317 5272 ba‘Magdatana
2342 5189 2456 5272 legitur
2473 5209 2568 5276 supra

1616 5293 1747 5380 septimo
1760 5295 1805 5370 12,
1828 5293 1912 5378 quod
1940 5299 2058 5362 «stans
2080 5301 2168 5362 retro
2189 5311 2281 5362 secas
2308 5295 2403 5380 pedes
2426 5297 2567 5380 Doutini,

1683 5587 1692 5620 l
1713 5593 1749 5644 lta
1767 5593 1846 5644 etiam
1865 5591 1947 5656 Beda,
1967 5589 2044 5644 Carti.
2062 5593 2155 5656 Mago,
2173 5591 2201 5642 Β.
2215 5589 2326 5652 albert,
2341 5593 2364 5642 S.
2386 5591 2481 5644 Thom.
2501 5591 2568 5660 (Cat.

1613 5695 1690 5734 aurea
1711 5679 1738 5732 in
1756 5683 1818 5732 Luc.
1839 5695 1863 5732 c.
1880 5679 1905 5732 8.
1924 5693 1951 5730 n.
1970 5677 2007 5746 7.)
2030 5683 2055 5732 et
2071 5679 2190 5744 Lytanus
2201 5699 2208 5742 ς
2233 5677 2343 5742 Vulgata
2363 5683 2388 5730 et
2409 5681 2466 5732 Vat.
2483 5679 2514 5734 et'.
2534 5711 2569 5722 -

1615 5771 1671 5822 Duo
1688 5781 1763 5836 seqq.
1783 5767 1831 5820 ioci
1852 5773 1912 5820 sunt
1929 5769 1997 5820 ioan.
2018 5769 2043 5830 4,
2062 5769 2105 5820 li.
2123 5773 2151 5820 et
2168 5767 2244 5820 Rom.
2265 5769 2313 5830 to,
2332 5767 2340 5816 4
2347 5767 2371 5818 3.
2383 5795 2419 5806 -
2432 5769 2517 5836 Beda,
2531 5773 2568 5824 lli.

1612 5857 1637 5910 in
1656 5859 1719 5910 Luc.
1737 5857 1765 5918 8,
1787 5855 1838 5908 48:
1857 5845 1922 5908 ideo
1934 5855 2012 5926 filia,
2027 5857 2088 5924 quia
2105 5855 2172 5926 fides
2190 5859 2238 5910 tna
2257 5859 2283 5908 te
2298 5855 2406 5908 salbam
2423 5855 2491 5926 fecit.
2516 5859 2568 5912 Nec

1612 5947 1690 5998 dixit:
1711 5943 1778 5996 tides
1795 5947 1840 5996 tua
1859 5951 1883 5996 te
1902 5943 2001 5996 salvam
2022 5947 2118 5996 tactura
2138 5949 2190 6010 est,
2211 5941 2382 5998 sedecinum
2400 5943 2470 6012 fecit.
2488 5947 2517 5998 ln
2536 5961 2567 6000 ea

1611 6033 1695 6094 enim,
1715 6031 1787 6098 quod
1805 6031 1953 6096 credidisti,
1973 6031 2025 6084 iam
2043 6033 2113 6084 salva
2134 6033 2199 6084 iacta
2219 6047 2256 6086 es,

1681 6115 1692 6148 ⁸
1712 6121 1788 6174 Vers.
1808 6123 1851 6174 46.
1868 6151 1904 6160 -
1922 6121 2045 6190 Sequitur
2064 6121 2141 6174 Marc.
2160 6123 2191 6184 9,
2212 6125 2263 6174 22:
2283 6121 2315 6178 Si
2328 6125 2405 6190 potes
2423 6121 2469 6192 [ita
2487 6125 2567 6180 etiam

1610 6211 1632 6262 Η
1652 6217 1677 6262 ot
1695 6209 1768 6278 Vat]
1787 6209 1962 6264 credamne.
2414 6255 2415 6258 ,

1679 6293 1691 6326 ⁰
1712 6299 1785 6352 Vers.
1799 6299 1831 6374 P.
1845 6325 1880 6340 ι·-
1901 6297 2016 6352 Subinde
2034 6299 2160 6364 allegatur
2177 6301 2241 6352 Luc.
2262 6301 2306 6364 40,
2321 6301 2345 6352 5.
2358 6297 2443 6352 Codd.
2456 6301 2568 6364 allegant

1610 6385 1705 6442 Matth.
1725 6383 1770 6452 ta,
1790 6386 1833 6440 44.
1851 6401 1921 6454 seq,
1951 6385 1994 6438 ubi
2020 6387 2161 6450 sententia,
2180 6389 2226 6442 sed
2244 6403 2295 6440 nou
2315 6385 2397 6438 verba
2416 6397 2567 6444 occurrunt.

1609 6505 1646 6514 -
1664 6475 1792 6540 Superius
1810 6489 1859 6542 pru
1879 6475 1907 6530 in
1925 6473 2100 6544 acquisitione
2119 6475 2176 6528 Vat.
2196 6475 2376 6544 inquisitione,
2395 6475 2415 6526 G
2435 6475 2463 6530 in
2481 6475 2568 6546 inqui-

1609 6563 1714 6620 sitione.

1680 6647 1704 6680 ¹⁰
1723 6653 1797 6706 Vers.
1818 6651 1861 6706 27.
1880 6679 1914 6694 -
1933 6653 1999 6704 Tres
2018 6665 2092 6718 seqq.
2109 6651 2160 6704 toci
2178 6657 2238 6704 suut
2257 6651 2344 6702 Matth.
2365 6653 2406 6718 44,
2425 6655 2475 6718 29;
2496 6655 2566 6708 ioan.

1611 6739 1659 6808 ld,
1678 6739 1721 6790 33.
1741 6739 1832 6808 (codd.
1850 6739 2090 6794 omittuntttaec...
2103 6751 2203 6804 pacem
2220 6735 2349 6808 habean's)
2369 6745 2395 6794 et
2412 6741 2477 6794 Phil.
2497 6739 2522 6804 4,
2540 6741 2567 6796 7.

1681 6825 1703 6856 ¹¹
1721 6829 1797 6882 Vers.
1818 6829 1861 6882 50.
1880 6835 1914 6882 ,ψ’-
1934 6827 2058 6892 Sequitur
2076 6825 2162 6878 Matth.
2183 6825 2230 6892 45,
2251 6825 2292 6880 08.

1682 6915 1704 6946 ¹²
1724 6919 1799 6972 Vers.
1821 6919 1863 6970 38.
1884 6945 1917 6958 -
1935 6915 1993 6966 Duo
2022 6925 2095 6978 seqq.
2124 6913 2172 6966 loci
2198 6921 2260 6968 sunt
2285 6917 2375 6970 Matth.
2397 6917 2445 6982 ta,
2474 6919 2516 6970 23.
2540 6927 2566 6974 et

1609 7009 1671 7062 Luc.
1692 7009 1722 7072 8,
1742 7007 1784 7060 44.
