5900 8266
499 547 565 612 [666

500 721 702 808 coinquinata
730 729 764 788 et
795 739 816 786 a
845 709 944 788 rerhe
973 721 1127 790 mendacii
1149 747 1184 802 6;
1216 721 1317 788 iacobi
1346 721 1458 790 tertie:

506 827 657 910 «Lingua
678 827 882 894 constituitur
905 829 938 892 in
962 829 1110 894 membris
1136 827 1268 906 6666666,
1291 845 1374 910 quae
1395 845 1459 892 ma-

501 931 588 998 culat
616 937 717 998 tetum
749 949 864 1016 cerpus
896 937 927 1014 66
957 933 1161 1000 inflammat»
1199 937 1257 1000 etc.
1284 933 1379 1012 ltem,
1403 949 1459 1016 per

500 1037 598 1102 verba
619 1033 854 1122 infremuere:
878 1039 976 1102 iacobi
1004 1039 1104 1122 prime
1118 1041 1145 1098 ¹:
1171 1063 1188 1096 «
1205 1039 1232 1104 Si
1259 1037 1330 1122 quis
1351 1045 1459 1122 putat,

500 1161 536 1210 66
546 1143 728 1228 religiosum
740 1159 825 1223 esse,
841 1161 901 1208 neo
914 1143 1079 1210 refrenans
1093 1144 1232 1230 linguam
1250 1161 1367 1210 suam»
1385 1149 1458 1224 666.·

500 1255 533 1314 66
548 1249 751 1314 Ecclesiastici
770 1249 1002 1314 decimonono:
1025 1249 1133 1332 «Quis
1148 1249 1230 1316 enim
1248 1257 1310 1328 est,
1328 1249 1381 1332 qui
1393 1257 1460 1314 'non

500 1353 669 1438 deliquerit
692 1355 798 1438 lingua
823 1373 918 1420 suaa
950 1359 1007 1420 etc.
1032 1357 1069 1420 lit
1097 1355 1167 1422 ideo
1201 1355 1299 1422 iacobi
1325 1355 1459 1420 tertiat:

506 1459 599 1542 «Qui
621 1479 683 1524 non
708 1459 836 1526 ellendit
854 1459 887 1524 iu
910 1459 1023 1540 verbe,
1045 1459 1097 1526 hie
1112 1459 1274 1546 perlectus
1290 1465 1343 1528 666
1358 1461 1407 1526 666
1422 1483 1460 1540 »3

500 1565 587 1632 666616
608 1565 723 1630 6666666
746 1565 987 1632 proverbiorum
1015 1565 1261 1632 decimosexto:
1289 1591 1304 1622 6
1325 1565 1461 1630 Hominis

500 1677 549 1738 est
572 1689 762 1756 praeparare
791 1669 945 1750 animam,
977 1677 1008 1736 66
1038 1669 1161 1738 Domini
1193 1673 1371 1756 gnbernare
1402 1671 1461 1736 lin-

500 1795 597 1864 guam
611 1803 648 1858 »3
669 1777 910 1844 Prorerhierum
926 1777 1047 1842 decimo
1071 1785 1198 1844 eetaro:
1220 1803 1234 1834 <c
1252 1781 1335 1844 hlors
1350 1783 1382 1844 et
1398 1777 1461 1844 rita

500 1883 535 1950 in
566 1903 663 1952 666666
694 1885 819 1968 liuguae
843 1909 872 1948 6.
909 1885 943 1948 66
974 1883 1043 1950 6666
1076 1885 1184 1950 orabat
1213 1883 1461 1964 Ecclesiasticus

500 1991 654 2074 vigesimo
675 1989 811 2064 secunde
826 1991 855 2054 3:
886 1989 992 2072 «Quis
1017 1989 1170 2056 debitori
1196 2011 1266 2058 meo
1289 1991 1463 2084 custodiam

500 2103 534 2164 et
555 2113 654 2182 super
679 2097 762 2164 labia
785 2113 855 2164 mea
878 2087 1074 2182 signaculum
1098 2105 1239 2178 eertum,
1265 2107 1300 2166 ut
1326 2117 1387 2164 non
1410 2115 1462 2164 ca-

500 2203 571 2270 dam
590 2203 627 2270 ab
644 2203 736 2288 ipsis,
754 2207 792 2270 ’66
813 2203 921 2288 lingua
937 2221 1008 2272 mea
1025 2205 1134 2290 perdat
1152 2223 1202 2272 me
1219 2213 1255 2272 »t
1274 2245 1314 2258 -
1333 2209 1462 2290 Propter

500 2311 560 2376 hec
578 2329 654 2394 erge
668 2309 754 2378 616666
780 2311 831 2378 666
854 2311 884 2376 66
910 2311 1033 2378 6666666
1051 2311 1172 2398 pesitus
1187 2313 1281 2392 dicit,
1304 2321 1341 2380 ut
1360 2311 1462 2398 66666-

500 2425 590 2502 66666
613 2417 694 2504 666666
695 2437 790 2484 etant
791 2437 888 2484 neem
899 2419 1005 2506 ,6666
1024 2419 1190 2486 66666666
1139 2419 1461 2506 666666616666666.

593 2525 643 2590 63.
671 2527 710 2590 Et
739 2525 826 2590 dieu
849 2525 900 2592 6666
929 2525 999 2590 Α66
1001 2523 1103 2592 uitem
1127 2533 1185 2592 666.
1211 2529 1377 2612 Postquam
1409 2525 1463 2590 de-

345 2651 450 2700 666666,
462 2631 626 2716 asscripsit
651 2649 783 2716 poenam
805 2641 928 2716 quamn
909 2649 960 2698 mn
977 2631 1015 2696 ad
1034 2631 1187 2698 miseriam
1214 2653 1242 2698 n
1232 2635 1311 2698 ihc
1300 2641 1377 2710 t,am
1410 2631 1462 2698 hic

338 2705 487 2750 misericordia

338 2759 486 2866 66666666
500 2736 651 2804 describit
674 2755 747 2806 eam
776 2745 929 2824 quantum
958 2737 1071 2804 ada
1028 2757 1071 2804 6666
1068 2737 1292 2804 ’.6666666666666
1324 2737 1463 2820 66666666-

365 2867 456 2924 pliciter.
503 2845 619 2920 remu
643 2851 674 2908 66
703 2845 782 2910 haec
807 2861 882 2926 pars
906 2841 1095 2908 6666666666
1088 2861 1116 2908 66
1143 2845 1230 2908 diras.
1265 2843 1295 2906 ln
1324 2857 1460 2926 quarum
1497 2895 1501 2902 ,

502 2947 606 3030 prima
626 2947 816 3032 exprimitur
851 2947 912 3010 6666
902 2953 987 3030 66666
988 2945 1020 3010 66
1046 2945 1296 3010 misericordiae
1316 2949 1537 3026 respectu(

501 3073 663 3138 66666666
681 3049 861 3136 propriae,
896 3051 926 3116 in
958 3049 1095 3118 secunda
1124 3057 1272 3132 respectu
1299 3067 1464 3134 personna

502 3157 712 3236 coniunctae,
737 3157 778 3222 ihi
793 3157 821 3220 ⁵:
851 3157 888 3220 666
912 3157 978 3220 666.·
1002 3157 1093 3240 Repe
1115 3175 1191 3240 6666
1218 3163 1259 3232 66,
1283 3161 1379 3240 puter
1403 3161 1461 3222 666.

593 3263 681 3328 Circa
695 3263 938 3346 denegationem
954 3261 1204 3328 misericordiae
1228 3269 1372 3346 respectu
1386 3281 1463 3346 per·-

366 3397 408 3440 66
410 3397 473 3448 6666
503 3367 1153 3488 666666666666666666661666666666666,
1177 3367 1464 3434 66616666666666666-

338 3459 1031 3562 Ι’61661666666666666666,66666666
1057 3475 1299 3562 superadderem
1322 3475 1462 3544 66666

350 3561 427 3610 ‘⁰¹¹⁰m‘
440 3553 490 3598 “¹³‘'
504 3585 581 3650 tarde
596 3585 608 3624 ⁶
630 3583 724 3650 etate
671 3601 824 3650 unorum
845 3583 921 3650 66666
920 3583 1014 3648 666666
1004 3603 1058 3650 tm

595 3691 644 3756 at.
672 3689 771 3774 61666
806 3691 881 3770 66,).
910 3691 1010 3754 Primo
1036 3689 1130 3772 igitur
1156 3695 1308 3784 quantum
1334 3689 1463 3756 addia-

380 3793 752 3862 666666666666666666666666666
777 3793 1254 3862 66666666666666666166666666
1280 3793 1329 3862 6666
1352 3793 1462 3860 616666-

503 3897 602 3966 hem:
627 3901 708 3978 Fili,
734 3901 1034 3988 recordataeque
1055 3901 1367 3984 recepiatcah'teuutn
1392 3901 1462 3966 etto

504 4013 573 4072 tuu
599 4007 725 4072 Filium
747 4013 837 4074 renat
862 4025 923 4072 non
946 4025 990 4072 ex
1013 4007 1202 4084 imitatione,
1229 4007 1347 4072 sodex
1370 4013 1463 4074 66666-

503 4113 561 4182 rali
585 4115 802 4198 generatione3
818 4113 960 4180 Pselmus
974 4115 1000 4180 ⁷:
1024 4141 1041 4174 6
1055 4115 1120 4180 Filii
1136 4115 1230 4181 alicui
1248 4115 1369 4180 ntentiti
1388 4121 1462 4180 sunt

502 4221 599 4300 mihi,
623 4223 679 4288 filii
700 4223 794 4288 alieni
813 4221 978 4288 inveterati
1002 4229 1075 4290 sunt
1094 4249 1122 4288 ».
1147 4221 1234 4288 Unde
1256 4221 1331 4288 dicit
1352 4223 1462 4288 Petrus

503 4329 682 4396 Ravennas:
711 4355 728 4390 «
744 4331 792 4396 Th
814 4345 907 4396 66666
927 4345 978 4416 666
990 4337 1137 4414 putrem,
1163 4333 1192 4396 66
1208 4345 1265 4414 ego
1287 4333 1315 4396 66
1340 4327 1461 4414 lilium,

503 4441 540 4500 ut
562 4441 591 4500 te
617 4433 720 4502 doleas
743 4435 880 4520 graviter
894 4429 1068 4520 perdidisse
1093 4435 1177 4520 qnod
1193 4439 1287 4500 natos
1309 4451 1357 4514 es,
1376 4435 1462 4518 quod

477 4593 484 4608 .
503 4539 559 4606 tibi
578 4539 681 4624 gratia
700 4539 828 4608 dederat
845 4545 876 4606 66
898 4543 1013 4608 natura
1029 4567 1060 4606 6,
1085 4539 1164 4606 11666
1179 4539 1243 4604 filie
1265 4537 1357 4618 dicit,
1376 4539 1462 4624 qued

504 4647 695 4712 recordetur
718 4645 890 4724 benorum,
909 4665 972 4712 non
995 4645 1035 4712 ad
1051 4645 1215 4724 solatium,
1234 4645 1287 4710 sed
1303 4645 1408 4728 petius
1424 4645 1462 4710 ad

505 4759 712 4830 termentum;
739 4753 821 4820 unde
843 4753 1036 4820 Boethinsi:
1058 4751 1338 4818 «infelicissimum
1363 4771 1461 4836 genus

504 4857 647 4924 lertunae
672 4863 735 4936 est,
758 4859 856 4924 666666
878 4853 1047 4926 1616666666.
1072 4859 1110 4924 Et
1138 4859 1198 4924 hoc
1223 4859 1340 4942 recepit
1364 4859 1395 4922 66
1413 4877 1461 4924 re-

466 4999 485 5016 ·
504 4965 752 5032 munerationem
767 4965 925 5032 benorum
943 4983 1088 5044 suorum3
1107 4965 1189 5030 unde
1205 4963 1321 5032 aedat:
1342 4989 1358 5022 «
1370 4963 1460 5042 Nota,

506 5069 588 5154 quod
605 5071 691 5136 dives
713 5069 771 5136 6666
797 5071 914 5154 aliquid
937 5071 1009 5136 honi
1034 5071 1164 5148 hahuit,
1187 5087 1230 5134 ex
1252 5089 1316 5152 que
1343 5069 1491 5136 benum

506 5175 720 5242 transitorium
745 5175 774 5241 in
801 5177 861 5242 hae
880 5175 944 5242 rita
968 5175 1084 5260 recepit
1101 5197 1136 5252 »;
1161 5175 1245 5242 unde
1259 5177 1328 5240 erat
1349 5173 1386 5240 de
1402 5191 1461 5238 nu

576 5529 584 5560 1
608 5533 681 5584 vers,
701 5533 749 5596 66,
766 5529 827 5596 pest
845 5545 927 5600 quern
945 5533 1022 5584 Eceli.
1047 5533 1092 5598 te,
1114 5531 1154 5584 17.

575 5617 681 5674 ²Vers.
705 5623 729 5672 2.
752 5649 783 5656 -
806 5623 862 5672 Due
886 5635 960 5686 seqq.
983 5619 1032 5672 6666
1059 5626 1119 5674 6666
1140 5621 1218 5674 Prer.
1245 5623 1290 5684 lG,
1316 5623 1339 5674 6.
1366 5625 1390 5674 66
1416 5623 1461 5688 18,

508 5747 521 5764 .
549 5749 557 5776 ,
576 5709 619 5764 cui
636 5711 687 5762 FG
705 5723 765 5764 cum
785 5711 844 5764 Vat.
865 5711 1013 5776 praeligant
1031 5711 1144 5778 Propter
1166 5707 1238 5780 qued
1255 5709 1342 5778 (Pron.
1364 5711 1428 5780 66).

575 5797 681 5854 811666.
700 5797 813 5854 usuc
832 5801 873 5854 Ps.
893 5799 957 5864 666,
982 5801 1081 5868 6,666

499 5905 501 5912 ·
575 5887 696 5944 ⁴Clr.
676 5905 801 5954 66·.6666666
822 5889 865 5942 ib.

566 5977 585 6022 .⁶
607 5983 681 6034 Vers.
699 5979 794 6034 67.-
816 5977 942 6044 Superius
959 5993 1009 6044 pre
1028 5977 1194 6048 adprimitur
1212 5979 1235 6032 G
1253 5977 1424 6034 deserebatur

575 6067 648 6123 ilta
662 6071 705 6122 hic
729 6069 825 6136 ACB,
850 6069 948 6122 sedin
952 6073 1030 6122 erras
1055 6087 1081 6122 11.
1108 6073 1149 6124 55.
1178 6073 1231 6124 6666
1253 6083 1344 6122 omnes
1370 6069 1462 6132 codd,

504 6161 564 6212 Vat.
584 6157 792 6214 66666666661616.
812 6159 852 6210 uo
872 6157 975 6224 Gange,
1002 6159 1160 6212 Glossarium
1181 6163 1228 6210 etc.
1253 6157 1393 6222 limatulo
1413 6157 1463 6208 Fir-

507 6247 621 6312 mitade,
641 6245 765 6300 soliditas

575 6331 698 6388 11166166
718 6333 766 6400 17,
785 6335 877 6386 66··
890 6335 1004 6386 Senten
986 6339 1020 6386 ia
1033 6335 1101 6388 116666
1120 6337 1239 6386 Borean.
1254 6333 1367 6386 habetor
1380 6335 1461 6386 Serm.

508 6421 568 6474 663.
585 6435 610 6472 n.
632 6423 661 6484 3,
683 6419 726 6472 nbi
747 6427 807 6484 pest
824 6421 900 6490 666666
918 6421 1005 6490 [Gard.
1022 6423 1101 6486 lluge
1126 6425 1150 6472 et
1169 6421 1302 6472 Gerranus
1326 6419 1365 6472 666
1382 6417 1461 6486 quod]

505 6511 585 6562 uetus
605 6523 633 6564 es
651 6509 723 6564 addit
749 6507 843 6562 Adbuc
862 6523 927 6562 6666
951 6507 1054 6580 filiunt,
1073 6513 1104 6562 ut
1127 6507 1251 6576 emerius
1269 6505 1361 6562 deleas
1377 6505 1464 6576 perdi·

508 6597 578 6652 disee
596 6601 630 6652 te.

577 6681 587 6714 1
605 6685 675 6738 Lihr.
696 6687 721 6737 ll.
740 6685 921 6740 decensolat.
941 6685 1068 6750 prosa-t:
1086 6687 1151 6738 Nam
1172 6685 1286 6738 inomni
1307 6683 1464 6738 adversitate

507 6775 627 6826 torturae
644 6773 848 6828 infelicissimum
869 6787 954 6838 genus
971 6779 1012 6826 666
1029 6773 1175 6838 6616666666,
1196 6775 1274 6826 inisse
1295 6773 1405 6826 felicem.

578 6855 678 6912 ”Liba
701 6863 729 6912 V.
751 6863 775 6914 in
794 6865 855 6914 Luc.
878 6861 924 6928 16,
951 6861 1003 6922 66,
1022 6859 1068 6912 ubi
1085 6861 1205 6930 sequitur
1229 6865 1350 6926 elegam,
1368 6863 1395 6914 ll.
1413 6863 1465 6914 Ho-

1086 547 1281 614 conteritur.
1308 546 1344 613 lh
1369 547 1606 614 alludentem
1631 545 1749 610 LUChE
1771 545 1804 610 C.
1827 543 1901 610 XVl.

1523 739 1611 786 mere
1643 721 1787 800 illerum,
1820 719 1859 786 de
1889 721 2006 804 quihus
2035 719 2150 786 dieitur
2187 719 2330 788 llatthaei
2368 729 2481 790 sexto:

1529 827 1654 892 «lmen
1679 827 1748 892 dice
1777 825 1884 906 vohis,
1914 833 2103 910 receperunt
2131 827 2308 894 mercedem
2337 847 2428 898 suam
2448 859 2480 898 6.

1523 933 1585 998 lieo
1607 949 1683 1016 ergo
1699 931 1848 1000 meritum
1874 931 1934 998 fuit
1955 921 2172 998 transitorium
2189 939 2217 1000 66
2242 935 2479 1018 praeambulum

1523 1037 1563 1102 ad
1586 1037 1784 1122 supplicium.
1802 1075 1845 1086 --
1863 1037 1920 1104 Sed
1946 1053 1961 1102 6
1985 1037 2142 1104 centrario
2165 1037 2226 1104 luit
2252 1039 2400 1108 meritum
2426 1045 2631 1112 16-66666666

1524 1143 1606 1222 zari;
1625 1143 1707 1210 unde
1723 1145 1902 1212 subdit
1877 1145 2096 1210 EtLezerus
2117 1143 2231 1210 66666666
2183 1153 2267 1212 66
2288 1147 2396 1222 meto:
2423 1151 2481 1216 hec

1524 1249 1605 1318 enim
1631 1249 1729 1318 6666
1699 1271 1764 1316 suaa
1730 1249 1816 1318 6666666
1766 1261 1850 1318 ruer
1867 1251 1902 1316 66
1918 1259 1992 1316 6666
1994 1251 2108 1318 66666·
2133 1251 2267 1318 lazarus
2288 1253 2372 1320 enim
2394 1273 2481 1324 rece

1524 1357 1571 1444 pit
1592 1359 1673 1424 mala
1690 1357 1726 1424 ad
1745 1365 1869 1442 tempos
1884 1335 1922 1422 ad
1946 1357 2145 1444 purgandum
2164 1358 2247 1424 niala
2268 1359 2379 1444 eulpae
2393 1367 2427 1426 et
2442 1363 2480 1428 ad

1524 1455 1752 1548 acquirendum
1775 1465 1855 1528 hena
1884 1463 2036 1530 felicitatis
2061 1471 2214 1532 aeternae.
2232 1465 2319 1532 Unde
2341 1463 2479 1534 Beda10:

1530 1597 1545 1630 6
1563 1573 1698 1636 Lazarus
1712 1569 1830 1654 aliquid
1852 1569 1925 1636 mali
1943 1569 2070 1650 habuit,
2093 1571 2147 1638 sed
2163 1571 2245 1658 ignis
2264 1569 2388 1658 inopiae
2403 1591 2481 1656 pur-

1525 1675 1607 1762 garit
1628 1701 1658 1756 »;
1691 1683 1721 1742 66
1752 1675 1938 1762 Gregorius:
1971 1675 2130 1760 «Siqua
2158 1677 2417 1762 reprehensibilia
2447 1681 2479 1746 in

1525 1781 1718 1866 pauperihus
1745 1779 1904 1858 6661666666,
1929 1799 1991 1846 666
2021 1777 2172 1846 debemus
2195 1779 2374 1868 despicere,
2405 1787 2481 1870 quia

1523 1887 1671 1964 fortasse,
1693 1904 1776 1972 quos
1799 1903 1926 1954 morum
1951 1885 2116 1954 infirmitas
2140 1889 2302 1968 vuluerat,
2326 1891 2385 1956 hos
2414 1909 2481 1958 me-

1525 1993 1626 2060 dicina
1655 1993 1848 2078 paupertatis
1881 1999 1967 2060 sanat
1983 2019 2015 2058 6,
2042 1993 2080 2058 Et
2110 1993 2188 2058 haec
2217 1999 2266 2060 666
2297 1995 2346 2060 666
2372 2011 2481 2078 66666-

1526 2097 1628 2164 niendi
1658 2099 1698 2164 ad
1721 2119 1872 2186 regnum;
1901 2101 2031 2168 ictuum
2049 2097 2169 2166 decimo
2194 2103 2307 2182 quarto
2321 2101 2363 2164 11:
2393 2123 2408 2156 <c
2426 2101 2482 2168 Per

1525 2207 1641 2272 multas
1663 2207 1881 2274 tribulationes
1904 2210 2027 2290 eportet
2050 2223 2106 2272 nes
2131 2203 2262 2272 introire
2284 2205 2316 2272 in
2347 2223 2481 2290 reguum

1525 2313 1580 2380 Dei
1596 2339 1626 2378 6.
1652 2311 1737 2380 Unde
1762 2313 1791 2380 in
1808 2315 1867 2380 hee
1893 2315 2088 2380 666666666666
2107 2317 2154 2380 666
2178 2311 2257 2378 illud
2279 2311 2491 2380 Ecclesiastae-

1526 2425 1652 2488 oetare:
1680 2447 1697 2478 «
1714 2421 1791 2486 Sunt
1807 2419 1899 2500 66666,
1923 2419 2039 2506 quibus
2061 2417 2142 2484 mala
2163 2419 2368 2502 preveniunt,
2392 2419 2480 2500 quasi

1526 2545 1620 2612 opera
1644 2527 1766 2612 egerint
1787 2527 2009 2612 impiorum»;
2034 2543 2090 2592 nee
2118 2523 2291 2604 immerito,
2318 2525 2391 2610 quia
2423 2527 2481 2590 Te-

1526 2633 1594 2698 biae
1616 2633 1818 2698 duedeeime:
1847 2631 1959 2714 «Quia
1980 2635 2129 2716 acceptus
2156 2647 2226 2696 eras
2252 2630 2332 2710 Deo,
2355 2647 2481 2698 6666666

1526 2737 1602 2816 6666,
1626 2743 1662 2802 66
1686 2737 1815 2802 tentatie
1838 2737 1984 2820 probaret
2010 2743 2038 2802 66
2057 2761 2086 2798 6.

1614 2841 1666 2904 55.
1692 2839 1834 2906 Secunde
1855 2845 2010 2922 quantum
2037 2839 2077 2902 ad
2099 2839 2238 2936 opposite
2227 2839 2332 2904 6666666
2360 2847 2391 2904 66
2393 2839 2481 2922 qaeu-
2502 2863 2635 2910 66666666,

1527 2943 1661 3010 6666666666
1683 2943 1788 3010 subdit
1778 2951 1847 3010 tur·
1871 2941 2038 3008 qunct
1992 2961 2038 3008 uu
2018 2949 2102 3008 66666
2092 2939 2178 3006 thie
2210 2943 2410 3020 6666666666,
2447 2953 2481 3010 tu

1526 3067 1662 3114 666666
1663 3049 1800 3114 66666666.
1829 3049 1905 3128 6166,
1928 3049 2076 3132 inquam,
2100 3049 2279 3114 consolatur
2303 3067 2360 3132 pro
2383 3049 2481 3116 tribu·

1526 3155 1657 3234 latione;
1680 3155 1801 3222 leaenis
1820 3155 1939 3222 decime
1957 3161 2045 3222 sexto
2060 3157 2101 3220 1²:
2131 3180 2148 3214 «
2163 3157 2296 3222 blundus
2322 3157 2481 3242 gaudebit,

1527 3277 1582 3328 res
1604 3277 1679 3326 6666
1696 3259 1969 3338 contristabimini,
1993 3259 2047 3328 sed
2072 3259 2197 3328 tristitia
2213 3267 2318 3328 restra
2341 3265 2481 3328 vertetur

1526 3367 1555 3432 66
1582 3367 1729 3452 gaudium
1746 3391 1782 3446 »;
1805 3367 1890 3432 unde
1921 3367 2065 3432 hlatthaei
2098 3367 2229 3452 quinto:
2261 3367 2394 3448 «Beati,
2426 3369 2479 3454 qni

1527 3475 1651 3558 lugent,
1672 3475 1818 3558 queniam
1838 3475 1893 3558 ipsi
1918 3473 2163 3540 consolabuntur
2181 3501 2211 3538 ».
2228 3475 2316 3542 Sicut
2336 3475 2417 3540 enim
2435 3475 2480 3541 di-

1527 3583 1609 3648 66666
1632 3581 1787 3648 secundae
1801 3583 1842 3646 ad
1856 3581 2034 3648 Corinthios
2055 3589 2169 3666 quarte
2183 3583 2223 3646 ¹³:
2246 3607 2263 3640 «
2279 3581 2311 3646 ld
2336 3581 2418 3666 qued
2435 3589 2481 3648 est

1527 3689 1557 3754 66
1583 3687 1735 3772 praesenti
1761 3695 2013 3754 momentaneum
2036 3693 2067 3754 et
2082 3689 2157 3776 Ι1666
2189 3687 2400 3756 tribulationis
2428 3709 2482 3754 ne-

1527 3801 1639 3874 strae,
1658 3813 1752 3880 supra
1785 3795 1912 3862 medum
1934 3821 1950 3852 6
1978 3801 2038 3862 666.
2053 3795 2054 3798 ’
2070 3797 2106 3860 Et
2139 3793 2206 3860 ideo
2235 3795 2337 3862 lacebi
2360 3795 2478 3880 primo:

1533 3927 1548 3960 «
1562 3899 1662 3968 Omne
1684 3901 1836 3986 gamelium
1857 3901 2052 3980 existimate,
2079 3901 2211 3980 6666666,
2234 3919 2306 3968 cum
2328 3901 2356 3966 io
2384 3909 2482 3968 tenta-

1527 4007 1624 4074 tiones
1649 4009 1750 4074 rarias
1767 4007 1936 4072 incideritis
1955 4031 1988 4086 »;
2015 4013 2044 4074 et
2060 4014 2148 4090 pest:
2176 4031 2192 4064 c<
2211 4009 2322 4074 Beatus
2345 4007 2409 4086 666,
2426 4009 2480 4092 qui

1526 4115 1636 4182 6616666
1669 4113 1868 4180 666666666666
1887 4141 1903 4174 6
1931 4119 1989 4180 666.
2016 4115 2051 4178 Et
2084 4113 2152 4180 ideo
2178 4111 2420 4198 Chrysestemus
2437 4115 2481 4178 14:

1532 4221 1593 4286 «Si
1623 4225 1842 4306 aegrotamus,
1870 4219 1897 4286 si
1925 4237 2082 4304 pauperes
2111 4237 2242 4298 sumus;
2273 4219 2481 4306 gaudeamus,

1526 4327 1716 4414 accipiamus
1739 4327 1821 4392 mala
1845 4327 1874 4392 in
1901 4327 1965 4394 6666
1986 4333 2110 4406 nestra,
2135 4333 2170 4394 ul
2199 4333 2270 4412 post
2295 4325 2483 4410 recipiamus

1526 4437 1653 4502 hena».
1677 4435 1751 4500 Nam
1780 4435 1822 4502 sic
1847 4435 1920 4502 dicit
1944 4435 2114 4518 Propheta:
2147 4433 2397 4500 «Transivimus
2426 4453 2483 4518 per

1526 4541 1626 4626 ignem
1649 4545 1678 4606 66
1701 4557 1832 4624 aquam,
1854 4545 1884 4606 et
1901 4539 2039 4606 eduxisti
2060 4557 2117 4606 nos
2134 4539 2164 4606 in
2181 4537 2381 4624 refrigerium
2399 4565 2429 4602 6,
2450 4539 2485 4604 166

1526 4647 1557 4712 66
1574 4645 1671 4712 66666
1687 4645 1839 4730 figuram,
1862 4645 1983 4712 loannis
2008 4645 2199 4722 6666666611,
2223 4645 2262 4708 ad
2285 4643 2411 4730 nuptias
2432 4661 2484 4708 ar-

1526 4751 1693 4820 chitriclini
1710 4771 1793 4836 aqna
1808 4769 1959 4818 cenrersa
1975 4759 2022 4816 est
2042 4753 2072 4816 in
2098 4751 2215 4816 666666.
2239 4751 2289 4816 Sic
2311 4767 2387 4834 erge
2407 4767 2483 4834 pau-

1526 4877 1581 4942 per
1605 4857 1794 4936 eenselatur,
1809 4865 1842 4924 et
1860 4857 1947 4924 66666
1957 4875 1980 4948 ι6
2003 4857 2161 4924 contrarie
2183 4855 2360 4934 cruciatum
2387 4873 2484 4938 sopra

1526 4969 1635 5030 sexto:
1649 4959 1752 5028 «Vae
1777 4963 1877 5028 robis!
1900 4961 1977 5026 divit
1965 4969 2026 5040 t,es
2042 4961 2097 5044 qui
2119 4961 2241 5026 hahetis
2271 4959 2320 5026 hic
2345 4959 2484 5026 consela-

1527 5067 1641 5134 tionem
1667 5073 1801 5132 66666666
1817 5091 1852 5124 »-
1846 5073 1908 5146 ,66
1930 5065 2172 5134 Proverbierum
2199 5065 2319 5132 decimo
2348 5071 2484 5150 quarte:

1531 5197 1546 5230 6
1563 5173 1654 5238 Risus
1677 5171 1785 5238 delere
1807 5171 2004 5252 miscebitur,
2031 5179 2060 5238 et
2084 5179 2228 5240 extrema
2249 5171 2353 5256 gaudii
2378 5172 2486 5240 luctus

1475 5571 1476 5574 6
1526 5533 1579 5584 mil.
1599 5533 1624 5584 in
1643 5533 1744 5596 Evang.
1762 5531 1853 5584 homil.
1871 5531 1913 5584 le,
1935 5545 1963 5584 n.
1982 5533 2006 5584 6,
2027 5531 2157 5584 Sententia
2174 5533 2259 5584 Bedae
2274 5523 2410 5584 exhibetur
2426 5547 2487 5586 ver·

1526 5619 1567 5672 bis
1592 5620 1698 5674 Glossae
1724 5617 1890 5684 6666666666,
1917 5635 1986 5686 quae
2008 5621 2095 5686 ipsam
2119 5621 2236 5674 attribuit
2260 5621 2413 5688 Augustino
2432 5621 2484 5690 (ita
2510 5639 2511 5642 ¹
2592 5659 2595 5666 .

1527 5709 1606 5762 etiam
1626 5707 1704 5776 666.).
1717 5707 1767 5764 Cir.
1781 5709 1929 5776 chrysost,
1946 5707 2069 5764 Cencieu.
2085 5711 2110 5762 3.
2122 5709 2157 5762 de
2169 5711 2279 5776 Lazaro,
2291 5725 2315 5762 6.
2331 5709 2355 5764 t.
2369 5739 2403 5748 -·
2417 5711 2486 5764 Sub-

1527 5797 1589 5852 inde
1609 5801 1735 5866 allegatur
1758 5799 1846 5852 616666.
1871 5799 1900 5866 6,
1921 5801 1945 5852 2.
1965 5799 2143 5866 -Superius
2168 5813 2216 5866 pre
2235 5797 2262 5852 666
2288 5797 2487 5856 remuneratio-

1527 5901 1588 5942 66666
1608 5889 1632 5940 66
1644 5887 1775 5942 666661166
1795 5889 1871 5942 cedd.
1883 5887 1920 5940 eb
1938 5887 2164 5942 abbreviationem
2181 5889 2232 5954 legi
2247 5893 2334 5952 petest
2352 5887 2379 5942 iu
2399 5905 2487 5954 rerun-

1527 5975 1678 6030 6666666666.

1533 6091 1534 6122 3
1601 6061 1623 6094 ²⁰
1640 6067 1710 6118 Loco
1730 6065 1786 6132 666.,
1799 6063 1847 6118 666
1865 6065 1983 6130 sequitur
1994 6065 2119 6130 erogem,
2131 6067 2160 6118 11.
2174 6065 2264 6118 Hamil.
2287 6065 2311 6116 in
2327 6067 2427 6130 Eraug.
2439 6067 2488 6118 ho-

1527 6151 1643 6206 6661611.
1664 6169 1689 6204 6.
1708 6153 1740 6216 63
1757 6151 1820 6206 ibid.
1840 6169 1866 6206 n.
1886 6153 1929 6204 60.
1947 6151 2058 6206 hahetur
2077 6167 2132 6220 seq.
2153 6153 2269 6218 Gregorii
2295 6153 2429 6206 sententia.
2449 6181 2487 6192 -

1466 6233 1655 6304 Superius
1676 6255 1723 6306 pre
1742 6239 1938 6310 acquirendum
1958 6243 2014 6294 666.
2035 6239 2235 6308 inquirendum.

1599 6329 1620 6360 ¹¹
1632 6331 1706 6384 Vers
1718 6333 1760 6384 al.
1770 6361 1807 6372 -
1817 6331 1874 6382 16666
1883 6343 1957 6398 seqq.
1970 6331 2017 6384 leci
2029 6331 2212 6396 6666666168,
2225 6331 2263 6382 tl.
2277 6337 2301 6382 66
2310 6329 2378 6382 Tob.
2390 6331 2399 6382 t
2408 6333 2430 6394 6,
2442 6330 2451 6381 l
2460 6331 2488 6382 3.

1576 6457 1577 6460 6
1599 6415 1715 6472 1'Vere
1737 6421 1784 6482 60,
1805 6425 1864 6484 post
1880 6433 1961 6484 quem
1983 6421 2067 6472 hlatth.
2089 6421 2120 6484 5,
2139 6419 2166 6472 5.

1599 6505 1717 6560 1³Vers.
1739 6507 1784 6574 67;
1805 6507 1898 6560 deinde
1918 6509 1967 6558 lae.
1989 6511 2015 6574 l,
2038 6511 2061 6560 6.
2079 6513 2107 6560 66
2125 6509 2169 6560 12.

1532 6641 1534 6644 .
1599 6595 1623 6626 11·
1640 6597 1740 6650 Ceucio
1759 6597 1782 6648 l.
1803 6613 1832 6650 ex
1852 6599 1921 6648 Luca
1940 6609 1962 6646 6.
1978 6597 2019 6646 lli.
2041 6595 2095 6664 (cir.
2114 6611 2193 6662 snpra
2206 6611 2268 6662 pag.
2285 6595 2350 6662 167,
2363 6603 2424 6648 6666
2437 6595 2487 6664 7.).

1526 6711 1563 6724 -
1576 6683 1698 6752 Sequitur
1716 6685 1757 6736 Ps.
1779 6685 1827 6746 66,
1853 6685 1898 6748 ta,
1919 6689 1979 6736 ante
1991 6697 2068 6748 quem
2089 6697 2136 6748 pre
2153 6683 2274 6738 1166666666
2288 6685 2394 6738 HNem
2407 6681 2486 6736 sieut.

1535 6791 1536 6796 ’
1599 6769 1623 6802 11
1642 6775 1715 6826 11666.
1736 6775 1760 6824 9.
1774 6773 1878 6824 -Due
1896 6785 1971 6838 seqq.
1991 6773 2040 6824 leci
2054 6779 2114 6824 sunt
2131 6773 2192 6824 Luc.
2206 6775 2238 6834 G,
2252 6771 2301 6832 66.
2315 6769 2373 6834 (pre
2391 6769 2487 6824 diuites

1527 6863 1587 6916 Vat.
1607 6877 1668 6916 eum
1688 6861 1802 6928 Vulgata
1820 6855 1956 6924 diuitibus)
1978 6861 2091 6912 6611666.
2112 6859 2158 6922 66,
2179 6859 2221 6910 63.
