5900 8266
1044 495 1237 586 corariam.
1261 517 1300 586 m
1322 511 1561 584 uranoanuu
1586 507 1703 578 nacla
1728 507 1758 574 c.
1784 511 1847 576 rx.

452 697 768 782 superscriptionem
785 697 1077 784 1iiiespondcntes
1094 695 1252 760 dixerunt
1268 695 1299 760 ei
1306 717 1316 760 .·
1337 693 1416 760 Cuc-

452 803 563 882 suris,
587 801 704 870 scilicet
729 803 760 868 in
785 803 936 870 exteriori
964 801 1061 888 signo.
1091 801 1153 868 Hoc
1176 801 1328 868 Dominus
1353 817 1414 868 non

320 923 383 1020 naula
397 923 435 966 tri·
452 909 596 994 quaerit,
620 909 693 994 quia
717 909 857 988 dubitet,
880 907 935 976 sed
959 913 995 976 ut
1019 925 1059 976 ex
1084 925 1194 976 eorum
1212 905 1416 994 responsione

343 985 400 1030 ω’
451 1015 538 1100 ipsos
560 1015 709 1084 confutet.
736 1051 778 1062 -
803 1015 858 1082 Vel
878 1013 948 1080 ideo
974 1013 1099 1100 quaerit
1114 1013 1282 1098 imaginem
1306 1019 1338 1080 et
1361 1031 1415 1078 sa-

451 1121 711 1206 perscriptionem
736 1119 872 1198 denarii,
897 1123 933 1186 ul
956 1137 997 1186 ex
1018 1119 1087 1204 ipsa
1102 1119 1202 1186 iorma
1219 1125 1248 1188 et
1265 1121 1368 1204 ligura
1382 1125 1415 1186 et

451 1225 603 1310 qualitate
622 1225 667 1292 rei
690 1225 834 1290 ostendat
857 1241 984 1290 manare
999 1224 1114 1292 debere
1130 1223 1282 1290 iudicium
1304 1223 1415 1310 aequi-

443 1327 535 1396 latis.
548 1369 593 1378 -
605 1329 661 1396 tel
673 1327 742 1396 ideo
752 1327 813 1394 hoc
825 1327 974 1412 requirit,
986 1335 1022 1394 ut
1037 1327 1197 1408 ostendat,
1214 1327 1298 1414 quod
1314 1347 1414 1396 unus·

450 1435 587 1521 quisque
610 1433 797 1501 iudicandus
819 1441 867 1500 est
889 1435 1062 1502 secundum
1096 1435 1411 1520 superscriptionem,

451 1561 549 1626 qnam
570 1539 817 1626 superscriptam
843 1540 936 1608 habet
959 1541 1086 1626 imagini
1103 1543 1217 1608 mentis
1232 1559 1317 1608 snae.
1335 1543 1412 1608 Nam

288 1659 345 1720 Quae
360 1657 386 1722 aa
401 1659 436 1704 ae·
451 1663 508 1732 per
541 1645 720 1712 denarium
749 1645 935 1732 intelligitur
959 1648 1071 1726 bomo,
1097 1647 1171 1732 quia
1193 1647 1344 1714 denarius
1364 1653 1414 1714 est

320 1723 402 1756 m
451 1751 491 1818 dc
511 1751 644 1816 materia
667 1751 828 1832 terrestri,
853 1753 972 1820 scilicet
992 1753 1032 1820 de
1054 1753 1198 1832 metallo,
1217 1759 1246 1820 et
1262 1753 1358 1820 homo
1373 1753 1413 1820 de

452 1855 546 1936 limo;
568 1855 696 1938 Genesis
722 1859 905 1926 secundm:
933 1885 949 1918 r
966 1859 1121 1926 Formauit
1145 1859 1230 1926 Deus
1253 1859 1412 1924 hominem

366 2035 367 2038 ,
452 1963 492 2032 de
513 1963 719 2038 limoterrae
734 1989 765 2044 »3
798 1971 829 2032 et
852 1965 919 2050 ipse
942 1963 1091 2032 decimus
1112 1970 1161 2032 est
1182 1969 1254 2050 post
1277 1983 1414 2032 nouena-

451 2071 538 2140 riam
558 2071 746 2158 Angelorum
779 2079 809 2140 et
833 2089 889 2160 per
914 2067 1110 2138 drachmam
1133 2089 1239 2136 uriam
1271 2071 1413 2158 designa·

451 2185 504 2244 tur
529 2195 626 2262 supra
649 2177 769 2244 decimo
792 2177 923 2262 quinto:
953 2203 969 2236 «
984 2175 1044 2242 hut
1067 2193 1150 2262 quae
1172 2175 1287 2243 mulier
1306 2201 1323 2236 a
1352 2181 1411 2242 etc.

294 2297 351 2356 uuir
365 2295 434 2360 iaaac
452 2285 509 2350 Per
535 2281 717 2370 imaginem
738 2281 872 2354 denarii
895 2281 1080 2366 intelligitur
1103 2281 1238 2348 Trinitas
1262 2299 1411 2366 persona·

318 2351 411 2396 ‘lemn'
452 2405 544 2470 rum,
566 2387 606 2456 de
628 2407 691 2474 qiua
717 2387 919 2454 Ecclesiastici
942 2387 1062 2454 decimo
1088 2385 1266 2470 septimoi:
1295 2413 1311 2446 <r
1328 2389 1413 2454 Deus

452 2495 490 2564 de
521 2501 608 2562 terra
637 2495 754 2562 crearit
786 2493 942 2560 hominem
975 2498 1006 2560 θῖ
1027 2491 1211 2580 secundam
1245 2491 1412 2578 imaginem

452 2621 542 2672 suam
571 2599 645 2668 iecit
674 2599 765 2668 illum
782 2623 810 2680 »;
845 2603 875 2668 et
907 2597 1034 2666 Genesis
1064 2597 1188 2682 primo:
1220 2597 1412 2664 «Faciamus

288 2721 345 2786 uriel
360 2733 433 2786 surer-
452 2709 612 2784 hominem
635 2707 673 2776 ad
705 2707 871 2794 imaginem
890 2733 906 2766 s
932 2711 991 2774 etc.
1017 2705 1075 2770 Per
1097 2703 1412 2790 superscriptionem

296 2779 384 2888 {iiim
395 2777 433 2820 Μ’
451 2815 637 2902 intelligitur
661 2815 796 2902 qualitas
818 2831 964 2894 moram,
987 2813 1111 2880 ethaeo
1127 2811 1329 2896 estdaplcr:
1346 2831 1410 2880 una

452 2923 588 3002 diuina,
612 2923 672 2988 alia
695 2923 881 2990 inundans.
913 2919 1035 2988 liioina
1056 2923 1104 2986 est
1127 2935 1184 3004 per
1208 2919 1315 3012 lumen
1340 2937 1411 3004 gra-

452 3029 512 3102 tiae
536 3033 565 3094 et
590 3027 741 3108 iustitiam
765 3027 945 3094 rsalnasr:
971 3053 986 3086 κ
1001 3025 1164 3112 Signatum
1178 3031 1226 3094 θεῖ
1242 3043 1340 3112 super
1354 3043 1412 3094 nos

452 3133 560 3198 lumen
584 3133 690 3198 vultus
716 3133 780 3214 lui,
803 3133 933 3200 Domine
950 3157 981 3214 »;
997 3131 1174 3200 rnunduna
1190 3137 1313 3212 autem,
1331 3151 1411 3218 quae

452 3241 499 3304 est
524 3235 680 3316 Caesaris,
706 3241 752 3304 est
776 3255 833 3322 per
855 3239 1029 3322 appetitum
1052 3237 1232 3322 cupiditatis
1256 3243 1287 3304 et
1309 3237 1411 3304 auari-

451 3343 522 3410 tiae.
546 3341 592 3408 De
613 3343 926 3410 hachmbrosius⁵z
959 3343 1092 3428 «imago
1108 3343 1249 3410 Caesaris
1274 3361 1336 3408 non
1359 3359 1410 3410 re-

450 3447 573 3534 peritur
597 3445 657 3514 nisi
679 3445 712 3512 in
739 3447 838 3526 mari,
860 3447 915 3514 abi
939 3449 1092 3514 dracones
1106 3473 1139 3526 »3
1162 3447 1196 3514 in
1218 3467 1282 3532 quo
1313 3449 1411 3532 tangit

450 3553 530 3622 illud
551 3553 635 3638 quod
652 3553 768 3638 legitur
783 3553 926 3620 Matthaei
944 3553 1066 3620 decimo
1083 3553 1231 3638 septimo,
1248 3553 1304 3618 ubi
1321 3553 1410 3620 Chri-

449 3667 518 3728 stus
540 3659 624 3728 misit
649 3661 775 3726 Petrum
797 3659 838 3726 ad
859 3677 968 3740 mare;
991 3667 1024 3726 et
1046 3659 1164 3726 inuenit
1180 3659 1298 3746 piscem
1322 3665 1353 3728 et
1377 3661 1409 3726 in

449 3765 535 3852 pisce
555 3769 722 3846 staterem,
748 3783 844 3850 quem
860 3763 992 3832 Caesari
1017 3765 1129 3844 soluit3
1154 3765 1184 3832 in
1211 3785 1274 3850 qao
1296 3765 1410 3832 intelli-

447 3871 549 3958 gitur,
575 3871 659 3958 quod
680 3871 908 3956 superscriptio
929 3871 1122 3940 terrenitatis
1145 3889 1208 3938 non
1231 3877 1278 3940 est
1301 3871 1361 3940 nisi
1379 3871 1410 3938 in

446 3977 613 4046 mundanis
628 3979 803 4058 mentibus
821 3977 984 4064 inquibus
1001 3997 1059 4064 pro
1076 3977 1299 4064 cupiditatibus
1314 3979 1410 4046 variis

447 4089 493 4150 est
518 4083 655 4168 procella
677 4089 710 4150 et
731 4083 866 4168 impetus
892 4081 1093 4168 tempestatis.

537 4187 590 4254 31.
614 4191 717 4270 (Vers.
740 4189 819 4270 ih).
851 4189 993 4256 Secundo
1018 4195 1172 4274 quantum
1197 4189 1235 4256 ad
1259 4207 1408 4256 veracem

447 4293 695 4382 dissolutionem
714 4297 906 4382 propositae
928 4295 1134 4382 quaestionis
1156 4295 1284 4364 subdit:
1303 4297 1344 4360 Εῖ
1358 4297 1410 4362 ait

447 4401 535 4470 illis:
558 4401 693 4468 Reddite
716 4421 792 4488 erpo
816 4419 901 4490 qliae
914 4385 999 4478 sunt,
1013 4401 1168 4468 Caesaris
1194 4401 1335 4492 Caesari
1340 4425 1351 4480 ;
1376 4401 1407 4470 in

447 4525 510 4594 quo
540 4507 704 4574 manifeste
733 4507 848 4576 iustam
880 4507 931 4580 dat
962 4507 1215 4592 responsionem
1245 4511 1291 4572 est
1323 4507 1407 4574 enim

446 4611 683 4682 aolusinstitiae
706 4639 721 4672 «
736 4612 867 4680 reddere
885 4611 1057 4698 unicuique
1074 4613 1158 4698 quod
1174 4631 1270 4680 suum
1285 4613 1357 4680 θεῖ6
1376 4639 1405 4678 s.

447 4719 477 4786 Si
500 4735 576 4804 ergo
598 4735 651 4786 res
671 4725 720 4786 est
743 4719 811 4786 eius
842 4719 934 4786 caius
965 4719 1060 4786 hahet
1088 4717 1404 4806 superscriptionem

446 4843 520 4894 cam
550 4827 733 4912 temporalia
766 4825 1065 4912 superscriptionem
1088 4825 1227 4894 Caesaris
1253 4825 1404 4906 habeant,

518 5245 527 5276 1
546 5249 582 5300 lte
599 5247 678 5300 etiam
698 5249 725 5300 B.
746 5247 842 5316 hiberi.
862 5253 889 5302 et
905 5247 930 5300 S.
950 5251 1043 5302 Thoan.
1061 5245 1128 5316 (Cat.
1146 5263 1224 5302 aurea
1240 5249 1266 5302 in
1284 5249 1346 5302 Luc.
1361 5251 1404 5302 20.

446 5351 471 5388 n.
483 5335 533 5404 3.);
553 5337 599 5388 eir.
618 5335 707 5388 lllatth.
725 5335 772 5398 20,
798 5337 840 5388 20.
862 5337 975 5400 Vulgata
1000 5335 1210 5404 incoeptionem.
1228 5365 1265 5378 -
1281 5337 1403 5402 Hieron,

446 5425 482 5476 lll.
503 5425 531 5476 in
548 5425 637 5478 llletth.
656 5425 704 5488 22,
721 5425 764 5476 19.
776 5439 864 5492 seqq:
886 5423 1030 5488 ostendite,
1053 5425 1149 5492 inquit,
1162 5425 1231 5480 anilii
1242 5425 1401 5494 denarium,

446 5517 494 5566 hoc
514 5519 551 5566 est
572 5525 655 5578 genus
671 5515 788 5576 nummi,
813 5515 886 5580 qaod
904 5513 1064 5578 proderem
1088 5515 1206 5568 nummis
1226 5515 1404 5580 imputabatur

446 5607 471 5654 et
495 5599 608 5654 habebat
634 5601 777 5666 imaginem
802 5599 927 5654 Caesaris.
953 5599 987 5654 Et
1000 5599 1038 5656 uit
1063 5599 1117 5656 illis
1143 5603 1236 5656 lesus:
1258 5599 1340 5656 Gaius
1366 5605 1404 5656 esi

445 5689 535 5758 imapo
554 5689 619 5744 leoco
638 5691 663 5744 et
679 5689 892 5758 superscriptio?
910 5689 1079 5756 Quipatant,
1098 5689 1329 5754 interrogationem
1349 5691 1404 5742 Sal-

444 5777 542 5830 vatoris
571 5777 744 5842 ignorantiam
773 5791 831 5830 esse
857 5783 884 5830 et
901 5791 954 5830 non
981 5777 1215 5842 dispensationem,
1247 5777 1347 5830 discant
1373 5791 1403 5830 ex

402 5871 404 5876 '
444 5865 575 5930 praesenti
593 5865 662 5930 loco,
682 5867 756 5932 quod
775 5865 866 5932 utique
886 5865 999 5932 potuerit
1016 5867 1083 5920 scire
1106 5867 1192 5932 ῖθεθε,
1214 5867 1289 5920 euius
1315 5867 1401 5932 imago

444 5961 513 6006 esset
531 5953 555 6006 in
575 5967 699 6018 numme,
718 5955 765 6008 sed
785 5955 940 6022 interrogat,
959 5961 986 6008 ut
1006 5955 1037 6008 ad
1052 5969 1201 6010 sermonem
1220 5969 1314 6008 eorum
1333 5969 1402 6006 com·

444 6047 561 6106 petenter
581 6043 768 6116 respondeat...
785 6043 928 6098 Gaesarem
953 6057 1006 6096 non
1025 6051 1148 6108 pellemus
1172 6045 1336 6108 Angustum,
1355 6043 1402 6094 sed

443 6129 577 6184 Tiberium
596 6131 751 6200 significari,
770 6133 923 6196 privignum
944 6133 1025 6184 eiua...
1044 6133 1094 6186 sub
1114 6145 1167 6200 quo
1193 6145 1286 6198 passus
1300 6137 1338 6184 est
1351 6131 1401 6184 Do-

445 6217 538 6272 minuis.

449 6291 451 6296 ’
515 6305 618 6360 1ῖῖθῖε.
639 6307 664 6358 7.
683 6337 718 6348 -
737 6309 854 6362 Subinde
874 6309 1001 6376 allegatur
1013 6313 1075 6364 Luc.
1094 6309 1142 6372 ts,
1160 6311 1188 6360 8.

513 6391 524 6424 ⁸
542 6397 618 6448 Vers.
639 6397 667 6460 l,
688 6403 845 6464 postquem
864 6399 928 6450 Gen.
948 6399 957 6448 l
970 6439 983 6464 „
998 6399 1039 6448 20.

515 6479 640 6538 4Ρεθῖθῖ.
659 6485 690 6552 i,
707 6487 732 6538 7.

514 6567 525 6598 1
542 6571 614 6624 Lihr.
633 6573 675 6624 tlt.
696 6573 720 6624 in
741 6575 802 6626 Luc.
822 6589 845 6626 c.
868 6575 909 6626 20.
933 6588 957 6625 n.
977 6573 1023 6626 35:
1043 6571 1188 6634 imaginem
1211 6567 1329 6622 Caesaris
1346 6583 1400 6622 non

443 6657 520 6712 habet
539 6657 669 6725 Christus,
682 6661 744 6730 qnia
764 6663 851 6726 imago
866 6667 903 6714 est
922 6661 978 6712 Dei.
996 6661 1139 6724 imaginem
1151 6657 1269 6712 Caesaris
1287 6673 1340 6712 nou
1354 6661 1400 6712 ha·

443 6747 486 6802 bet
505 6747 609 6814 Petrae,
629 6747 690 6814 quia
708 6749 772 6802 dixit
791 6747 894 6816 [hlalth.
917 6749 963 6810 19,
984 6745 1055 6814 27.];
1074 6745 1241 6814 deliquimus
1259 6745 1350 6800 ontniu
1375 6747 1401 6800 ei

441 6833 526 6892 secuti
542 6847 639 6888 sarnus
657 6837 690 6888 te.
710 6837 799 6898 imago
818 6833 937 6888 Caesaris
960 6849 1013 6886 non
1030 6835 1161 6898 reperitur
1187 6835 1213 6886 ln
1238 6833 1331 6888 lacobo
1357 6835 1397 6888 vel

2370 519 2431 586 etl

1476 711 1540 760 non
1562 697 1609 760 est
1632 695 1741 758 contra
1766 689 1883 768 Deum,
1908 689 1931 756 si
1955 691 2090 760 terrenis
2105 691 2301 778 principibus
2317 695 2438 780 persol-

1477 805 1603 868 vantur.
1634 799 1706 866 ldeo
1735 797 1775 864 ad
1805 797 1959 864 Romanos
1987 797 2108 864 decimo
2146 797 2264 866 tertio⁷
2296 799 2435 868 dicitnr:

1481 905 1642 974 «Reddite
1664 903 1809 972 omnibus
1832 903 1957 970 debita:
1980 903 2032 972 cai
2054 905 2229 984 tributum,
2256 903 2433 984 tributum;

1477 1013 1529 1082 cui
1550 1011 1699 1100 vectigal,
1718 1011 1857 1098 vectigal.
1875 1011 1995 1080 Nemini
2012 1009 2184 1100 quidquam
2204 1009 2358 1090 debeatis,
2376 1009 2437 1078 nisi

1476 1129 1512 1188 ut
1536 1119 1668 1186 invicem
1691 1121 1827 1206 diligatis
1842 1147 1871 1186 s.
1897 1159 1941 1170 —
1965 1121 2000 1186 Et
2024 1119 2181 1206 quianon
2207 1123 2254 1186 est
2277 1117 2437 1184 subiciens

1476 1225 1612 1304 iustitia,
1637 1225 1697 1292 nisi
1721 1243 1814 1294 suum
1839 1225 2012 1312 unicuique
2034 1223 2208 1304 reddatur;
2235 1221 2305 1288 ideo
2330 1221 2435 1288 addit:

1480 1333 1520 1396 Et
1540 1349 1624 1418 quac
1648 1341 1727 1398 suat
1749 1331 1809 1398 ilci
1828 1333 1908 1412 ueo;
1930 1331 2082 1400 Glossa⁸z
2103 1357 2119 1390 α
2137 1329 2223 1398 Sicut
2237 1329 2351 1398 Caesar
2367 1327 2437 1396 exi-

1475 1437 1521 1522 git
1542 1437 1780 1522 impressionem
1802 1455 1880 1504 suae
1904 1439 2063 1524 imaginis,
2087 1437 2133 1504 sic
2148 1443 2178 1504 et
2196 1437 2280 1504 Deus
2298 1435 2435 1502 animam

1477 1543 1596 1610 lamine
1610 1543 1723 1616 vultus,
1735 1543 1785 1610 sui
1807 1543 1986 1630 insignitam
2005 1569 2035 1624 »;
2059 1551 2190 1632 propter
2214 1541 2298 1630 quod
2315 1541 2436 1630 primae

1477 1649 1517 1714 ad
1532 1649 1710 1715 Corinthios
1725 1649 1846 1716 decimo
1861 1651 1989 1734 quinto:
2014 1651 2128 1718 «Sicut
2144 1649 2341 1734 portavimus
2356 1649 2436 1714 ima-

1476 1753 1581 1840 ginem
1604 1753 1740 1832 terreni,
1766 1753 1809 1820 sic
1834 1761 1995 1840 portemus
2019 1755 2184 1840 imaginem
2209 1753 2349 1822 caelestis
2364 1779 2397 1820 s.

1565 1859 1617 1924 32.
1644 1859 1678 1924 m
1702 1863 1791 1936 nota,
1816 1859 1901 1942 quod
1915 1857 2007 1942 prius
2029 1859 2219 1944 praemittit,
2243 1866 2280 1926 ut
2303 1859 2437 1928 redden·
2467 1873 2577 1926 sationes.

1476 1971 1530 2032 tur
1552 1981 1635 2052 quae
1658 1971 1731 2032 sunt
1756 1963 1884 2044 mundi,
1908 1963 2000 2048 quia,
2025 1963 2105 2032 sicut
2121 1963 2237 2032 dicitur
2262 1965 2382 2052 primae
2396 1965 2436 2034 ad
2450 1939 2591 2032 hillidii

1475 2069 1653 2136 Corinthios
1674 2069 1794 2136 decimo
1820 2069 1929 2154 quinto
1943 2069 1973 2150 1,
2004 2087 2096 2136 «non
2120 2069 2211 2154 prius
2234 2071 2320 2156 qood
2342 2071 2436 2158 spiri·
2450 2035 2598 2132 maiiiiiiim

1476 2175 1560 2242 tuate
1577 2181 1642 2254 θεῖ,
1658 2175 1713 2242 sed
1727 2173 1812 2260 quod
1829 2173 1979 2254 animale,
1997 2173 2106 2242 deinde
2124 2175 2208 2260 quod
2224 2177 2434 2262 spirituale».

1475 2281 1566 2348 Prius
1590 2281 1681 2348 etiam
1706 2281 1925 2366 deponendum
1949 2287 1996 2348 est
2021 2279 2157 2366 pondua,
2174 2299 2270 2366 quam
2285 2281 2358 2364 quis
2375 2283 2436 2348 eri-

1475 2393 1569 2472 gatur
1592 2405 1737 2466 sursam;
1763 2387 1847 2454 unde
1870 2385 2038 2454 Glossa10:
2069 2385 2133 2452 «Si
2155 2403 2218 2452 non
2234 2385 2281 2452 vis
2297 2401 2364 2452 esse
2382 2385 2437 2452 ob-

1474 2493 1593 2560 noxius
1607 2491 1751 2572 Caesari,
1775 2493 1839 2560 noll
1862 2491 1980 2560 habere
2004 2509 2085 2578 quae
2108 2497 2184 2558 sant
2206 2489 2336 2570 mundi;
2354 2497 2386 2558 et
2408 2491 2435 2584 si

1475 2599 1574 2666 habes
1603 2599 1745 2678 divitias,
1777 2599 1935 2664 obnoxius
1967 2615 2001 2664 es
2026 2597 2158 2666 Caesari.
2185 2599 2214 2664 Si
2238 2597 2285 2664 uis
2310 2601 2436 2664 terreno

1475 2705 1539 2792 regi
1564 2705 1645 2772 nihil
1664 2705 1797 2786 debere,
1824 2705 1927 2772 omnia
1952 2711 2007 2770 tua
2029 2704 2191 2790 relinque,
2208 2701 2369 2770 Christum
2387 2721 2435 2770 se-

1474 2831 1584 2900 quere.
1618 2813 1653 2880 Εῖ
1684 2813 1765 2880 bene
1795 2811 1887 2898 prius
1910 2829 1992 2898 quae
2016 2817 2090 2878 sunt
2113 2809 2255 2878 Caesaris
2276 2809 2435 2878 reddenda

1473 2919 1631 3000 decrerit,
1654 2921 1729 3006 quia
1745 2939 1808 2986 non
1825 2925 1925 3006 potest
1942 2919 2014 3004 quis
2029 2935 2097 2986 esse
2113 2917 2255 2998 Domini,
2270 2917 2329 2986 nisi
2344 2917 2436 3002 prius

1455 3103 1457 3106 ,
1474 3025 1593 3094 mundo
1609 3025 1811 3106 renuntiet»;
1829 3043 1926 3112 supra
1937 3025 2058 3094 decimo
2070 3031 2184 3112 quarto
2197 3025 2241 3092 ¹²:
2260 3025 2348 3092 «Nisi
2363 3023 2436 3112 qais

1473 3133 1704 3202 renuntiaverit
1714 3133 1879 3214 omnibus,
1892 3151 1972 3220 quae
1985 3133 2139 3218 possidet,
2153 3151 2215 3198 non
2231 3139 2332 3218 potest
2343 3151 2435 3202 meus

1473 3257 1541 3306 csse
1552 3239 1726 3326 discipulus
1737 3265 1770 3304 s.
1783 3239 1838 3306 Dei
1850 3247 1957 3306 autem
1970 3243 2044 3306 sunt
2057 3239 2159 3306 anima
2175 3245 2206 3306 et
2221 3257 2346 3324 corpus,
2360 3239 2436 3326 quia

1473 3345 1539 3430 ipse
1556 3363 1671 3430 corpus
1688 3353 1719 3414 et
1730 3347 1867 3440 animam
1880 3347 2037 3426 formavit,
2054 3365 2169 3432 corpus
2182 3346 2218 3413 de
2231 3347 2308 3412 limo
2320 3351 2433 3428 terrae,

1473 3451 1608 3516 animam
1634 3451 1671 3518 de
1695 3451 1815 3532 nihilo;
1838 3459 1869 3520 et
1892 3451 1962 3520 ideo
1985 3457 2159 3538 utrumque
2186 3451 2380 3520 reddendam
2402 3459 2435 3520 et

1464 3555 1669 3624 offerendum
1696 3559 1769 3622 lieo.
1793 3559 1884 3640 Quod
1905 3557 2087 3644 designatur
2108 3559 2141 3624 in
2156 3557 2209 3624 illa
2224 3557 2335 3636 uidua,
2352 3575 2434 3642 quae
2452 3577 2535 3634 ragan.

1475 3661 1560 3728 misit
1589 3687 1603 3718 (ι
1620 3661 1684 3730 duo
1706 3679 1780 3728 aera
1794 3661 1916 3730 minuta
1933 3661 1964 3728 in
1979 3660 2238 3748 gazophybcium
2255 3687 2270 3720 s
2290 3661 2433 3742 Domini,

1473 3767 1557 3832 inira
1580 3767 1730 3852 vigesimo
1755 3767 1906 3854 primo12.
1926 3767 1961 3832 Et
1976 3767 2046 3832 ideo
2062 3765 2100 3832 ad
2117 3769 2270 3834 Ronlanos
2285 3765 2434 3832 duodeci-

1473 3889 1545 3938 mo:
1578 3873 1790 3940 «Exhibeatis
1815 3889 1947 3958 corpora
1973 3877 2079 3940 vestra
2103 3871 2236 3940 hostiam
2261 3871 2432 3952 viventem,

1473 3987 1632 4060 sanctam,
1655 3981 1719 4048 beo
1742 3979 1935 4066 placentem,
1958 3979 2142 4046 rationabile
2168 3979 2355 4064 obsequium
2380 3997 2433 4046 re-

1472 4091 1585 4152 strum.
1611 4085 1648 4150 Et
1670 4085 1767 4152 nolite
1790 4083 1977 4152 coniormari
1998 4085 2072 4152 hnic
2089 4079 2238 4164 saeculo,
2263 4087 2317 4152 sed
2332 4083 2433 4152 reior-

1472 4189 1601 4258 mamini
1619 4191 1651 4258 in
1667 4179 1806 4258 nouitate
1822 4207 1934 4258 sensus
1949 4189 2044 4258 vestri
2064 4217 2091 4256 a.
2111 4191 2197 4258 Unde
2211 4191 2245 4258 in
2261 4191 2320 4258 hoc
2334 4191 2433 4258 verbo
2451 4209 2580 4258 sonarum.

1472 4297 1632 4374 clauditur
1654 4313 1779 4362 summa
1802 4297 1899 4364 totius
1921 4285 2060 4364 iustitiae
2081 4303 2113 4362 et
2136 4297 2335 4380 perfectionis
2348 4297 2385 4360 ¹³.

1562 4401 1614 4468 33.
1640 4403 1741 4486 (Vers
1767 4403 1843 4486 20).
1877 4401 1981 4468 Tertio
2013 4405 2166 4486 quantum
2194 4401 2232 4468 ad
2255 4403 2431 4470 evidentem
2449 4421 2571 4486 sonuum

1471 4505 1731 4592 confutationem
1757 4507 1900 4574 ustarliae
1915 4507 2095 4594 versipellis
2112 4507 2290 4594 subiungit:
2310 4509 2349 4576 lic
2365 4527 2431 4576 non
2460 4477 2562 4576 iiiiii.

1469 4621 1650 4700 potuerunt
1676 4609 1910 4698 reprehendere
1933 4611 2070 4678 uerbum
2091 4613 2163 4678 eius
2188 4633 2302 4680 coram
2321 4613 2429 4700 plebe,

1468 4739 1527 4806 per
1554 4725 1758 4804 apparentem
1790 4719 2077 4788 contradictionem.
2102 4721 2163 4788 Nec
2187 4721 2322 4814 mirum,
2355 4721 2430 4808 qnia

1469 4825 1509 4894 ad
1531 4827 1686 4894 Romanos
1708 4827 1853 4894 nono14:
1883 4829 1962 4894 «Tu
1987 4827 2132 4914 1θθῖεθε,
2160 4827 2214 4914 qui
2241 4827 2429 4916 respondeas

1467 5251 1577 5318 manne,
1595 5251 1656 5318 quia
1670 5247 1721 5320 put
1733 5247 1847 5304 tonitrui
1864 5253 1924 5302 sunt
1943 5247 2029 5316 [liare.
2052 5251 2079 5312 3,
2102 5245 2171 5316 17],
2190 5251 2237 5302 sed
2255 5251 2385 5316 reperitur
2399 5249 2427 5302 in

1467 5339 1547 5402 arari,
1567 5339 1613 5392 arbi
1632 5339 1760 5392 bacones
1777 5337 1815 5390 illi
1832 5337 1948 5392 contritis
1966 5337 2096 5404 capitibus
2106 5351 2187 5402 super
2198 5353 2310 5406 aquam,
2327 5343 2355 5392 et
2370 5341 2427 5404 ipse

1467 5427 1548 5482 draco
1562 5427 1656 5490 maior,
1670 5425 1847 5482 comminatus
1867 5433 1956 5494 caput,
1970 5427 2085 5482 daturin
2098 5439 2188 5482 escam
2201 5425 2313 5498 papates
2324 5425 2428 5482 Aethio·

1463 5531 1533 5584 prim
1552 5515 1606 5586 [Ps.
1626 5515 1674 5580 73,
1695 5515 1758 5584 10],
1779 5515 1806 5568 Si
1831 5529 1896 5582 ergo
1919 5531 1972 5570 non
1999 5515 2088 5570 habuit
2115 5513 2255 5584 {Christus}
2280 5517 2424 5582 imaginem

1466 5605 1596 5668 Caesaris,
1618 5617 1664 5656 cur
1684 5605 1756 5658 dedit
1772 5605 1900 5658 censum?
1920 5605 1977 5656 Non
2002 5605 2035 5656 de
2054 5617 2103 5656 suo
2127 5603 2214 5668 dedit,
2240 5605 2287 5656 sed
2310 5605 2426 5658 reddidit

1466 5693 1569 5748 mundo
1586 5695 1659 5762 quod
1679 5701 1734 5746 erat
1752 5693 1853 5746 mundi.
1873 5695 1901 5746 Et
1921 5699 1962 5756 tu,
1976 5695 1998 5746 si
2011 5693 2054 5746 vis
2069 5707 2124 5746 non
2141 5707 2199 5748 esse
2218 5693 2348 5746 obnoxius
2366 5693 2428 5748 Cae·

1466 5781 1532 5846 sari,
1552 5783 1602 5836 noli
1622 5781 1719 5836 habere
1739 5797 1808 5848 qaae
1826 5781 1917 5836 mundi
1937 5789 1997 5836 sunt
2014 5787 2062 5836 etc.
2075 5809 2112 5822 -
2127 5781 2250 5850 Sequitur
2268 5783 2357 5836 lllatlh.
2379 5781 2426 5848 17,

1466 5871 1509 5920 26.
1526 5899 1564 5910 -
1581 5869 1689 5924 lnlerios
1706 5883 1755 5934 pro
1774 5869 1938 5926 terrenitatis
1956 5869 2014 5924 Vat.
2034 5869 2210 5926 strennuitatis.

1538 5955 1550 5988 ⁶
1568 5957 1622 6010 Cir.
1639 5963 1701 6010 torn.
1722 5961 1760 6012 lll.
1778 5971 1841 6022 pag.
1860 5957 1926 6026 728,
1944 5965 2005 6012 nota
2024 5959 2052 6012 ·l.

1537 6043 1643 6106 'Vera
1661 6043 1687 6098 7.
1705 6049 1732 6096 et
1751 6047 1775 6096 S.

1536 6129 1670 6186 8ὃθῖῖῖθθῖ
1694 6131 1836 6186 ordinaria
1866 6133 1907 6202 (ex
1934 6131 2024 6202 Beda).
2051 6161 2085 6172 -
2109 6133 2226 6186 Subinde
2252 6135 2379 6198 allegatur
2407 6133 2424 6186 t.

1464 6219 1524 6274 Cor.
1547 6223 1592 6286 ld,
1609 6223 1650 6274 ts.
2256 6217 2364 6274 θῖῖθθε.
2381 6221 2424 6274 td.
2508 6269 2509 6272 ,

1536 6307 1560 6340 ²⁰
1578 6311 1681 6364 Scilicet
1700 6307 1842 6364 ordinario
1857 6307 1896 6376 (ex
1918 6307 2038 6362 imbros.
2048 6351 2054 6376 ‚
2066 6309 2111 6362 lX.
2123 6309 2149 6360 in
2164 6311 2226 6362 Luc.
2244 6323 2265 6362 c.
2287 6309 2328 6360 20.
2342 6325 2367 6360 n.
2380 6307 2423 6360 35.

1463 6407 1535 6460 seq.;
1555 6397 1601 6448 cir.
1619 6409 1698 6460 snpra
1718 6401 1777 6448 nota
1798 6395 1832 6462 5.)
1847 6397 1875 6448 in
1892 6397 1954 6450 Luc.
1967 6397 2013 6464 20,
2027 6397 2070 6448 ni.
2081 6423 2119 6436 —
2130 6397 2256 6462 Superius
2275 6409 2323 6460 pro
2342 6393 2424 6448 Prius

1463 6479 1547 6536 etum
1567 6485 1617 6552 (ita
1635 6483 1697 6550 cu)
1718 6487 1777 6538 Vnt.
1797 6483 1878 6538 Prius
1895 6483 1977 6538 euim.

1535 6569 1558 6604 ¹²
1577 6575 1655 6634 Vers,
1673 6575 1716 6626 33.

1537 6655 1560 6690 ¹²
1578 6663 1653 6716 Vers.
1675 6665 1698 6714 2.
1717 6667 1743 6714 θῖ
1761 6661 1860 6716 deinde
1877 6665 1953 6716 Rom.
1974 6664 2019 6726 12,
2042 6665 2065 6716 1.
2083 6679 2139 6730 seq.

1537 6745 1560 6780 ¹³
1578 6753 1638 6806 vat.
1657 6751 1796 6808 clauditur
1814 6751 1943 6808 sententio
1962 6751 2044 6808 totius
2062 6751 2179 6808 iustin'ne
2195 6751 2337 6822 periectos.

1535 6833 1559 6868 ¹⁴
1578 6843 1652 6894 vers.
1673 6841 1719 6910 20,
1739 6847 1895 6910 postquem
1917 6839 1959 6896 lob
1980 6841 2009 6906 9,
2031 6843 2070 6896 12.
