5900 8266
304 2145 442 2200 Septilcrmis

332 2199 417 2244 4444444.

242 3465 243 3468 ¹
315 3415 401 3472 Septies
415 3419 436 3460 et

303 3471 398 3526 amplius
411 3481 446 3514 vc·

301 3523 339 3566 nia
353 3523 447 3568 tribuen-

356 3577 393 3620 da.

1032 573 1225 640 couniunt.
1251 573 1287 640 ΙΝ
1313 573 1552 640 EVANGELlUltl
1573 573 1692 640 tuctu
1715 575 1748 640 C.
1771 577 1861 642 Xllll.

2372 583 2438 652 tut

459 751 614 820 dominica
638 753 780 822 Matthaei
806 755 940 822 sexto1:
960 751 1116 820 «Dimitte
1133 751 1221 820 nobis
1245 751 1347 820 debita
1364 769 1419 820 no·
1448 749 1452 844 4
1483 769 1545 818 444
1568 751 1686 836 4444444
1707 751 1824 820 offensa
1849 751 1984 832 remitti,
2007 755 2062 822 sed
2084 757 2177 822 aliter
2196 755 2326 840 petenti,
2345 757 2437 822 aliter

461 867 534 940 stra,
553 861 635 928 siout
650 871 681 928 et
705 879 762 928 nos
775 861 962 928 dimittimus
985 859 1182 926 debitoribus
1202 857 1320 928 nastris
1333 883 1367 940 n;
1387 866 1419 926 et
1478 861 1694 946 persequenti.
1718 859 1806 926 Unde
1826 859 1936 928 Glossa
1956 859 2057 928 Bedae
2069 859 2098 928 ⁸:
2120 861 2247 928 «Aliter
2260 859 2370 946 fratri
2382 881 2438 948 pe-

1483 965 1575 1044 tenti,
1601 963 1692 1032 aliter
1712 963 1849 1030 inimico
1871 967 2077 1052 persequenti
2101 967 2224 1034 veniam
2247 965 2322 1030 dare
2348 985 2438 1050 prae·

1482 1069 1629 1152 444444.
1651 1069 1785 1148 Fratri,
1811 1087 1956 1138 concessa
1980 1071 2179 1148 remissione,
2202 1069 2287 1136 socia
2309 1069 2439 1136 caritate

1483 1173 1768 1252 cotnmuuicavnus;
1797 1175 2003 1260 persecutori
2037 1177 2153 1242 malum
2186 1175 2276 1240 nobis
2306 1173 2438 1252 volenti,

1483 1279 1550 1360 vel,
1574 1279 1597 1346 si
1624 1287 1737 1364 potest,
1760 1281 1849 1348 nobis
1872 1281 2013 1360 facienti,
2039 1283 2120 1348 bona
2139 1281 2288 1348 volumus
2310 1287 2342 1348 et
2365 1279 2439 1348 taci-

1481 1405 1555 1452 mus
1576 1387 1660 1470 quod
1685 1405 1854 1472 possamus
1869 1411 1898 1466 »;
1924 1393 1954 1454 et
1978 1387 2037 1454 hac
2061 1387 2206 1472 exennplo
2235 1383 2375 1464 Christi,
2399 1385 2438 1450 de

460 967 620 1052 sequitur:
650 969 710 1034 «Si
748 967 831 1036 enim
860 965 1041 1032 dimiseritis
1077 965 1257 1032 bominibus
1290 969 1419 1050 peccata

461 1087 586 1152 eorum,
610 1073 747 1140 dimittet
776 1071 864 1138 vobis
889 1071 978 1138 Pater
1003 1069 1143 1138 caelestis
1174 1068 1278 1137 debita
1302 1077 1416 1138 vestra.

461 1175 490 1240 Si
515 1183 621 1246 autem
638 1195 699 1244 non
713 1175 894 1248 dimiseritis
914 1175 1113 1254 hominibus,
1131 1193 1188 1242 nec
1204 1175 1293 1240 Pater
1315 1183 1418 1242 vester

460 1285 601 1350 caelestis
625 1283 761 1348 dimittet
780 1279 870 1348 vobis
893 1287 1019 1366 peccata
1041 1289 1191 1348 vestra».
1214 1281 1284 1348 ldeo
1302 1283 1418 1348 dicitur

461 1389 663 1458 Ecclesiastici
697 1387 844 1474 vigesimo
869 1387 1022 1454 notator:
1058 1387 1241 1474 «Relinque
1271 1387 1418 1472 proximo

461 1495 584 1562 nocenti
608 1501 655 1572 te,
680 1499 711 1560 et
734 1499 810 1558 tuuc
827 1491 1005 1576 deprecanti
1022 1491 1077 1558 tibi
1098 1499 1223 1576 peccata
1246 1493 1416 1560 solventur.

461 1601 556 1666 llorao
580 1599 699 1666 homini
721 1603 828 1664 servat
853 1597 951 1678 iram,
973 1605 1006 1664 et
1028 1615 1047 1664 a
1070 1599 1135 1666 Dec
1156 1599 1282 1684 quaerit
1315 1599 1418 1666 mede-

461 1707 544 1770 lamt
562 1705 594 1768 la
610 1705 779 1768 homiaem·
796 1705 928 1770 similem
953 1705 1011 1772 sibi
1034 1723 1095 1772 aon
1122 1705 1215 1772 habet
1239 1705 1418 1774 misericor-

460 1809 556 1888 diam,
583 1815 612 1876 et
629 1809 665 1874 de
690 1809 825 1894 peccatis
848 1811 914 1876 suis
935 1811 1144 1894 deprecaturi
1159 1811 1238 1894 lpse,
1256 1829 1328 1876 curn
1343 1829 1417 1876 care

460 1915 518 1994 sit,
540 1921 681 1982 reservat
704 1915 801 1994 iram,
827 1921 856 1984 et
881 1915 1132 2002 propitiationem
1148 1917 1224 2002 petit
1242 1935 1261 1982 4
1282 1917 1346 1984 Deo
1361 1923 1395 1982 oi

551 2023 600 2086 ll.
626 2019 726 2104 (Vers.
760 2021 816 2102 4.).
841 2023 877 2086 lit
907 2023 1057 2104 quoniam
1088 2021 1304 2088 misericordia
1326 2019 1418 2102 dehet

462 2125 614 2194 excedere
639 2125 805 2206 offensam,
830 2125 899 2192 ideo
923 2125 1045 2192 subdit:
1065 2129 1104 2192 Et
1120 2125 1151 2190 si
1172 2125 1288 2210 septies
1313 2125 1345 2192 in
1365 2125 1416 2190 elie

457 2233 642 2318 peccauerit
664 2233 701 2296 iu
723 2239 768 2310 te,
791 2251 847 2316 per
872 2233 1037 2298 laesionem
1056 2231 1271 2314 multiplicem.
1296 2231 1416 2298 cedar:

467 2363 481 2396 «
500 2337 583 2404 Solet
619 2335 808 2404 universitas
839 2337 1016 2422 septenario
1049 2337 1254 2422 designari»,
1284 2345 1415 2422 propter

461 2443 543 2530 quod
568 2443 682 2510 dicitur
707 2443 798 2510 etiam
833 2443 1075 2512 proverbiorum
1105 2443 1257 2530 vigesimo
1284 2449 1416 2528 quarto:

466 2579 480 2608 4
498 2551 615 2634 Septies
641 2551 669 2616 ia
695 2551 744 2618 die
775 2551 856 2616 cadit
888 2551 990 2616 iustus
1014 2557 1051 2618 et.
1068 2557 1212 2634 resurget
1228 2575 1260 2614 n.
1284 2549 1417 2616 Possunt

460 2665 564 2724 autem
588 2675 645 2740 per
667 2657 741 2722 istas
767 2665 885 2740 septem
910 2655 991 2722 vices
1016 2655 1212 2740 septiformes
1235 2655 1336 2740 colligi
1363 2655 1417 2722 tri-

461 2763 652 2844 bulationeS,
676 2763 792 2848 quibus
817 2763 889 2848 quis
911 2761 1093 2848 proximum
1110 2761 1220 2842 laedit,
1235 2761 1416 2828 seducendo

461 2869 669 2950 intellectum,
695 2869 940 2956 corrumpendo
964 2869 1129 2950 affectum,
1153 2869 1332 2956 ufflipendo
1347 2885 1416 2934 cor-

461 2995 537 3060 444,
560 2975 785 3046 subtrahendo
817 2977 960 3064 propria,
992 2977 1183 3064 coaequato
1214 2993 1288 3054 sua,
1323 2973 1416 3042 uerbo

461 3083 614 3148 lucetendo
631 3085 743 3152 famam
769 3091 799 3150 et
824 3085 967 3168 44444444
990 3085 1141 3152 vitiando
1163 3085 1277 3162 vitam;
1293 3083 1333 3150 de
1347 3083 1429 3170 qui,

461 3187 522 3254 bus
542 3187 658 3256 dicitur
682 3189 735 3256 lob
760 3191 909 3274 quintos.-
941 3217 957 3250 «
971 3191 1005 3256 ln
1028 3209 1086 3256 sex
1110 3187 1366 3256 tribulationibus
1383 3189 1417 3254 li-

461 3295 583 3360 berabit
604 3297 653 3374 te,
677 3303 709 3362 et
731 3297 764 3362 in
786 3297 917 3380 septima
934 3315 994 3362 uon
1014 3303 1117 3382 tanget
1143 3305 1170 3364 te
1192 3297 1309 3362 4444444
1328 3321 1356 3360 n.
1376 3331 1416 3346 -

462 3399 495 3466 lit
521 3401 599 3466 haec
619 3401 723 3470 omnia
745 3401 930 3466 dimittenda
955 3407 1028 3466 4444
1043 3403 1229 3484 poenitenti:
1251 3403 1289 3466 ct
1304 3403 1418 3486 septies

462 3507 496 3574 iu
521 3507 573 3572 die
595 3525 773 3572 conuersus
794 3505 902 3592 feeerit
923 3507 969 3572 ud
985 3515 1032 3586 te,
1049 3509 1176 3574 diceus:
1196 3507 1341 3574 Paenitet
1354 3527 1416 3586 rue,

462 3629 519 3696 per
542 3613 708 3676 mentalem
731 3609 1023 3694 conpunctionem
1046 3609 1173 3676 dimitte
1198 3611 1262 3686 illi,
1287 3629 1343 3694 per
1359 3609 1416 3676 mi-

461 3715 649 3782 sericordem
671 3715 948 3792 condonationem,
965 3731 1003 3780 ne
1026 3715 1105 3780 torte
1122 3715 1245 3779 dicatur
1269 3713 1325 3780 tibi
1340 3715 1415 3782 illud

427 3901 428 3904 Ἴ
461 3817 545 3904 quod
568 3817 699 3904 „dictum
733 3825 781 3886 est
815 3835 907 3886 servo
943 3835 1079 3904 nequam
1114 3817 1261 3884 Matthaei
1295 3817 1416 3886 decimo

461 3931 571 3990 octavo
584 3925 612 3988 ⁵:
644 3925 771 3990 «Serve
793 3943 950 4008 nequam,
965 3941 1058 3990 onrne
1074 3925 1214 3990 debiturn
1229 3923 1334 3990 dimisi
1349 3925 1415 4004 tibi,

462 4029 608 4116 quoniam
635 4029 749 4114 rogasti
776 4047 842 4108 me;
866 4047 969 4096 nonne
992 4047 1068 4114 ergo
1090 4029 1239 4114 oportuit,
1258 4035 1288 4096 et
1312 4037 1341 4096 te
1356 4031 1414 4096 mi-

461 4135 557 4204 sereri
583 4135 723 4204 conservi
749 4133 812 4212 tui,
838 4135 918 4200 sicut
934 4141 966 4202 et
980 4153 1037 4220 ego
1061 4133 1106 4200 tui
1125 4133 1273 4202 misertus
1295 4153 1366 4202 sum
1380 4141 1416 4202 »t

415 4253 417 4258 ’
464 4243 548 4310 Sicut
573 4261 648 4326 ergo
669 4243 754 4306 Deus
778 4241 859 4306 omui
886 4241 1002 4324 petenti
1027 4241 1148 4306 veniam
1167 4243 1287 4320 tribuit,
1305 4259 1416 4308 seeun-

461 4351 536 4414 dum
568 4347 646 4414 44444
680 4347 849 4414 Ezechielis
881 4345 1038 4430 trigesimo
1071 4347 1207 4412 tostici:
1241 4347 1416 4446 «impietas

393 4459 394 4462 ’
462 4453 545 4538 impii
570 4441 632 4518 non
664 4453 788 4520 nocebit
810 4453 855 4532 ei,
881 4453 912 4516 44
944 4453 1146 4538 quacumque
1170 4451 1221 4536 die
1244 4469 1416 4518 conversus

309 5109 438 5156 Notandum.

461 4561 555 4626 tuerit
572 4585 588 4618 »
615 4567 690 4636 etc.;
716 4559 759 4624 sic
793 4565 825 4624 et
854 4575 912 4624 nos
947 4557 1095 4624 debemus
1119 4557 1288 4642 poenitenti
1313 4557 1415 4624 dimit-

462 4673 537 4732 tere.
560 4663 648 4732 Unde
669 4663 797 4748 ponitur
823 4663 873 4730 hic
898 4681 1050 4730 numerus
1067 4663 1174 4728 linitus
1199 4681 1257 4748 pro
1279 4663 1414 4744 iadoito;

460 4771 544 4838 'trude
566 4769 808 4854 Chrysostomus
823 4771 852 4834 ⁷:
876 4795 900 4834 ,4
915 4769 977 4836 Etsi
993 4767 1170 4852 septuagies
1187 4769 1300 4852 septies
1325 4767 1414 4840 dimi-

461 4879 555 4956 seris,
581 4885 702 4956 tamen,
727 4877 807 4942 sicut
837 4883 924 4962 gutta
953 4893 1052 4960 aquae
1084 4873 1121 4940 ad
1141 4875 1296 4960 pelagus,
1322 4875 1416 4942 immo

460 4983 558 5050 nnulto
583 4983 679 5068 magis
704 4981 807 5050 delicit
840 4989 894 5050 tua
927 4981 1161 5068 philanthropia
1191 4981 1230 5046 ad
1263 4981 1415 5048 infinitam

459 5091 627 5158 bonitatem
652 5089 750 5158 Dei».
776 5091 896 5158 Debent
917 5089 1015 5176 igitur
1031 5107 1140 5154 omnes
1155 5087 1299 5166 offensae,
1317 5107 1415 5174 quan·

459 5201 648 5284 thecamque
670 5205 702 5264 et
725 5205 939 5284 quotcumque
971 5203 1001 5262 et
1037 5195 1300 5282 quandocumque
1333 5201 1362 5260 et
1397 5215 1415 5260 a

460 5319 660 5388 quocumque
681 5303 782 5370 laetae
803 5303 939 5382 fuerint,
965 5301 1092 5380 dimitti,
1115 5299 1143 5368 si
1173 5301 1338 5368 humiliter
1360 5319 1416 5386 444

460 5425 564 5474 veram
590 5409 810 5492 poenitentiam
838 5411 924 5478 venia
949 5409 1146 5494 postulatam
1161 5415 1193 5474 et
1209 5407 1299 5476 debet
1324 5407 1415 5474 etiarn

532 5813 541 5842 ¹
560 5815 635 5866 Vers.
658 5815 699 5868 te.
719 5823 743 5866 et
764 5815 805 5866 44.
819 5821 879 5884 seq.

532 5899 636 5954 ivero.
657 5905 708 5956 2-5.

532 5989 631 6044 Β4444.
651 5993 680 6044 V.
701 5991 727 6042 in
744 5993 807 6050 Luc.
828 5991 875 6054 47,
896 5993 924 6056 4;
944 5993 1070 6046 sententia
1090 5993 1226 6046 exhibetur
1239 5993 1330 6046 verbis
1347 5995 1416 6048 Glos-

460 6093 504 6134 444
524 6077 689 6132 ordinariae.
719 6107 751 6116 --
782 6079 905 6146 Sequitur
927 6081 1004 6132 Prov.
1026 6079 1067 6142 44,
1089 6081 1131 6132 46.
1154 6109 1185 6118 -
1211 6083 1298 6134 Glosso
1318 6079 1416 6134 interti-

458 6167 566 6222 uearis:
581 6169 615 6222 Et
632 6167 659 6220 si
674 6165 771 6236 septies
786 6167 936 6234 peccauerit
956 6167 982 6220 in
1001 6171 1040 6232 te,
1059 6169 1082 6220 si
1100 6169 1169 6220 enirn
1195 6169 1222 6220 in
1247 6171 1345 6232 Deum,
1363 6183 1416 6220 non

460 6259 508 6310 erit
529 6259 608 6310 nostri
626 6255 727 6309 arbitrii
746 6255 870 6322 (Hieron,
891 6255 928 6306 lll.
949 6255 975 6306 in
992 6257 1081 6308 Mattb.
1103 6257 1151 6318 ts,
1170 6257 1214 6310 45.
1231 6257 1328 6322 seqq).

530 6343 633 6396 ‘vers
665 6343 707 6394 49.
725 6339 776 6394 Cir.
804 6355 884 6406 supra
912 6355 935 6392 c.
956 6343 996 6392 46.
1029 6355 1052 6392 4.
1083 6341 1125 6392 bd.
1144 6369 1178 6382 -·
1196 6343 1245 6394 Pro
1271 6341 1416 6410 dequibus

460 6429 509 6482 AC
522 6433 543 6482 4)
556 6445 611 6496 pro
630 6427 736 6496 quibus.

531 6515 636 6568 ⁵Vors.
656 6519 696 6568 34.
727 6523 751 6568 44
779 6517 821 6568 33.
843 6543 875 6552 -·-
895 6515 1021 6580 Sirperius
1044 6531 1095 6580 pro
1116 6517 1262 6570 mentalem
1289 6529 1416 6584 compun-

459 6603 572 6658 ctionem
593 6607 613 6658 d
630 6603 846 6672 poenitentialem
864 6605 1103 6672 compunctionem,
1122 6607 1145 6658 H
1172 6601 1263 6658 cordis
1290 6617 1415 6672 compun-

461 6691 573 6748 ctionem
593 6697 618 6746 et
635 6693 765 6746 barnilona
784 6691 1001 6762 sutissucticueu.

531 6777 634 6832 644444.
657 6781 696 6832 li.
717 6781 768 6834 Cir.
788 6795 867 6846 supra
887 6795 910 6834 c.
930 6781 975 6834 44.
991 6795 1017 6834 n.
1037 6781 1080 6832 35.
1100 6777 1281 6846 etimithi,
1301 6777 1344 6830 4-4.

532 6867 542 6898 ⁷
560 6871 655 6922 llamil.
674 6871 717 6922 64.
737 6871 809 6934 (alias
829 6871 881 6940 64.)
904 6871 927 6922 44
948 6873 1036 6926 blotth.
1055 6885 1083 6922 n.
1104 6871 1126 6922 4.
1147 6869 1212 6922 lbid.
1230 6869 1280 6922 ait:
1298 6867 1353 6922 Nou
1366 6883 1416 6920 nu·

1483 1509 1547 1576 quo
1563 1491 1643 1558 inira
1659 1491 1809 1576 vigesimo
1824 1491 1917 1558 tertio
1930 1491 1958 1558 ⁹:
1982 1493 2115 1572 «Pater,
2131 1491 2255 1576 ignosce
2271 1489 2347 1570 illis,
2365 1489 2439 1576 quia

1482 1597 1640 1676 nesciunt,
1657 1597 1734 1684 qaid
1750 1597 1869 1664 iaciunt
1880 1621 1912 1674 »ς
1929 1599 2074 1682 exemplo
2090 1597 2209 1676 Dauid,
2227 1597 2280 1684 qui
2299 1597 2438 1664 dicebat:

1489 1729 1505 1760 ‹<
1519 1703 1550 1768 Si
1574 1703 1694 1770 reddidi
1718 1701 1968 1770 retribuentibus
1992 1703 2068 1768 mihi
2092 1699 2199 1768 mila»
2230 1709 2307 1780 etc.;
2329 1697 2458 1768 exem?

1482 1809 1533 1892 plo
1559 1807 1798 1894 protomartyris
1814 1805 1989 1892 Stephani,
2004 1807 2043 1874 de
2060 1827 2123 1892 quo
2139 1809 2272 1874 hotuum
2291 1807 2437 1892 septimo:

1489 1913 1630 1982 «Positis
1658 1921 1763 1980 autem
1796 1913 1946 1998 44444444,
1970 1915 2116 1980 clamavit
2150 1931 2226 1980 voce
2255 1931 2368 1998 magna
2390 1913 2437 1980 di-

1483 2033 1573 2082 eens:
1597 2017 1747 2094 Domine,
1769 2017 1877 2100 accipe
1898 2017 2046 2100 spiritam
2071 2035 2177 2084 meum
2200 2025 2233 2084 et
2255 2035 2295 2084 ne
2317 2025 2438 2084 statuas

1481 2119 1543 2188 illis
1567 2121 1626 2188 hcc
1648 2125 1821 2206 peccatum.
1845 2123 1978 2188 Etcum
2001 2123 2060 2188 boc
2075 2121 2224 2202 dixisset,
2249 2123 2439 2192 obdormivit

1482 2227 1669 2294 in‘Domino
1687 2255 1715 2292 4.

1636 2453 1805 2510 4444444444
1822 2471 1867 2524 444
1885 2453 1979 2526 duplex
1998 2453 2139 2524 exemplum
2158 2453 2291 2510 sensibile.

2478 2539 2546 2572 ΓΝ

1575 2653 1625 2718 tn.
1649 2653 1692 2716 ct
1718 2653 1878 2718 dicerunt
1908 2651 2059 2736 Apostoli
2088 2653 2238 2720 Domina.
2269 2653 2437 2740 Postquam

1482 2757 1661 2826 informavit
1685 2757 1853 2842 discipulos
1877 2757 1914 2824 ad
1949 2759 2142 2842 spiritualem
2174 2759 2317 2844 pietatem
2342 2761 2439 2828 ratio·

1482 2865 1577 2932 nubili
1600 2865 1806 2944 documento,
1829 2865 1881 2932 hia
1909 2865 2047 2932 secundo
2069 2865 2267 2932 manuducit
2282 2867 2408 2954 4444444
2430 2919 2436 2932 .

1482 2973 1519 3040 Et
1541 2971 1690 3058 quoniam
1711 2969 1830 3058 duplex
1854 2977 1900 3040 est
1925 2971 2016 3038 radix
2040 2971 2163 3058 pietatis
2181 2971 2363 3058 spiritualis
2379 2971 2440 3040 soi·
2492 3021 2496 3026 .-

1481 3079 1555 3146 licet
1576 3077 1656 3164 rides
1679 3075 1813 3164 feruida
1833 3085 1867 3144 44
1881 3075 2055 3144 humilitas
2070 3077 2247 3158 timorate,
2264 3079 2439 3146 secundum

1481 3187 1561 3252 illud
1585 3185 1786 3252 Ecclesiastici
1805 3185 1953 3270 vigesimo
1968 3185 2136 3270 quint010:
2159 3211 2175 3242 «
2188 3183 2292 3250 Timor
2308 3185 2363 3251 Dei
2378 3185 2439 3252 ini-

1482 3293 1563 3358 tium
1584 3291 1758 3358 dilectionis
1779 3293 1866 3370 eius;
1890 3291 1959 3358 tidei
1976 3299 2082 3358 autern
2099 3291 2222 3358 initium
2241 3293 2438 3376 agglutinari·
2461 3349 2467 3358 .

1481 3397 1559 3462 ditm
1581 3403 1630 3462 est
1651 3395 1747 3476 illin;
1770 3397 1839 3464 idea
1862 3397 1912 3462 hic
1938 3397 2038 3480 primo
2069 3397 2214 3482 proponit
2239 3397 2436 3480 exemplum,
2455 3417 2547 3462 4444.

1484 3521 1539 3586 444
1564 3503 1647 3588 quod
1670 3503 1893 3570 manuducitur
1918 3503 1956 3568 ad
1976 3503 2143 3590 fervidum
2159 3503 2276 3588 sitleam
2301 3503 2438 3570 secundo

1481 3627 1575 3688 vero,
1598 3627 1655 3694 per
1679 3611 1762 3696 quod
1787 3609 2010 3676 manuducitur
2033 3609 2073 3676 ad
2095 3611 2288 3676 tintorutum
2306 3607 2439 3676 4444444-

1482 3721 1599 3792 tatem,
1625 3715 1724 3782 ibl11:
1754 3715 1834 3796 Quis
1850 3721 1960 3780 autern
1980 3723 2127 3782 uestrum
2148 3713 2271 3782 haberis
2294 3733 2437 3782 seruum.

1571 3821 1659 3888 Circa
1683 3821 1778 3904 igitur
1802 3821 2002 3904 cuctnplurn,
2018 3841 2082 3908 quc
2098 3823 2378 3886 muuuducuntur
2393 3823 2440 3888 ud
2457 3841 2489 3886 44
2502 3841 2572 3896 primo

1479 3925 1579 4010 tidem
1601 3927 1662 3992 tria
1685 3927 1904 4006 insinuantur,
1937 3939 2018 4012 quac
2050 3927 2087 3992 ad
2120 3925 2340 4012 perlectionem
2367 3927 2437 3994 fidei
2465 3895 2565 3990 “ihil

1480 4039 1696 4114 concurrunt,
1718 4033 1836 4100 seilicet
1858 4033 1938 4118 fidei
1958 4039 2072 4112 ortus,
2084 4031 2258 4120 profectus
2272 4039 2305 4098 et
2320 4033 2438 4102 uirtus.

1481 4139 1579 4206 Fidei
1599 4147 1696 4204 crtus
1717 4137 1858 4206 consistit
1883 4139 1912 4204 44
1931 4137 2128 4222 susceptione
2142 4137 2214 4204 doni
2232 4139 2342 4218 divini,
2357 4159 2438 4224 pro-

1480 4243 1587 4330 fectus
1610 4245 1642 4310 44
1665 4245 1884 4330 cooperatione
1907 4243 1998 4312 liberi
2020 4243 2152 4324 arbitrii,
2177 4245 2286 4312 uirtus
2311 4263 2385 4312 vero
2401 4247 2434 4312 in

1480 4351 1686 4418 exsecatione
1708 4351 1840 4416 mirandi
1864 4351 2000 4434 imperii.

1575 4453 1625 4522 43.
1650 4455 1752 4538 (Vens,
1777 4455 1831 4538 5.).
1865 4453 1966 4520 Primo
2002 4473 2076 4540 ergo
2107 4461 2262 4542 qnantum
2295 4457 2334 4522 ad
2360 4455 2440 4542 ddei
2455 4473 2560 4520 44444.

1480 4567 1592 4624 orturn
1613 4561 1834 4626 consistentem
1857 4559 1890 4624 ia
1904 4561 2107 4644 susceptione
2123 4561 2203 4626 eleni
2225 4559 2333 4626 diuini
2347 4577 2440 4644 prae·

1479 4665 1593 4732 mittit:
1619 4669 1658 4732 et
1681 4665 1838 4732 eliserunt
1864 4665 2012 4750 Apostoli
2024 4665 2193 4732 xlicutino:
2216 4665 2358 4750 Aduupe
2381 4683 2439 4730 ao-

1483 4771 1533 4838 bis
1556 4771 1663 4858 fiderit.
1690 4771 1835 4838 Videntes
1858 4771 1941 4836 enim
1970 4771 2125 4856 Apostoli,
2148 4789 2183 4838 se
2204 4789 2267 4836 aon
2291 4771 2439 4840 sufficere

1480 4877 1520 4944 ad
1544 4879 1596 4942 illa
1631 4877 1778 4944 sublimia
1809 4895 1905 4960 opera
1940 4875 2080 4960 pietatm,
2103 4895 2187 4962 quac
2208 4875 2382 4942 consistunt
2405 4877 2439 4944 in

1481 4981 1635 5050 scandalis
1657 4981 1789 5050 vitandis
1823 4987 1853 5050 et
1883 4981 2007 5050 iniuriis
2037 4981 2250 5062 remittendis,
2282 4983 2348 5050 sine
2374 5001 2439 5050 ma·

1479 5087 1644 5174 gnitudine
1665 5087 1757 5168 fidei,
1780 5093 1905 5172 petunt,
1923 5089 1980 5156 sibi
2000 5087 2091 5154 fidem
2116 5087 2223 5172 augeri
2241 5105 2297 5174 per
2321 5089 2439 5156 donum

1479 5195 1642 5276 divinum,
1664 5213 1684 5260 a
1707 5215 1771 5280 quo
1793 5195 1871 5262 fides
1895 5197 1988 5288 habet
2012 5195 2182 5280 originem,
2206 5211 2286 5278 quae
2312 5213 2373 5260 non
2389 5203 2437 5260 est

1481 5299 1599 5368 homini
1616 5319 1636 5366 a
1651 5317 1684 5368 se
1702 5299 1784 5386 ipso,
1802 5299 1856 5368 sed
1874 5317 1914 5368 en
1931 5299 2012 5368 dono
2027 5307 2060 5366 et
2075 5317 2206 5368 munere
2220 5299 2334 5366 divino.
2353 5299 2439 5366 Unde

1481 5407 1602 5492 primae
1637 5407 1675 5474 ad
1710 5405 1887 5474 Corinthios
1920 5407 2103 5474 duodecimo
2119 5407 2161 5472 l²:
2193 5431 2208 5464 «
2228 5407 2282 5472 44444
2312 5407 2439 5492 quidem

1480 5831 1585 5870 merum
1603 5817 1692 5870 statuit
1710 5815 1766 5882 hic,
1784 5815 1833 5868 sed
1849 5815 1963 5878 infinite,
1988 5821 2115 5880 perpetuo
2141 5819 2166 5868 et
2191 5829 2295 5882 semper
2315 5815 2436 5878 64444444

1366 5915 1370 5920 ·
1480 5905 1637 5958 sicutenim
1664 5903 1762 5958 millies
1788 5917 1868 5968 saepe
1896 5903 2002 5968 saepias
2020 5905 2161 5968 significat,
2183 5905 2215 5956 ita
2234 5911 2260 5956 et
2278 5905 2379 5956 dietum
2396 5917 2439 5956 su·

1479 5993 1572 6058 444444
1590 5991 1752 6062 [septuapies
1770 5989 1888 6060 septies}

1551 6079 1562 6108 ⁸
1583 6081 1683 6136 Scilicet
1703 6079 1842 6134 ordinaria
1862 6079 1890 6132 in
1906 6081 1969 6132 Luc.
1990 6081 2035 6144 47,
2056 6081 2086 6142 3,
2106 6079 2134 6130 44
2151 6093 2203 6146 qua
2216 6093 2266 6144 pro
2274 6079 2378 6148 petenti
2390 6077 2436 6146 (ita

1480 6169 1559 6220 etiam
1579 6169 1694 6220 bedain
1713 6169 1775 6220 Lao.
1794 6169 1841 6232 47,
1860 6169 1897 6236 4.)
1916 6171 2001 6220 textus
2019 6169 2151 6232 originalis
2165 6167 2328 6234 poenitenti,
2346 6173 2373 6220 et
2387 6181 2436 6232 pro

1478 6253 1662 6322 praecipimur
1682 6253 1799 6306 nonnulli
1819 6255 1897 6308 codd.
1911 6253 2081 6322 praecipitur
2100 6253 2201 6322 (contra
2213 6255 2313 6308 Bedem
2327 6259 2350 6304 et
2363 6255 2439 6306 Glos-

1479 6343 1555 6408 sanr).
1576 6367 1610 6380 -
1631 6341 1757 6404 Superius
1775 6349 1835 6404 post
1851 6339 2076 6412 quandocumque
2093 6341 2151 6392 Vct.
2170 6339 2245 6394 addit
2263 6343 2288 6392 44
2305 6337 2334 6392 44
2346 6353 2439 6406 querc·

1479 6433 1642 6496 cumquest
1659 6427 1771 6480 subinde
1789 6441 1839 6490 pro
1856 6439 1912 6480 uon
1926 6425 2028 6494 petenti
2039 6427 2096 6490 ipsa
2108 6427 2241 6480 substituit
2257 6425 2438 6496 persequenti.

1549 6511 1561 6544 ⁹
1584 6517 1656 6568 t'ers.
1673 6515 1722 6578 34,
1741 6515 1783 6568 cui
1802 6515 1998 6580 subiunguntur
2018 6517 2057 6568 Ps.
2077 6515 2107 6582 7,
2128 6517 2151 6568 6.
2171 6523 2198 6568 44
2213 6515 2271 6570 hot.
2288 6515 2320 6582 7,
2339 6515 2383 6568 69.

1550 6601 1575 6632 ¹⁰
1593 6603 1667 6658 Vers.
1688 6605 1730 6658 46.
1751 6631 1786 6644 -
1804 6603 1855 6658 Cir.
1875 6617 1956 6668 supra
1972 6619 1999 6658 n.
2019 6605 2042 6656 4.

1550 6689 1574 6720 ¹¹
1594 6691 1667 6742 Vers.
1687 6691 1713 6744 7.

1550 6775 1574 6808 ²⁹
1593 6779 1665 6836 Vere.
1687 6781 1712 6834 8.
1729 6787 1755 6834 et
1773 6783 1797 6832 s.
1818 6781 1869 6834 Cb.
1889 6779 1973 6844 Cyrill.
2002 6781 2139 6836 Alexandr.
2156 6781 2182 6834 iu
2207 6783 2268 6834 Luc.
2288 6777 2336 6844 47,
2354 6779 2382 6832 5.
2399 6805 2438 6820 -

1478 6869 1569 6922 Glossa
1588 6867 1770 6926 interlinearis
1787 6867 1860 6940 (vide
1881 6871 2070 6936 theophylact.
2085 6871 2111 6922 in
2124 6873 2186 6926 Luc.
2201 6871 2234 6924 47
2241 6913 2248 6940 ,
2262 6869 2312 6938 bt:
2325 6867 2438 6940 Aduuqe
