5900 8266
480 559 541 622 tta

477 727 570 796 iilum
594 729 699 794 nentri
721 747 822 806 snae·
846 727 876 792 in
902 746 965 813 qao
986 727 1140 808 ostendit,
1164 745 1198 794 se
1222 727 1309 794 illurn
1335 727 1434 796 susci-

477 841 557 902 tasse
580 835 618 900 ad
643 833 751 899 matris
776 833 1029 900 consolationem.
1050 833 1136 900 Unde
1159 833 1226 916 ipsa
1241 839 1374 918 poterat,
1388 833 1433 900 di-

477 959 547 1006 oere
570 939 649 1007 illud
671 941 774 1006 honae
796 939 888 1024 primi
914 941 1032 1024 Regum
1055 939 1201 1024 primo¹z
1224 963 1239 994 r
1255 939 1349 1006 Orati
1373 941 1432 1006 Do

479 1045 597 1112 minum
632 1063 690 1128 pro
723 1063 821 1128 puero
849 1043 925 1122 isto,
962 1049 991 1108 θῖ
1023 1045 1107 1110 dedit
1142 1043 1217 1110 mihi
1253 1045 1432 1128 petitionem

477 1169 576 1218 meam
592 1177 621 1216 u.
648 1151 696 1216 Sic
720 1149 799 1216 Elias
823 1149 949 1217 tradidit
974 1169 1107 1234 puerum
1124 1151 1344 1218 resuscitatum
1367 1155 1440 1218 ma?

478 1257 516 1322 tri
542 1275 626 1336 suae,
651 1255 756 1324 dicens
780 1255 862 1324 tertii
887 1257 1003 1342 Regum
1029 1255 1150 1324 decimo
1173 1255 1323 1342 septimo:
1346 1283 1361 1316 «
1377 1259 1431 1336 En,

478 1363 560 1430 illios
585 1371 660 1430 tuus
677 1361 751 1428 tivit
769 1385 798 1440 »3
824 1361 876 1428 sed
901 1363 952 1428 ille
970 1361 1128 1440 tradidit,
1146 1363 1205 1456 iste
1229 1363 1335 1442 dedit,
1358 1363 1433 1448 quia

409 1469 411 1472 ’
436 1517 438 1520 .
478 1469 529 1534 ille
558 1467 617 1536 tuit
641 1467 783 1534 minister
805 1465 1036 1546 suscitationis,
1067 1467 1125 1534 iste
1148 1483 1224 1534 tero
1247 1467 1433 1536 deterritae

477 1581 507 1640 et
531 1573 649 1640 salutis.

563 1681 615 1748 99.
642 1681 741 1764 (Vere.
775 1681 849 1760 te).
872 1679 1015 1748 Secundo
1043 1699 1117 1746 tero
1146 1681 1330 1764 designaturw
1353 1699 1432 1766 pro-

305 1847 320 1856 .
337 1801 441 1852 secuto.
476 1787 574 1854 ructio
598 1785 675 1872 fidei
696 1793 851 1872 quantum
872 1787 912 1852 ad
926 1787 1147 1852 reuerentiam
1164 1785 1343 1864 Cenatoria,
1360 1805 1432 1852 curn

269 1911 270 1914 ¹
310 1855 463 1962 ggt‘ffissss
477 1893 609 1960 dicitur:
636 1893 768 1978 Accepit
791 1901 903 1960 annm
924 1911 1036 1958 omrtcs
1059 1893 1174 1972 timor,
1192 1901 1222 1960 et
1236 1891 1434 1978 nrapntdca-

330 1967 449 2060 3233?ss
477 1999 555 2066 hant
581 2001 705 2076 Denm;
729 1999 828 2066 timor
844 1999 962 2066 seilicet
977 1999 1172 2066 reverentiae
1188 1999 1432 2084 magnificantis3

478 2107 529 2172 loh
545 2105 705 2190 trigesimo
728 2105 859 2190 septimo
871 2107 904 2172 ²:
926 2131 942 2164 «
959 2103 1125 2170 limehnnt
1142 2123 1215 2172 eum
1230 2105 1307 2184 riri,
1325 2112 1356 2171 θῖ
1371 2123 1433 2170 non

477 2209 637 2292 audebunt
661 2209 862 2296 contemplari
886 2227 1009 2290 omnm,
1034 2211 1089 2296 qui
1112 2209 1171 2278 sihi
1196 2209 1343 2276 ridentur
1365 2227 1433 2278 esse

477 2319 630 2404 sapientes
648 2341 677 2398 »3
703 2323 733 2386 et
757 2317 851 2384 isaiae
883 2317 1144 2402 quinquagesimo
1171 2335 1272 2384 nono:
1300 2343 1314 2374 (ι
1334 2317 1433 2384 Time-

477 2424 555 2490 hunt
578 2423 632 2508 qui
657 2423 696 2490 ah
719 2423 876 2490 occidente
894 2441 1006 2488 nomen
1032 2423 1170 2502 Domini,
1187 2429 1219 2488 θῖ
1233 2423 1287 2506 qui
1304 2423 1344 2488 ah
1359 2431 1432 2488 ortu

477 2529 566 2608 solis,
592 2529 723 2614 gloriam
746 2529 814 2596 eius
832 2555 861 2592 u.
888 2529 923 2594 Et
946 2527 990 2596 sic
1024 2529 1167 2596 timentes
1199 2527 1292 2594 corde
1315 2527 1433 2614 glorifi-

477 2633 588 2700 oahant
611 2639 642 2700 θῖ
666 2633 906 2720 magnificabant
926 2651 998 2712 ore;
1023 2633 1226 2700 Ecclesiastici
1259 2633 1433 2718 quadrage-

477 2739 555 2808 simo
572 2741 678 2808 tertio:
701 2767 718 2800 «
729 2739 943 2806 Gloriticantes
956 2755 1041 2818 eum,
1057 2747 1350 2824 quantumcumque
1364 2745 1432 2824 pot·-

477 2847 567 2926 estis,
594 2847 804 2932 supervalebit
839 2847 987 2914 adhuc».
1018 2847 1086 2912 «Et
1115 2845 1188 2932 quis
1220 2845 1431 2932 magnificabit

477 2971 566 3034 euin,
593 2953 673 3022 siout
696 2961 743 3022 θεῖ
767 2973 786 3038 a
807 2953 963 3040 principio
975 2961 1021 3020 »t

566 3059 618 3126 30.
644 3061 702 3126 Sed
733 3079 794 3126 non
827 3059 1020 3128 sufficienter
1049 3067 1254 3144 promouetur
1286 3059 1363 3146 fides
1394 3059 1439 3152 ad

269 3161 270 3166 ’
311 3179 371 3274 leeg
383 3175 458 3274 fluat
477 3165 684 3234 reverentiam
709 3167 863 3232 Creatoris
887 3167 954 3232 siue
978 3165 1192 3252 intelligentia
1220 3165 1431 3242 dedicionem

338 3241 459 3382 {affi-
476 3277 506 3338 θῖ
530 3271 599 3338 ideo
620 3279 774 3356 quantum
791 3271 828 3338 ad
846 3271 928 3338 illam
944 3271 1145 3358 adiungitur:
1165 3271 1326 3338 Dicentes:
1344 3271 1431 3352 Quia

428 3367 433 3380 ’
475 3377 637 3464 propheta
668 3397 812 3464 magnus
845 3379 995 3446 surremit
1019 3379 1053 3444 in
1082 3379 1193 3458 nohis,
1218 3379 1247 3444 id
1273 3385 1319 3444 θεῖ
1342 3377 1430 3444 Chri-

478 3491 545 3552 stus
567 3483 737 3562 mediator,
762 3485 933 3550 secundum
960 3485 1036 3552 iilud
1060 3485 1295 3552 deuteronomii
1310 3483 1431 3550 decimo

477 3589 628 3658 octaroi:
659 3617 674 3648 <r
690 3589 875 3674 Prophetam
909 3591 1073 3658 suscitabit
1099 3591 1188 3658 vohis
1211 3589 1362 3657 Dominus
1394 3589 1430 3658 de

476 3697 626 3764 tratribus
652 3695 767 3762 vestris
787 3703 933 3782 tanquam
960 3715 1027 3778 me;
1058 3697 1162 3782 ipsum
1186 3697 1320 3764 audietis
1337 3723 1365 3760 υ.
1393 3699 1431 3762 tlt

476 3803 555 3890 pain
580 3803 667 3868 Dens
682 3803 829 3868 ot'st'taoit
848 3803 971 3886 piebem
992 3821 1110 3882 onam,
1136 3803 1252 3870 scilicet
1271 3821 1326 3888 per
1342 3801 1431 3868 Chri-

391 3901 392 3904 ’
476 3913 558 3976 stum
584 3907 834 3992 redemptorem,
857 3909 1032 3976 secundum
1055 3909 1132 3976 illud
1151 3909 1318 3976 Zachariae
1336 3927 1431 3994 supra

477 4015 577 4100 primo
590 4015 618 4080 4:
650 4039 665 4072 «
679 4015 863 4082 Benedictus
887 4015 1038 4082 Dominus
1060 4017 1146 4082 Deus
1161 4017 1272 4096 lsrael,
1289 4017 1362 4100 quia
1386 4015 1431 4082 vi·-

477 4121 580 4186 sitatit
611 4127 642 4186 et
665 4119 736 4186 lecit
759 4121 1002 4206 redemptionem
1028 4121 1127 4204 plehis
1158 4139 1233 4186 suae
1250 4147 1281 4200 »3
1305 4129 1338 4188 et
1372 4121 1431 4186 troc

477 4229 651 4294 secundum
674 4227 750 4294 illud
768 4227 894 4294 Genesis
910 4227 1038 4294 ultimo:
1060 4253 1076 4286 «
1093 4229 1163 4294 Post
1179 4235 1314 4294 mortem
1331 4245 1431 4292 meam

477 4333 612 4400 risitahit
635 4339 690 4400 tos
715 4333 866 4400 Dominus
899 4339 928 4402 et
960 4333 1072 4402 educet
1094 4351 1150 4402 tos
1172 4333 1212 4400 de
1234 4335 1301 4402 loco
1325 4333 1384 4400 isto
1400 4357 1430 4412 »3

347 4491 368 4532 4
476 4441 559 4526 quod
583 4439 726 4526 intelligit
748 4441 787 4506 de
818 4439 993 4506 visitatione
1026 4459 1082 4526 per
1110 4441 1314 4508 mediatorem
1342 4441 1432 4506 Chri-

476 4553 567 4614 stum.
584 4547 672 4614 -Et
689 4539 879 4634 sic'apparet
895 4565 936 4614 eu
952 4549 1136 4630 praedictis,
1160 4547 1317 4632 quomodo
1334 4547 1431 4612 mani-

478 4653 606 4720 leslatus
628 4659 675 4720 est
698 4661 853 4738 quantum
867 4655 909 4720 ad
920 4655 1136 4720 excellentiam
1161 4653 1322 4738 potestatis
1346 4673 1429 4720 snae.

564 4759 630 4826 et·
644 4759 819 4828 Secundum
844 4759 1053 4844 spiritualem
1073 4759 1320 4846 intelligentiam
1343 4767 1429 4840 nota,

331 4877 447 4984 &iiiiii
477 4867 560 4952 qood
584 4865 701 4950 triplex
725 4873 826 4934 status
857 4865 888 4930 in
919 4867 1139 4948 prosecutione
1166 4867 1264 4932 huius
1287 4867 1430 4932 miraculi

320 4981 407 5080 triptgsr
420 4959 462 5026 sta'·
476 4973 675 5058 designatur,
699 4971 816 5038 scilicet
848 4975 948 5038 status
978 4971 1124 5038 institiae
1148 4973 1178 5036 in
1204 4971 1353 5064 comitatu
1376 4971 1431 5038 do·

413 5087 418 5094 ’
476 5079 606 5158 ninioo;
631 5083 732 5146 status
754 5077 936 5146 iniustitiae
960 5079 990 5144 in
1016 5077 1211 5146 adolescente
1232 5085 1376 5158 mortam
1401 5085 1431 5146 et

477 5191 577 5274 status
599 5185 813 5272 poenitentiae
845 5185 874 5250 in
908 5185 1026 5268 eodem·
1040 5185 1234 5252 resuscitato.
1260 5221 1302 5232 --
1328 5185 1431 5252 Status

476 5291 775 5378 quidemtnntttne
797 5291 979 5378 designatur
1016 5293 1046 5356 in
1079 5291 1203 5356 Christo
1226 5299 1258 5356 et
1281 5289 1431 5358 comitatu

317 5415 543 5512 salense-suo.
567 5399 645 5464 Nam
667 5397 784 5484 triplex
806 5405 854 5464 est
885 5403 985 5464 status
1016 5397 1191 5476 iustorum,
1217 5389 1337 5464 scilieet
1355 5415 1431 5464 eon-

321 5473 460 5564 ”tillidi
476 5503 714 5590 temptationis,
734 5503 955 5592 praelationis
977 5509 1009 5570 et
1031 5503 1181 5572 uertente.
1208 5505 1311 5570 Status
1332 5521 1430 5588 prae-

476 5609 621 5676 latorum
645 5611 828 5696 designator
857 5611 889 5674 in
920 5611 1059 5688 Christo,
1084 5611 1122 5676 de
1147 5629 1211 5696 qno
1233 5609 1356 5676 loannis
1378 5609 1431 5676 de-

476 5715 594 5782 cim0⁵z
614 5741 630 5774 <c
644 5717 705 5800 Ego
717 5733 788 5782 som
799 5721 906 5800 pastor
920 5717 1038 5794 honum
1054 5717 1157 5782 honus
1172 5723 1279 5800 pastor
1294 5717 1429 5782 animam

476 5841 564 5890 suam
589 5823 642 5906 dat
665 5841 723 5908 pro
745 5821 858 5890 ouibus
881 5821 947 5890 sais
964 5847 993 5902 »ς
1019 5823 1074 5888 uhi
1098 5823 1128 5888 in
1154 5841 1186 5890 εθ
1210 5821 1344 5914 ostendit
1367 5821 1431 5890 for-

1067 553 1260 618 condent.
1286 553 1323 618 lN
1349 551 1728 618 authenticitatem
1753 551 1784 616 C.
1810 551 1869 616 Vll.

1496 743 1772 826 transfiguratione
1788 739 1925 820 Domini,
1943 739 2115 808 secundum
2140 739 2216 808 illud
2232 739 2379 808 Matthaei
2400 739 2454 808 de-

1496 851 1578 916 cimo
1601 851 1776 934 septimoss:
1804 847 1990 914 «assumsit
2008 847 2233 946 lesosPetrum
2253 853 2283 916 et
2308 847 2454 932 lacohnm

1496 963 1528 1022 et
1550 959 1697 1024 loannem
1730 955 1859 1022 tratrem
1886 953 1969 1032 eine,
1994 961 2026 1020 θῖ
2047 955 2142 1020 duxit
2167 955 2235 1020 illos
2260 955 2289 1020 in
2316 961 2454 1024 montem

1496 1063 1658 1126 excelsum
1682 1079 1843 1138 seorsum,
1869 1065 1900 1126 et
1922 1059 2166 1142 transfiguratus
2190 1067 2235 1126 θεῖ
2260 1065 2331 1126 ante
2350 1075 2404 1126 eos
2421 1087 2452 1140 »;

1496 1173 1528 1234 et
1550 1165 1632 1232 intra
1654 1165 1790 1234 decimo:
1821 1193 1836 1224 «
1852 1165 2029 1232 Conversus
2051 1165 2091 1230 ad
2114 1165 2282 1248 discipulos
2298 1183 2384 1244 suos,
2405 1165 2453 1232 di-

1496 1271 1562 1336 xit:
1587 1271 1668 1336 Beati
1694 1271 1793 1348 netuli,
1820 1269 1873 1356 qui
1900 1269 2004 1336 vident
2027 1287 2106 1354 quae
2133 1287 2186 1336 tos
2210 1269 2367 1350 videtis»;
2393 1273 2452 1340 hoc

1496 1375 1611 1442 dicitur
1637 1375 1893 1460 contemplativis.
1910 1411 1954 1422 --
1970 1375 2076 1442 Status
2098 1375 2286 1440 activorum
2309 1375 2451 1462 designa·
2470 1391 2562 1440 tertius.

1496 1489 1549 1548 tor
1574 1483 1603 1546 in
1630 1481 1740 1560 turha,
1766 1499 1846 1566 quae
1868 1487 2014 1548 versatur
2037 1481 2069 1546 in
2093 1481 2242 1548 ssuctihos
2265 1481 2388 1562 trinodi,
2405 1481 2452 1548 in-

1495 1585 1543 1654 fra
1566 1587 1729 1654 decimo⁷:
1760 1589 1927 1666 «Martha,
1954 1589 2090 1666 Martha,
2115 1587 2246 1654 sollicita
2268 1603 2301 1654 es
2325 1595 2355 1654 et
2384 1596 2452 1654 tor-

1496 1693 1582 1760 haris
1604 1711 1678 1778 erga
1703 1693 1839 1778 plurima
1854 1717 1887 1772 »3
1910 1693 1998 1778 quia,
2033 1693 2205 1760 secondum
2229 1697 2315 1782 quod
2336 1695 2451 1762 dicitur

1496 1797 1617 1864 loannis
1642 1797 1894 1876 decimosexto,
1922 1823 1939 1856 «
1955 1799 1984 1864 in
2011 1795 2128 1862 mundo
2150 1789 2331 1882 pressuram
2355 1801 2470 1866 hehe--

1496 1903 1587 1980 hitis;
1610 1903 1664 1968 sed
1688 1903 1849 1980 confidite,
1874 1921 1931 1988 ego
1955 1901 2015 1970 tici
2037 1903 2190 1968 mundum
2207 1929 2237 1966 ».
2264 1941 2307 1952 --
2330 1907 2375 1972 De
2390 1907 2450 1974 hoc
2467 1919 2552 1974 tisun.

1496 2007 1610 2092 triplici
1637 2015 1720 2074 statu
1743 2009 1890 2074 institiae
1911 2009 2027 2074 dicitur
2046 2005 2077 2074 iu
2095 2007 2198 2094 ligura
2214 2009 2382 2078 Ezechielis
2397 2011 2452 2080 de-

1497 2113 1578 2182 cimo
1594 2121 1709 2200 quarto
1720 2113 1752 2180 8:
1772 2115 1829 2182 «Si
1844 2115 1983 2182 fueritin
2001 2115 2102 2182 medio
2119 2115 2187 2182 eius
2203 2115 2279 2194 Noe,
2296 2117 2403 2186 Daniel
2420 2129 2451 2188 et

1497 2221 1566 2302 loh;
1585 2221 1643 2306 ipsi
1658 2221 1785 2306 quidem
1797 2221 1917 2290 animas
1928 2239 2003 2290 suas
2015 2221 2220 2290 liberabunt»
2242 2228 2299 2290 eto.
2315 2225 2452 2292 Perillae

1496 2327 1717 2412 intelliguntur
1727 2329 1876 2412 praelati
1883 2353 1894 2406 ;
1910 2345 1966 2412 per
1984 2327 2169 2406 Danielem,
2188 2329 2236 2394 cui
2255 2329 2326 2394 data
2340 2335 2389 2398 θεῖ
2402 2329 2451 2398 in-

1497 2433 1666 2518 telligentia
1691 2433 1863 2514 visionum,
1889 2433 2131 2520 contemplativi
2142 2453 2232 2520 ,···per
2259 2435 2449 2516 landolini.

1587 2539 1638 2606 39.
1656 2541 1761 2608 Status
1778 2557 1851 2608 tero
1868 2539 1983 2626 culpam
2008 2541 2189 2626 designatur
2204 2541 2234 2608 in
2254 2543 2451 2612 adolescente
2475 2533 2605 2622 statuend-

1494 2653 1647 2724 mortno,
1670 2645 1764 2712 cuins
1786 2647 1902 2730 triplex
1925 2653 1973 2712 θεῖ
2003 2647 2139 2732 gradus:
2160 2647 2284 2730 primus
2308 2647 2339 2714 in
2371 2647 2451 2714 inte·
2469 2611 2604 2712 {3223pr

1496 2751 1585 2836 riori
1606 2749 1791 2838 allectionm
1816 2751 1989 2830 secundus,
2015 2751 2045 2816 in
2071 2749 2226 2816 anteriori
2246 2753 2450 2836 operatione·

1496 2857 1609 2924 tertius
1635 2875 1725 2934 roro,
1759 2857 1788 2920 in
1814 2857 2046 2922 consuetudine
2078 2855 2143 2922 sive
2173 2855 2389 2923 ohstinationc.
2414 2857 2449 2926 Hi

1496 2969 1561 3030 tres
1585 2971 1683 3030 status
1701 2981 1757 3048 per
1780 2969 1845 3030 tres
1868 2961 2010 3030 mortuos
2032 2981 2050 3028 a
2072 2963 2202 3028 Domino
2216 2963 2382 3030 suscitatos
2396 2963 2450 3032 de-

1495 3069 1659 3154 signantur
1688 3069 1756 3136 turn
1791 3067 1911 3134 ratione
1935 3069 2099 3146 locorum,
2126 3077 2193 3134 tum
2215 3069 2336 3136 ratione
2359 3077 2450 3136 aeta-

1495 3183 1575 3240 tum.
1593 3175 1726 3242 -Nam
1751 3181 1851 3242 status
1870 3175 2082 3260 peccantium
2096 3175 2133 3240 in
2155 3175 2253 3240 corde
2267 3175 2448 3260 designatur
2466 3187 2559 3236 Primus.

1493 3299 1550 3366 per
1584 3283 1719 3366 puellam
1748 3289 1903 3346 mortuam
1936 3281 1966 3346 in
2002 3281 2115 3358 domo,
2147 3279 2185 3346 de
2219 3285 2282 3366 qua
2315 3280 2448 3348 hahetur

1493 3389 1589 3472 hlarci
1612 3387 1758 3472 quintet.
1784 3425 1826 3436 -
1850 3387 1956 3454 Status
1967 3385 2177 3472 peccantiam
2201 3385 2235 3452 in
2260 3403 2365 3472 opere,
2390 3403 2448 3470 per
2466 3399 2584 3456 Secuntur.

1493 3495 1738 3574 adolescentem,
1764 3493 1818 3578 qui
1841 3493 1881 3558 ad
1900 3499 2035 3578 portam
2059 3493 2203 3558 ciuitatis
2226 3493 2374 3558 intentus
2390 3499 2447 3572 est,

1493 3599 1569 3686 quia
1592 3601 1652 3666 iam
1676 3601 1830 3684 processit
1851 3607 2015 3686 peccatum
2037 3605 2070 3666 θῖ
2092 3599 2209 3684 patuit,
2232 3601 2271 3664 de
2299 3615 2362 3682 quo
2387 3599 2447 3666 hic.

1495 3745 1536 3754 -
1562 3707 1667 3772 Status
1693 3705 1902 3790 peccantiam
1934 3725 1995 3790 per
2030 3705 2296 3792 eomnetndt'nem
2332 3711 2362 3770 et
2393 3705 2449 3772 oh·
2467 3717 2559 3768 ream.

1494 3811 1712 3892 stinationem,
1734 3829 1790 3898 per
1814 3815 1982 3890 Lazarum,
2009 3811 2069 3878 inm
2100 3811 2133 3878 in
2163 3811 2245 3878 uirili
2280 3817 2383 3878 aetate
2404 3809 2448 3876 ia-

1494 3925 1636 3996 centem,
1667 3917 1729 3984 lam
1763 3919 2010 4002 quatriduanum
2042 3925 2205 3984 mortuum
2237 3925 2268 3984 θῖ
2298 3915 2449 3984 foetidum

1495 4025 1527 4090 in
1550 4025 1713 4108 sepulcre,
1737 4025 1857 4090 loannis
1883 4023 2046 4090 undecimo
2066 4025 2100 4090 1⁰.
2126 4023 2243 4090 -His
2268 4025 2369 4092 trihus
2400 4041 2449 4090 re-

1489 4129 1648 4216 spondent
1670 4135 1735 4198 tres
1760 4129 1874 4196 mortui
1900 4129 2037 4196 suscitati
2065 4131 2094 4196 in
2126 4129 2220 4196 reteri
2246 4135 2448 4210 testamento,

1495 4237 1611 4304 scilicet
1631 4237 1795 4322 puerulas
1820 4225 1857 4302 ah
1884 4235 1999 4316 Eliseo,
2024 4237 2107 4302 tilius
2138 4237 2278 4302 mulieris
2307 4237 2450 4302 Sunami-

1495 4345 1553 4424 tis,
1578 4345 1680 4430 quarti
1707 4345 1824 4428 Regum
1847 4345 2016 4426 qnart0113
2039 4341 2243 4420 adomnane,
2272 4343 2355 4408 tilius
2381 4361 2450 4408 mu-

1494 4451 1582 4516 lieris
1604 4453 1809 4534 sareptanae,
1841 4449 2010 4516 suscitatos
2039 4450 2080 4517 ah
2103 4449 2184 4528 Elia,
2216 4449 2300 4516 tertii
2331 4451 2450 4534 Regum

1494 4557 1615 4624 decimo
1647 4555 1794 4642 septimo;
1820 4561 1850 4624 et
1873 4555 1945 4636 uir,
1976 4555 2017 4622 ah
2049 4555 2149 4624 Eliseo
2180 4561 2319 4636 mortno,
2343 4559 2449 4640 quarti

1495 4663 1611 4746 Regum
1638 4661 1884 4750 decimotertio.
1909 4663 1941 4726 ln
1967 4661 2017 4730 his
2032 4661 2135 4728 trihus
2157 4661 2361 4746 designantur
2386 4667 2450 4732 tres

1494 4767 1646 4852 praedicti
1669 4773 1779 4834 status.
1805 4805 1845 4814 -
1870 4769 2002 4834 Possunt
2025 4769 2118 4834 etiam
2143 4767 2172 4834 in
2196 4767 2243 4834 his
2259 4765 2361 4834 trihus
2386 4773 2450 4836 tres
2468 4777 2545 4824 Aliter·

1494 4871 1626 4936 radices
1655 4879 1862 4954 peccatoram
1889 4871 2061 4956 designari,
2086 4873 2159 4956 quia
2190 4891 2274 4940 unus
2304 4869 2450 4940 mortens

1494 4993 1536 5042 ex
1554 4975 1715 5062 languore
1727 4975 1964 5062 aegritudinis,
1980 4977 2015 5048 in
2036 4995 2099 5062 qno
2115 4977 2365 5060 concupiscentia
2382 4995 2449 5044 aar·

1494 5081 1557 5158 nis;
1576 5081 1708 5148 aliusox
1724 5077 1854 5166 feruore
1874 5081 2001 5174 solis}²,
2019 5083 2048 5146 in
2072 5101 2135 5166 quo
2150 5081 2303 5166 cupiditas
2324 5081 2447 5164 mundi;

1495 5187 1608 5254 tertios
1624 5185 1848 5266 invisibiliter,
1865 5187 1897 5254 in
1913 5207 1977 5272 quo
1993 5187 2142 5272 superbia
2156 5189 2247 5254 vtae.

1586 5295 1689 5360 Status
1713 5301 1817 5360 autem
1838 5293 2054 5380 poenitentiae
2082 5293 2262 5380 designatur
2285 5293 2322 5366 in,
2341 5295 2449 5362 adole·
2459 5307 2551 5406 '1322ng
2555 5323 2611 5410 itt·

1493 5409 1599 5466 socrate
1621 5401 1836 5480 resuscitato,
1858 5401 1898 5466 de
1920 5417 1983 5484 quo
2015 5399 2148 5480 dicitur,
2171 5401 2257 5484 qnod
2279 5401 2400 5466 resedit
2420 5411 2510 5468 etrier
2526 5419 2609 5470 eratus.

1494 5507 1598 5590 coepit
1620 5505 1711 5594 loqui
1729 5513 1759 5572 et
1783 5507 1932 5582 redditus
1955 5515 2002 5572 est
2024 5509 2138 5572 matri.
2162 5505 2291 5572 Resedit
2322 5505 2448 5590 quidem
2466 5515 2559 5564 Primus·

1494 5629 1550 5698 per
1575 5610 1801 5690 contritionem,
1826 5629 1906 5698 quae
1929 5611 2012 5679 leuat
2034 5619 2130 5698 caput
2152 5629 2169 5676 a
2194 5617 2295 5692 terra3
2312 5611 2342 5678 in
2367 5613 2449 5680 Psal-

1493 5737 1545 5784 mo
1559 5719 1599 5784 ¹³:
1631 5743 1647 5776 α
1661 5717 1803 5802 Surgite,
1820 5725 1984 5804 postquam
2002 5719 2160 5796 sederitis,
2185 5719 2238 5802 qui
2256 5717 2460 5788 manducatis

1493 5841 1605 5908 panem
1629 5823 1745 5890 doloris
1762 5845 1791 5902 »;
1816 5831 1847 5890 θῖ
1870 5823 2042 5892 secondum
2067 5823 2142 5890 illud
2160 5823 2305 5890 teremiac
2328 5823 2449 5894 decimo

338 5947 456 5992 seinans.
477 5947 557 5996 mam
593 5937 695 5996 rectae
726 5929 936 6014 praelationis.
960 5965 1004 6004 ,-
1029 5917 1134 5996 Status
1168 5927 1430 6016 contemplativo·
1493 5929 1617 6016 quinto:
1649 5955 1664 5986 «
1679 5929 1770 5996 Solus
1793 5929 1956 6010 sedeham,
1979 5931 2127 6016 qnoniam
2162 5929 2370 5998 amaritudine
2399 5951 2449 5998 re-

476 6055 553 6102 rnm
588 6037 618 6102 in
651 6035 834 6120 discipulis„
850 6037 905 6120 qui
926 6037 1138 6104 admittuntur
1168 6035 1200 6120 in
1236 6041 1372 6102 montem
1399 6035 1428 6100 in
1461 6005 1465 6088 Ι
1493 6037 1584 6120 plesti
1618 6051 1668 6100 me
1691 6061 1722 6100 ».
1763 6035 1869 6122 Coepit
1904 6035 2012 6124 loqui,
2034 6055 2091 6118 per
2115 6035 2358 6116 confessionem3
2395 6037 2448 6106 loh
2466 6045 2583 6096 Senatu¹

1172 6229 1754 6236 *mn-..mmm

547 6355 555 6384 ¹
579 6361 652 6410 Vers.
674 6359 716 6410 at.
737 6387 771 6396 —-
790 6359 908 6412 Subinde
920 6361 1048 6424 allegator
1068 6361 1188 6430 lihReg.
1211 6361 1257 6422 tt,
1277 6361 1318 6410 93.

464 6463 476 6482 ε
546 6443 555 6474 ²
578 6447 651 6498 Vens.
671 6447 719 6514 94,
737 6455 797 6512 post
815 6463 897 6514 quem
917 6449 973 6500 tsei.
992 6447 1041 6510 59,
1066 6449 1107 6510 193
1127 6449 1204 6502 Eccli.
1224 6449 1271 6510 te,
1285 6449 1326 6498 32.
1346 6455 1371 6500 et
1390 6449 1431 6502 st.
1451 6509 1455 6522 1

542 6529 552 6562 ³
572 6535 648 6586 Vere.
669 6535 708 6588 te.
728 6565 763 6576 —
783 6537 909 6602 Superius
927 6551 975 6600 pro
995 6533 1048 6588 Sed
1075 6549 1130 6590 non
1149 6535 1310 6606 sufficienler
1328 6525 1434 6604 proruo·

476 6627 552 6676 retur
570 6623 635 6694 tides
656 6625 714 6676 t'at.
734 6625 789 6678 Sed
805 6637 859 6678 non
878 6625 976 6694 sufficit
989 6621 1125 6692 promotio
1145 6623 1215 6694 fidei.

547 6709 558 6740 ⁴
579 6715 654 6766 Vers.
674 6715 721 6778 63,
739 6715 783 6792 cni
801 6713 970 6778 subiungitur
988 6715 1053 6766 Gen.
1073 6713 1119 6778 50,
1141 6715 1184 6766 93,
1236 6787 1237 6790 ¹
1261 6709 1272 6740 ⁵
1295 6715 1368 6766 Vers.
1392 6715 1433 6766 tt.

547 6799 558 6828 ⁶
578 6803 654 6854 Vers.
674 6805 696 6852 t.
717 6817 772 6868 seq.
791 6831 826 6842 -
846 6803 969 6870 Sequitur
986 6803 1116 6868 noento,
1139 6805 1179 6856 23.

548 6885 557 6916 ²
581 6891 655 6942 Vere.
676 6889 723 6954 tt,
741 6897 802 6954 post
821 6893 990 6958 quem‘loen.
1011 6891 1057 6956 tt,
1078 6889 1121 6942 33.

1265 6887 1276 6916 ⁸
1297 6889 1369 6942 t'ers.
1392 6889 1433 6942 tt·
1481 6881 1482 6884 ¹

1566 6355 1578 6388 ⁹
1596 6361 1670 6412 Vere
1691 6361 1737 6412 35.
1751 6373 1826 6426 seqq.
1843 6383 1879 6396 -
1898 6357 2006 6410 interius
2025 6359 2082 6412 Vnt.
2102 6359 2196 6410 omittit
2213 6345 2238 6410 ct
2252 6355 2349 6424 potnit.

1568 6445 1590 6478 ¹⁰
1609 6451 1683 6500 Vere.
1704 6449 1745 6500 39.
1766 6445 1816 6500 Cir.
1836 6447 1901 6498 iutra
1913 6445 1944 6508 8,
1958 6445 2000 6498 55.
2014 6451 2037 6498 θῖ
2051 6451 2115 6498 tom.
2131 6447 2168 6496 Vl.
2184 6459 2246 6510 pag.
2260 6445 2319 6512 399,
2333 6451 2393 6496 nota
2407 6447 2448 6500 te.

1569 6535 1589 6568 ¹¹
1608 6539 1683 6590 Vers.
1704 6539 1743 6590 39.
1766 6549 1838 6604 seqq.
1850 6563 1887 6574 —
1900 6535 2016 6588 Subinde
2033 6537 2184 6598 allegantur
2198 6537 2231 6588 nt
2255 6535 2317 6598 Reg.
2339 6533 2388 6596 tt,
2405 6539 2448 6590 nt.

1496 6641 1550 6692 seq.
1572 6631 1597 6676 θῖ
1615 6627 1657 6676 tv.
1676 6625 1740 6688 neg.
1767 6625 1809 6688 13,
1829 6625 1869 6674 nt.

1569 6709 1590 6742 ¹²
1613 6715 1668 6766 t'at.
1687 6713 1753 6766 sitis.
1774 6713 1810 6764 De
1829 6711 1914 6778 primo
1933 6715 1978 6762 clr.
1999 6713 2034 6764 tlt.
2055 6715 2121 6776 Reg.
2144 6713 2191 6778 tt,
2211 6711 2448 6776 1173desecundc

1496 6805 1539 6856 tt.
1559 6805 1623 6866 neg.
1645 6801 1671 6866 t,
1693 6803 1734 6852 ts.
1754 6803 1794 6852 to.
1970 6789 1971 6794 ’

1570 6885 1704 6942 13Ρεθῖῐθ.
1724 6891 1785 6954 lid,
1806 6891 1836 6952 9,
1854 6893 1914 6952 post
1931 6903 2012 6954 quem
2030 6891 2076 6942 ler.
2101 6893 2145 6954 15,
2165 6891 2206 6942 Π.
