5900 8266
1069 543 1262 614 coutitur.
1289 545 1324 612 ΙΝ
1352 541 1588 612 uvabunttum
1613 541 1731 610 nuche
1752 541 1787 610 C.
1809 539 1859 610 Χῖ.

379 741 400 756 ’·
470 719 569 814 posse
589 731 624 792 et
644 719 828 794 dominium.
856 725 915 794 Sed
938 725 999 792 hoo
1019 731 1068 792 est
1091 723 1282 810 impossihile
1306 721 1435 790 manii-

473 839 577 912 stum;
602 839 633 898 et
656 833 803 918 sequitur
824 851 867 900 ex
882 833 965 898 dioto
982 831 1241 900 Pharisaeorum:
1264 847 1340 916 ergo
1357 829 1434 896 illud

474 937 534 1004 fuit
558 935 719 1006 manifeste
743 937 867 1006 lalsum.
890 937 990 1006 Huius
1004 937 1103 1024 igitur
1126 937 1257 1006 rationis
1272 937 1435 1004 arciorem

318 1063 458 1128 ripaequ-
473 1041 661 1132 praemittit,
688 1063 759 1112 cum
782 1045 876 1112 dicit:
902 1045 1004 1110 Omue
1034 1063 1177 1132 reprcunt
1205 1045 1245 1112 iu
1259 1063 1301 1114 εθ
1322 1043 1434 1132 ipsum

311 1123 376 1162 ²¹⁰⁰¹⁵
385 1123 460 1158 mator.
474 1151 624 1218 diuisum
634 1143 856 1230 desolabitur,
873 1159 902 1216 θῖ
918 1153 1037 1218 domus
1052 1171 1163 1238 supro
1178 1151 1314 1218 domum
1328 1153 1434 1218 cadet.

474 1255 513 1324 Et
535 1255 594 1324 hoc
619 1255 746 1344 quidem
769 1263 819 1324 est
840 1275 897 1340 per
921 1251 960 1324 se
977 1263 1087 1324 notam
1105 1263 1136 1324 et
1150 1275 1263 1324 rernm
1280 1263 1342 1336 est,
1360 1257 1434 1342 utria

473 1363 585 1430 divisio
609 1369 654 1430 est
680 1359 773 1430 cansa
798 1363 927 1444 ruinae3
952 1363 1035 1430 trude
1066 1379 1162 1430 aalma
1192 1363 1363 1448 praedicati
1385 1369 1434 1430 est

474 1469 508 1534 in
529 1469 682 1535 subiecto:
716 1467 756 1534 Et
788 1467 848 1534 hoc
879 1467 1042 1554 estquod
1072 1467 1148 1536 dicit
1183 1469 1433 1556 hieronymus¹z

480 1573 684 1642 «Concordia
704 1593 822 1660 parrae
845 1593 895 1642 res
920 1581 1083 1656 crescunt,
1109 1575 1263 1644 discordia
1279 1577 1434 1642 maximae

473 1681 657 1750 dilabuntur
674 1709 705 1750 a.
731 1681 837 1750 Unitas
872 1683 954 1750 enim
991 1689 1037 1750 est
1061 1701 1154 1750 cansa
1189 1683 1378 1762 salvationis,
1402 1689 1435 1750 et

473 1787 585 1856 divisio
608 1787 768 1870 interitus,
788 1787 961 1858 secundum
979 1789 1057 1856 illud
1073 1788 1151 1856 Osee
1169 1789 1290 1856 decimo
1303 1789 1329 1854 ²:
1351 1789 1434 1854 «Di-

474 1895 578 1962 ulsum
602 1903 648 1962 est
673 1913 727 1962 cor
752 1911 880 1976 eorum,
904 1913 991 1964 nunc
1014 1895 1191 1962 interibunt
1206 1919 1239 1974 »;
1255 1903 1287 1962 θῖ
1304 1897 1434 1962 Prover-

474 1999 600 2068 biorum
633 1999 782 2086 vigesimo
818 2007 942 2068 ocuvo:
976 2029 993 2062 e
1010 2001 1140 2086 Propter
1173 2007 1300 2086 peccata
1329 2005 1435 2068 terrae

473 2107 567 2172 multi
588 2105 747 2192 principes
768 2107 836 2174 eius
854 2133 884 2170 a.
901 2105 1088 2190 Exemplum
1115 2105 1209 2172 huius
1237 2113 1285 2170 est
1307 2105 1435 2172 Genesis

473 2211 640 2280 undecimo
662 2213 702 2278 de
724 2211 960 2278 aedificantibus
978 2221 1119 2290 turrem,
1139 2227 1210 2278 cum
1237 2219 1340 2278 essent
1361 2211 1434 2278 ela-

473 2317 517 2386 bii
533 2317 672 2398 unius»,
690 2317 745 2386 ubi
761 2317 925 2386 subditur:
947 2343 963 2376 θ
975 2317 1086 2386 Diuisit
1102 2335 1155 2384 eos
1174 2317 1322 2386 Dominus
1338 2335 1380 2386 en
1397 2335 1434 2386 eo

474 2427 543 2494 loco
567 2427 597 2494 in
623 2425 786 2494 uniuersas
811 2433 927 2506 terras,
950 2431 983 2492 et
1005 2431 1209 2494 cessaverunt
1225 2425 1433 2494 aeutdcare».

474 2533 562 2602 Unde
584 2533 617 2600 in
641 2533 722 2600 hnali
750 2539 832 2602 stata
857 2533 965 2600 mnndi
998 2533 1189 2600 deunitatis
1217 2533 1286 2600 eins
1311 2533 1436 2601 destru-

476 2639 579 2706 ctione
602 2639 717 2706 dicitnr
743 2637 824 2704 inira
845 2639 996 2724 vigesimo
1017 2639 1166 2722 primo³t
1195 2663 1211 2696 r
1229 2639 1342 2724 Surget
1359 2657 1435 2726 gens

473 2753 584 2814 contra
595 2755 731 2832 gentem,
745 2751 774 2814 ct
787 2763 922 2832 regnum
938 2745 1089 2812 adversus
1106 2761 1251 2830 regnum,
1267 2751 1300 2812 et
1315 2753 1434 2812 terrae-

474 2859 581 2920 motus
607 2851 709 2938 magni
727 2879 744 2912 »
779 2859 837 2920 etc.
865 2851 1048 2918 -Deinde
1078 2851 1221 2938 adiungit
1252 2851 1434 2932 minorem,

474 2977 548 3028 cum
572 2959 663 3026 dicit:
691 2959 728 3026 Si
750 2961 888 3026 uectem4
910 2957 1105 3024 colocasia
1127 2977 1161 3024 se
1178 2957 1289 3044 ipsum
1306 2957 1436 3024 diuisus

474 3073 538 3144 θεῖ,
564 3065 593 3132 id
619 3070 684 3146 est,
707 3073 818 3134 contra
839 3083 874 3132 se
889 3067 994 3150 ipsum
1015 3071 1136 3152 pugnat
1144 3089 1151 3146 ;
1170 3065 1254 3154 quod
1274 3065 1350 3132 dicit
1373 3065 1434 3130 sub

474 3173 674 3252 conditione,
691 3173 766 3260 unia
781 3171 840 3238 hoc
858 3173 1004 3258 sequitur
1019 3189 1062 3238 ex
1084 3171 1184 3238 uerbo
1200 3173 1434 3256 praedictorum

452 3259 652 3346 'scribarum
679 3289 708 3360 et
733 3279 990 3358 Pharisaeorum,
1006 3285 1112 3346 tamen
1128 3279 1158 3346 in
1184 3295 1215 3346 se
1233 3297 1295 3346 non
1319 3285 1368 3346 θεῖ
1381 3297 1436 3346 re-

473 3403 564 3466 rum;
586 3391 711 3454 saunas
735 3385 819 3454 enim
842 3393 968 3452 satanae
994 3387 1161 3454 concordat
1185 3387 1215 3452 in
1233 3389 1323 3454 malo.
1350 3385 1436 3454 Unde

475 3493 528 3557 loh
552 3493 791 3578 quadragesimo
809 3493 909 3576 primo
923 3493 950 3558 ⁵:
973 3491 1124 3578 «Corpus
1136 3493 1223 3558 illius
1241 3493 1328 3580 quasi
1346 3499 1436 3560 scuta

473 3595 580 3664 fusilia
602 3603 634 3664 θῖ
656 3605 853 3682 compactum
885 3597 1024 3684 squamis
1049 3617 1081 3666 se
1113 3599 1347 3684 prementibus:
1372 3617 1436 3664 una

475 3703 531 3770 uni
557 3703 771 3790 coniungitur,
781 3713 821 3772 et
835 3723 877 3772 ne
891 3703 1086 3788 spiraculum
1104 3703 1232 3790 quidem
1249 3705 1365 3772 incedit
1379 3721 1436 3788 per

418 3883 419 3888 ,
473 3829 541 3890 eas;
560 3829 624 3876 una
638 3809 727 3876 alteri
752 3809 949 3888 adhaerebit,
965 3817 997 3876 θῖ
1012 3815 1153 3878 ῖθθθθῖθε
1178 3827 1209 3876 εθ
1234 3829 1435 3898 nequaquam

474 3916 753 4002 separabuntur»;
776 3915 861 3982 unde
884 3917 915 3982 in
941 3917 1077 3982 Psalmo:
1109 3915 1317 3992 «Astiterunt
1344 3933 1436 4000 reges

475 4027 590 4102 terrae,
615 4029 646 4088 θῖ
668 4021 827 4108 principes
850 4029 1068 4090 convenerunt
1088 4021 1122 4088 in
1155 4039 1257 4088 untrm
1281 4021 1435 4090 adversus

333 4143 455 4190 conuitio.
475 4129 669 4196 Dominum»
693 4135 751 4196 etc.
769 4129 894 4194 -Post
912 4129 989 4194 haec
1005 4127 1167 4214 subiungit
1184 4127 1435 4208 benediccionem,

475 4253 548 4304 cum
574 4233 698 4304 subdit:
723 4237 895 4318 Quomodo
923 4235 1021 4300 stabit
1053 4255 1195 4322 repuuru
1226 4235 1321 4302 eius?
1345 4235 1436 4320 Qtrod

473 4343 549 4410 dicit
574 4341 823 4430 iuterroputiue,
847 4347 999 4426 unquam
1019 4341 1210 4426 impossibile
1235 4343 1274 4410 sit
1298 4343 1358 4410 hoo
1381 4359 1436 4408 su-

478 4449 612 4528 stinere,
638 4447 720 4533 quod
746 4455 870 4516 satanas
892 4447 959 4532 ipse
995 4447 1031 4514 de
1056 4465 1152 4534 regno
1176 4447 1278 4518 eiiciat
1303 4465 1344 4516 εθ.
1378 4449 1435 4514 ῖῖθ-

473 4571 573 4638 gnum
595 4553 679 4620 enim
704 4558 828 4620 satanae
851 4561 899 4620 est
923 4553 1061 4620 inmalis
1082 4553 1366 4638 ottrectatoribus:
1383 4553 1436 4620 lob

474 4659 715 4746 quadragesimo
740 4661 885 4746 primo⁶:
914 4687 931 4720 α
947 4663 1014 4746 lpse
1031 4669 1084 4756 ‘est
1116 4679 1176 4728 rex
1202 4677 1302 4746 super
1325 4679 1436 4728 omnes

474 4765 557 4832 filios
580 4765 748 4852 superbiae
762 4791 793 4846 »3
824 4773 854 4834 et
878 4767 948 4834 ideo
969 4765 1092 4834 dicebat
1124 4767 1288 4852 hpostolus
1312 4767 1350 4836 ad
1376 4769 1435 4834 ilo-

385 4917 387 4920 -
473 4881 583 4938 manos
606 4879 711 4940 sento:
741 4873 834 4942 «Non
860 4879 968 4958 regnet
992 4879 1154 4960 peccatum
1172 4875 1203 4940 in
1228 4881 1332 4940 nestro
1349 4891 1435 4940 uror-

311 4991 411 5056 nuup
425 4975 528 5044 metali
554 4993 687 5062 corpore
701 4997 732 5044 a.
758 5017 801 5028 -
825 4980 984 5046 Postremo
1008 4979 1163 5044 subinfert
1187 4979 1329 5046 minueris
1353 4997 1435 5064 pro-

353 5059 420 5092 noas.
475 5085 639 5152 bulionem
672 5107 712 5152 eu
744 5087 830 5154 dioto
864 5085 1036 5172 ipsorum,
1069 5085 1217 5172 qnoniam
1255 5087 1332 5152 haec
1367 5093 1436 5152 erat

474 5209 570 5258 causa
593 5191 691 5260 totius
712 5191 859 5260 illationis
875 5193 885 5234 ⁷
900 5191 979 5268 falsi.
1005 5193 1048 5260 Εῖ
1065 5191 1134 5260 ideo
1148 5191 1249 5260 addit:
1274 5193 1365 5276 Quia
1384 5191 1435 5260 di-

474 5299 568 5366 ec'tis:
592 5299 634 5366 Iu
656 5299 834 5366 Beelzebub
859 5299 973 5368 eiicere
997 5319 1047 5366 me
1074 5299 1260 5366 doemonio.
1291 5299 1322 5366 Si
1350 5299 1435 5368 enim

545 5629 556 5662 ²
577 5629 646 5686 Libr.
664 5633 692 5686 tl.
706 5631 852 5688 Commeat.
867 5635 892 5686 in
904 5635 993 5686 hlatth.
1008 5635 1053 5698 lb,
1067 5635 1100 5686 26
1109 5653 1116 5698 ;
1130 5647 1159 5686 ex
1175 5635 1285 5698 Sallust,
1301 5635 1434 5698 iugurtha,

473 5735 498 5774 e.
519 5721 562 5774 lb.
580 5721 632 5776 Cir.
651 5725 714 5776 torn.
729 5725 761 5778 V.
774 5737 836 5790 pag.
857 5723 922 5790 ¹195,
937 5729 998 5776 nota
1017 5725 1048 5788 3,
1068 5723 1115 5776 nbi
1128 5723 1194 5776 alios
1206 5729 1328 5776 auctores
1340 5725 1435 5788 allega·

473 5809 572 5860 vimus.
590 5811 630 5860 De
646 5813 828 5878 propositione
854 5827 902 5878 per
931 5827 959 5866 se
977 5817 1038 5866 nom
1067 5815 1113 5866 θῖθ.
1142 5813 1158 5862 l.
1188 5815 1259 5866 Sent.
1277 5811 1350 5866 d.‘8.
1370 5827 1395 5878 p.
1415 5815 1433 5866 l.

393 5923 394 5926 =
473 5911 499 5950 a.
519 5897 543 5948 l.
563 5911 588 5964 q.
608 5899 635 5950 2.
653 5897 681 5948 in
700 5911 773 5966 corp.
852 5929 853 5932 =

545 5981 556 6012 ²
576 5985 650 6036 Vers,
669 5987 699 6052 2,
717 5987 745 6038 in
758 6001 812 6054 utro
825 5995 885 6054 post
895 6001 969 6042 nuuc
988 5989 1070 6042 GDG
1088 5989 1191 6042 addunt
1202 5993 1304 6044 eutem.
1318 6017 1350 6028 -
1367 5987 1434 6042 Sub

473 6073 535 6126 inde
553 6073 699 6136 allegantur
716 6073 794 6128 Prov.
815 6079 866 6138 28,
885 6079 914 6138 2;
935 6079 999 6128 Gen.
1020 6075 1067 6140 ll,
1086 6077 1111 6128 l.
1131 6081 1155 6128 et
1175 6079 1200 6130 8.

545 6157 557 6188 ³
576 6161 651 6214 Vere.
671 6161 714 6214 lb.
729 6187 766 6200 -
777 6163 905 6226 Superius
919 6177 967 6226 pro
980 6163 1013 6216 de
1023 6161 1137 6216 urdtotds
1155 6161 1220 6230 [AC
1232 6163 1254 6214 D
1264 6163 1314 6216 PG
1332 6161 1362 6216 iu
1374 6163 1433 6216 urti-

473 6247 540 6320 lute]
560 6247 617 6304 eius
636 6247 816 6304 destructione
835 6251 894 6304 Vat.
913 6249 946 6304 de
964 6247 1050 6318 :perce
1069 6249 1182 6304 unitatis
1199 6249 1390 6318 dr'cstpolioue,
1409 6253 1433 6304 Η

473 6341 527 6394 erit
542 6337 655 6394 uuimtic
673 6337 835 6406 desbactio,
857 6337 956 6392 omisso
974 6337 1084 6392 dicitur.

544 6421 558 6454 ⁴
576 6427 690 6492 Vulgata
708 6431 732 6478 el
752 6427 773 6478 H
793 6425 827 6478 Si
842 6429 935 6480 aulem
953 6427 987 6480 ei.

544 6511 557 6544 ³
576 6517 650 6572 Vens.
669 6517 726 6586 aa,
746 6521 806 6584 post
833 6529 900 6582 quos
917 6517 959 6568 Ps.
978 6517 1010 6580 2,
1028 6517 1054 6568 2.
1073 6543 1109 6556 ι-
1129 6515 1256 6580 Saperius
1274 6531 1323 6582 pro
1342 6519 1434 6570 tanuen

473 6603 504 6658 iu
521 6619 549 6660 se
568 6619 623 6660 nou
641 6609 792 6662 asinarum
812 6607 871 6658 Vat.
889 6617 952 6660 curn
969 6603 999 6658 iu
1016 6617 1045 6658 se
1064 6617 1119 6658 nau
1136 6603 1174 6660 sit
1190 6619 1296 6658 uerum.

544 6689 557 6722 ⁶
576 6693 651 6748 Vers.
669 6695 717 6762 25,
737 6695 779 6748 cui
798 6693 966 6760 subiungitur
984 6697 1059 6748 Ront.
1075 6695 1104 6758 b,
1127 6695 1169 6748 ll.
1188 6721 1221 6732 -
1246 6693 1372 6760 Superius
1384 6707 1434 6760 pro

473 6781 564 6838 eiiciet
581 6793 608 6836 se
627 6783 687 6838 Vnt.
705 6781 839 6838 adiciatur.

434 6921 436 6928 t
545 6865 556 6898 r
577 6871 636 6924 Vat.
654 6869 859 6940 elucidationis:
880 6871 1029 6926 immediate
1049 6877 1110 6940 post
1127 6883 1176 6938 pro
1194 6867 1260 6942 [uisi
1271 6871 1293 6922 H
1312 6867 1405 6940 salsae.

2393 559 2452 622 att

1499 741 1611 790 verum
1634 731 1682 792 θεῖ
1704 721 1791 810 quod
1813 721 1933 802 dicitis,
1958 728 1994 790 ut
2018 727 2142 790 satanas
2166 729 2304 790 satanam
2337 727 2456 806 eiiciat3

1499 849 1573 916 ergo
1598 831 1733 900 divisum
1756 837 1805 898 est
1832 829 1902 898 eius
1924 829 2110 916 imperium,
2134 847 2171 898 ac
2192 847 2250 916 per
2276 833 2335 898 hoo
2358 831 2458 898 tendit

1498 935 1799 1006 autocephalia
1823 937 1892 1016 ¹hoc
1926 935 2019 1002 modo
2053 935 2211 1002 formatur
2233 943 2457 1020 argumentum

1499 1041 1642 1110 Matthaei
1680 1041 1905 1110 duodecimoi:
1934 1041 1997 1108 «Si
2027 1047 2152 1110 satanas
2181 1048 2321 1108 satanam
2357 1039 2457 1120 elicit,

1499 1149 1652 1216 adversus
1677 1165 1709 1216 se
1733 1149 1838 1234 ipsum
1861 1147 1983 1216 ttrtsns
2003 1157 2069 1228 est;
2096 1147 2251 1234 quomodo
2287 1165 2362 1232 ergo
2396 1151 2459 1210 sta-

1498 1255 1545 1320 bit
1567 1271 1701 1340 regnum
1726 1255 1795 1320 eius
1810 1261 1848 1318 »l
1868 1291 1915 1304 -·-
1937 1255 1987 1322 Sic
2009 1273 2085 1340 ergo
2109 1261 2212 1340 patet,
2236 1251 2393 1340 quomodo
2416 1267 2458 1322 cx

1498 1360 1581 1427 dicto
1605 1363 1715 1428 eorum
1738 1359 1865 1426 deducit
1886 1363 1926 1428 ad
1949 1363 2153 1428 manifestum
2174 1361 2373 1446 impossibile.

1587 1467 1640 1534 db.
1667 1467 1767 1552 (Vens.
1797 1467 1872 1552 ta).
1898 1467 2041 1540 Secundo
2062 1485 2139 1536 vero
2163 1469 2306 1554 perducit
2330 1465 2369 1534 ad
2392 1463 2459 1554 fol·
2479 1465 2607 1510 Saunium·

1498 1591 1575 1642 suut
1607 1573 1839 1660 improbabile,
1877 1591 1948 1642 cum
1982 1575 2103 1642 subdit:
2126 1575 2166 1642 Si
2195 1573 2307 1642 nutem
2342 1593 2399 1660 epo
2421 1573 2458 1640 in

1495 1679 1678 1748 ‘beelzebub
1692 1679 1788 1746 eiicia
1803 1681 1999 1758 doemonio:
2024 1683 2055 1748 in
2079 1699 2143 1768 quo
2168 1683 2299 1750 intendit
2320 1683 2458 1750 formare

1499 1789 1593 1854 talem
1617 1787 1791 1854 rationem:
1814 1785 1840 1854 si
1865 1803 1923 1872 ego
1943 1787 2034 1854 elicio
2055 1787 2219 1854 daeoronia
2244 1807 2302 1874 per
2332 1789 2457 1856 daemo-

1499 1909 1575 1960 num
1601 1893 1786 1980 potentiam;
1809 1899 1841 1960 θῖ
1865 1909 1923 1978 ego
1943 1891 2013 1992 dedi
2040 1899 2224 1978 potestatem
2247 1897 2319 1962 hilis
2344 1895 2458 1962 vestris

1499 1999 1641 2068 eliciendi
1672 1999 1836 2066 daemonia
1865 2035 1911 2048 --
1940 1997 2022 2066 hanc
2057 1999 2207 2086 supponit
2237 2007 2268 2066 et
2299 2007 2379 2068 tacet
2415 2039 2457 2052 --

1499 2125 1573 2192 ergo
1598 2105 1657 2190 ipsi
1681 2107 1711 2170 in
1730 2107 1871 2192 principe
1886 2105 2122 2172 daemoniorum
2141 2105 2270 2172 eiioiuot
2286 2107 2456 2176 daemonia.

1499 2213 1562 2278 Sed
1580 2211 1641 2278 hoc
1677 2217 1724 2278 est
1753 2211 1868 2278 laisum
1904 2215 1935 2278 et
1957 2209 2187 2296 improbabilei
2219 2215 2248 2278 et
2284 2211 2457 2280 secundnm

1499 2317 1641 2402 ipsorum
1667 2317 1844 2402 opinionem
1872 2323 1903 2384 θῖ
1919 2315 2100 2384 'secundum
2131 2315 2274 2400 ipsorum
2298 2313 2458 2398 apostolo·

1500 2441 1572 2490 rum
1598 2423 1858 2490 testificationem.
1880 2425 2005 2490 Falsum
2022 2431 2069 2490 est
2085 2423 2182 2508 igitur
2198 2421 2285 2506 quod
2300 2419 2456 2488 Pharisaei

1500 2529 1658 2608 sentiunt,
1682 2535 1713 2596 et
1737 2547 1850 2596 uerum
1876 2527 1961 2614 quod
1990 2529 2124 2614 Apostoli
2155 2533 2327 2608 testantur3
2360 2527 2455 2614 igitur

1499 2635 1566 2720 ipsi
1587 2641 1687 2704 eruut
1709 2635 1835 2702 iudices
1851 2653 1977 2702 cortem.
2001 2643 2046 2682 ’-
2066 2637 2101 2700 ln
2124 2635 2183 2702 hac
2206 2641 2311 2701 autem
2336 2635 2457 2702 ratione
2477 2641 2603 2700 Pronuba·

1499 2743 1714 2826 praemittitur
1734 2741 1935 2830 propositio,
1961 2761 2055 2828 quam
2089 2747 2250 2822 asserunt,
2281 2761 2354 2810 cum
2380 2743 2458 2810 dici-

1499 2855 1570 2915 tur:
1588 2847 1626 2914 Si
1640 2855 1752 2914 autem
1766 2867 1823 2934 epo
1840 2847 1875 2914 iu
1892 2847 2070 2914 Beelzebub
2087 2847 2180 2914 edicio
2195 2847 2391 2926 doemonio,
2409 2867 2456 2928 εθ-

1500 2955 1637 3022 cundum
1652 2963 1788 3022 nestram
1802 2953 1919 3022 scilicet
1933 2955 2136 3022 assertionem
2150 2979 2158 3034 ;
2178 2971 2276 3040 snpra
2291 2954 2399 3022 eodem
2414 2955 2454 3022 ¹⁰:

1505 3087 1519 3120 θ
1538 3064 1570 3129 ln
1586 3061 1759 3130 Beelzebub
1776 3061 1860 3130 elicit
1874 3061 2079 3128 daemonia».
2100 3097 2140 3110 -·
2159 3061 2310 3128 Subditur
2326 3061 2457 3130 conclu-
2475 3067 2596 3114 cunarum.

1499 3161 1675 3256 adaquant
1697 3187 1759 3236 non
1784 3167 1977 3248 concedunt,
1999 3185 2071 3234 oum
2093 3167 2227 3235 dicitur:
2250 3165 2334 3234 Filii
2356 3169 2458 3236 nestri

1500 3275 1536 3342 iu
1559 3295 1623 3364 quo
1646 3275 1806 3342 θῖῖθῖῖθῖῖ.9
1828 3277 1918 3362 qtcasi
1941 3275 2077 3342 diceret:
2103 3275 2265 3360 munitur,
2290 3275 2373 3360 quod
2402 3275 2457 3344 eii-

1499 3383 1587 3448 oinnt
1611 3383 1640 3448 in
1667 3381 1854 3460 Beelzebuh3
1877 3381 1962 3470 quod
1979 3389 2081 3448 tamen
2106 3381 2164 3466 ipsi
2188 3399 2250 3448 non
2271 3381 2455 3450 concedunt.

1485 3481 1585 3556 'Unde
1618 3489 1755 3556 aedan:
1794 3487 1929 3556 «Filios
1965 3487 2149 3556 ludaeorum
2175 3493 2265 3554 uocat
2288 3489 2457 3572 apostotos,

1500 3597 1555 3682 utri
1577 3595 1661 3664 inter
1684 3595 1745 3662 alia
1766 3613 1915 3674 munera,
1939 3597 2020 3682 quae
2052 3613 2069 3660 a
2099 3593 2231 3660 Domino
2252 3601 2455 3678 acceperant,

1500 3699 1592 3768 etiam
1616 3701 1780 3768 daemonia
1811 3701 1985 3786 pellebant,
2015 3719 2112 3788 quaun
2142 3701 2362 3784 expulsionem
2395 3721 2457 3768 non

1500 3807 1639 3886 diabolo,
1658 3805 1711 3874 sed
1729 3809 1793 3874 Deo
1808 3807 2053 3892 assignabant».
2069 3847 2115 3856 -
2129 3805 2331 3874 Subinlertur
2353 3817 2456 3878 autem
2477 3813 2614 3868 usuarium.

1499 3913 1710 4000 redurputio,
1736 3931 1829 3998 quam
1857 3913 2038 3994 incurrunt,
2054 3931 2126 3980 oum
2144 3903 2280 3980 dicitur:
2302 3913 2376 3982 ideo
2392 3917 2460 4002 ipsi

1501 4017 1626 4084 iudices
1650 4017 1751 4084 uestri
1772 4027 1889 4096 eruut:
1906 4019 1981 4104 quia
2003 4017 2088 4104 quod
2112 4037 2169 4086 nos
2183 4019 2407 4102 blasphematis
2422 4029 2459 4088 ut

1499 4121 1615 4192 salsum
1637 4123 1696 4210 ipsi
1722 4123 1930 4192 testificantur
1961 4141 2182 4206 essenorum,
2212 4123 2384 4192 secundum
2420 4127 2457 4193 il-

1500 4231 1557 4298 lud
1577 4231 1674 4298 Isaiae
1695 4229 1936 4316 utradragesimo
1960 4231 2112 4298 terti012:
2141 4259 2159 4292 θ
2175 4231 2254 4300 Vere
2284 4251 2338 4300 vos
2363 4241 2456 4302 testes

1499 4335 1579 4418 mei,
1604 4337 1680 4404 dicit
1700 4337 1854 4404 Dominus
1870 4363 1899 4402 o.
1926 4339 1961 4404 Et
1986 4357 2049 4404 non
2072 4343 2193 4406 tantum
2213 4345 2303 4404 testes
2324 4347 2456 4426 propter

1500 4445 1641 4512 rerimtis
1664 4445 1884 4524 assertionem,
1910 4445 2079 4512 sedetiam
2104 4445 2230 4512 iudices
2252 4453 2380 4530 propter
2405 4465 2457 4516 te-

1500 4551 1603 4618 ritatis
1626 4551 1867 4636 perlectionem,
1890 4551 2064 4618 seeundum
2081 4551 2160 4618 illud
2175 4549 2319 4618 hlatthaei
2337 4552 2457 4620 decimo

1500 4677 1599 4726 nono:
1629 4659 1739 4738 «Vae,
1761 4657 1817 4744 qui
1849 4657 2020 4746 reliquistis
2051 4657 2155 4726 omnia
2186 4665 2217 4726 et
2251 4659 2352 4726 secuti
2381 4659 2457 4726 estis

1500 4783 1567 4846 me,
1592 4765 1740 4834 sedebitis
1761 4783 1860 4850 super
1881 4767 1970 4834 sedes
1993 4765 2175 4846 duodecim,
2191 4765 2364 4834 iudicantes
2378 4765 2457 4834 duo·

1499 4873 1598 4940 decim
1625 4873 1728 4940 tribus
1750 4873 1844 4938 lsrael
1862 4899 1890 4938 »,
1919 4873 1978 4960 ipsi
2001 4891 2137 4958 namque
2162 4879 2253 4954 sunt,
2277 4871 2316 4940 de
2339 4873 2456 4960 utribus

1500 4967 1594 5046 isaiae
1619 4979 1710 5046 tertio
1727 4981 1769 5044 ¹³:
1805 4981 1989 5046 «Dominus
2011 4981 2052 5046 ad
2073 4979 2226 5048 iudiciuin
2252 4979 2359 5048 veniet
2383 4999 2456 5048 cum

1499 5085 1678 5152 senioribus
1699 5087 1809 5172 populi
1832 5085 1881 5152 sui
1896 5113 1929 5154 s.
1952 5085 2105 5154 Seniores
2127 5093 2217 5156 vocat
2240 5085 2455 5172 perfectiores,

1499 5193 1674 5260 secundum
1696 5191 1773 5260 illud
1799 5193 1971 5280 Sapientiae
1994 5201 2129 5280 quarto:
2159 5197 2341 5262 «Senectus
2366 5211 2457 5260 uene·

1499 5299 1607 5366 rabilis
1628 5305 1693 5390 est,
1718 5319 1780 5368 non
1805 5301 1972 5382 diuturna,
2003 5319 2108 5388 neque
2136 5321 2294 5370 annorum
2323 5319 2457 5368 numero

1568 5629 1578 5662 ⁸
1599 5635 1676 5688 Vens.
1694 5635 1738 5686 ab.
1755 5661 1793 5674 -
1810 5635 1938 5702 Superius
1955 5639 2016 5700 post
2043 5637 2170 5704 seleucum
2196 5633 2286 5692 eiiciet
2306 5635 2363 5690 Vat.
2382 5635 2456 5690 addit

1497 5719 1629 5776 aduersus
1646 5737 1677 5776 se
1689 5721 1777 5792 ipsum
1797 5721 1898 5778 diuisus
1918 5725 1963 5778 θθῖ.
2172 5727 2174 5732 ‘

1568 5807 1580 5838 ⁹
1599 5813 1689 5866 Plures
1707 5811 1796 5894 codd„
1814 5817 1842 5864 ut
1856 5811 1975 5878 ACDH‚
1994 5811 2166 5882 impossibile.

1569 5895 1590 5926 ¹⁰
1612 5901 1686 5952 Vens.
1697 5899 1740 5950 lb.
1757 5889 1790 5938 '—
1805 5899 1931 5964 Superius
1942 5913 1992 5964 pro
2003 5899 2151 5968 propositio
2165 5899 2215 5956 AC
2227 5901 2275 5954 DF
2286 5903 2307 5954 ll
2315 5899 2451 5968 probatio,

1497 5991 1522 6040 et
1540 6001 1588 6052 pro
1608 5991 1738 6040 usserunt
1754 5989 1813 6040 Vat.
1831 5991 2019 6042 asseruerunt.

1568 6073 1589 6104 ¹¹
1610 6075 1681 6128 Libr.
1699 6077 1742 6128 lV.
1755 6075 1779 6126 ln
1793 6079 1857 6128 Luc.
1876 6077 1924 6140 tt,
1943 6075 1990 6142 aa,
2003 6075 2085 6130 verba
2099 6081 2160 6130 scrut
2172 6077 2277 6130 Glossae
2297 6073 2454 6130 ordinariae

1497 6165 1523 6216 in
1544 6165 1659 6216 eundem
1680 6165 1775 6216 locum.

1568 6249 1590 6280 ¹²
1613 6253 1686 6304 Vera.
1704 6253 1730 6304 9,
1758 6257 1784 6304 θῖ
1805 6253 1845 6304 ῖθ.
1865 6279 1899 6292 -
1920 6253 2043 6316 Sequitur
2061 6253 2148 6306 ttatm.
2178 6253 2226 6316 lb,
2245 6253 2289 6306 28.
2313 6255 2348 6306 lta
2376 6253 2454 6308 etiam

1496 6343 1613 6406 haymo,
1631 6337 1709 6392 Card.
1728 6341 1806 6402 lingo
1823 6343 1850 6390 et
1867 6341 1985 6404 tyranus
1991 6361 1998 6402 ;
2011 6341 2070 6392 Vat.
2088 6341 2154 6406 Vos,
2169 6339 2217 6410 qui
2228 6340 2313 6396 secuti
2329 6339 2391 6394 estis
2405 6355 2454 6406 me,

1498 6427 1524 6480 iu
1543 6425 1759 6496 repedandum,
1779 6439 1842 6478 cum
1861 6425 1957 6480 sederit
1977 6425 2063 6482 Filius
2081 6427 2198 6482 bominis
2212 6425 2314 6482 insede
2331 6427 2455 6484 mutesco·

1498 6515 1530 6572 iis
1549 6529 1629 6582 suae,
1649 6511 1771 6588 accubitis
1793 6517 1818 6568 θῖ
1835 6527 1892 6568 cos.

1559 6601 1591 6640 ²³
1611 6607 1686 6658 Vens.
1706 6605 1749 6658 ta.
1766 6633 1803 6646 -
1821 6604 1940 6660 Subinde
1958 6607 2084 6670 allegatur
2105 6607 2166 6670 Sap.
2181 6607 2210 6672 l,
2231 6609 2262 6670 8,
2282 6605 2328 6660 ubi
2347 6605 2455 6660 ACDF

1499 6691 1628 6750 Senectus
1645 6691 1806 6750 uenerabilis
1823 6707 1879 6750 nou
1903 6697 1943 6750 est
1957 6693 2090 6750 diuturno
2110 6701 2168 6764 eto,
2186 6701 2211 6748 et
2231 6709 2280 6760 pro
2300 6693 2368 6750 Curti
2384 6695 2455 6750 euim

1499 6785 1611 6850 Vulgata
1630 6789 1656 6838 et
1676 6783 1734 6838 Vat.
1754 6783 1938 6840 Candauiam.
2219 6799 2223 6806 ·
