5908 8266
448 609 513 680 XVl

350 789 351 792 ’
447 803 497 860 per
519 785 632 842 modum
655 785 795 842 otrirrsdum
818 787 929 842 tabellae
954 787 1011 842 sire
1035 789 1177 844 schematis
1202 791 1313 858 scripta,
1339 807 1410 860 quae

448 897 552 962 incipit:

788 1053 927 1118 privilegio
944 1051 1116 1122 conditioniS,

788 1159 916 1214 sacrificio
934 1159 1116 1224 recreatione,

789 1265 915 1332 mysterio
933 1265 1053 1334 pietatis,
1121 1251 1122 1254 ¹

788 1353 952 1440 reparatione
972 1385 1104 1438 supernae
1121 1373 1299 1430 beatitudiuis.

788 1493 837 1562 per
854 1481 1046 1534 illuminantem
1062 1483 1190 1550 gratiam,

788 1599 835 1652 per
856 1585 1050 1652 gubernantem
1067 1589 1244 1658 potentiam,¹

788 1707 834 1760 per
854 1693 1006 1760 dignantem
1025 1673 1163 1764 naturam,
1272 1673 1273 1676 Ἴ

789 1815 835 1868 per
856 1801 1044 1856 sublimantem
1061 1801 1175 1868 gloriam
1193 1805 1244 1854 etc.

449 1219 522 1270 Pater
542 1219 630 1268 noster
758 1055 769 1420 ³

449 1639 499 1706 Qtri
517 1655 547 1694 es
566 1639 589 1690 in
611 1639 687 1692 caelis
758 1479 770 1850 ἱ

519 1973 544 2028 0,
563 1957 592 2024 d)
614 1961 685 2014 Aliae
702 1963 879 2028 expositiones
899 1963 1024 2018 orationis
1044 1961 1192 2016 dominicae
1205 1961 1357 2015 tribuuntur
1368 1973 1414 2014 no-

449 2069 504 2120 stro
521 2065 629 2120 Ductori
647 2065 675 2120 iu
691 2067 752 2120 eod.
775 2069 892 2138 quodam
914 2067 1089 2124 bibliothecae
1108 2065 1230 2132 publicae
1247 2063 1368 2120 Druidae
1385 2065 1415 2118 in

450 2171 574 2238 saxonia,
595 2171 665 2238 sign.
683 2171 713 2226 Α.
735 2173 797 2228 let.
814 2175 885 2228 llaec
905 2175 1013 2240 incipit:
1037 2171 1144 2226 «Pater
1163 2173 1269 2236 norim,
1284 2171 1332 2242 qui
1343 2183 1371 2228 er
1382 2169 1413 2228 ire

449 2277 522 2334 celis.
551 2279 673 2332 Formam
690 2281 785 2334 orandi
812 2279 924 2334 brevem
942 2285 970 2334 et
988 2279 1077 2334 utilem
1101 2279 1207 2334 tradidit
1231 2279 1350 2334 Christus
1373 2279 1414 2332 di-

449 2387 558 2452 scipulis
575 2387 646 2452 suis3
677 2393 701 2438 et
724 2387 774 2438 hoc
793 2391 902 2452 propter
922 2385 1056 2452 quinque:
1073 2385 1176 2450 primo,
1195 2389 1226 2438 ut
1243 2385 1314 2438 Deus
1334 2387 1415 2438 hono·

419 2555 421 2558 ,
449 2495 521 2546 retur
534 2511 547 2540 a
563 2495 615 2546 etc.
626 2491 702 2546 Plura
716 2489 743 2544 iu
755 2493 852 2546 eedem
870 2489 1054 2558 inueniuntur,
1066 2505 1135 2558 quae
1148 2489 1307 2546 uaruicum
1327 2495 1414 2544 sumta

449 2605 510 2654 suut
534 2615 564 2654 ex
592 2597 640 2652 illis
669 2597 774 2654 duabus
802 2597 1008 2666 expositionibus
1037 2599 1175 2666 utriusque
1198 2599 1342 2664 formulae,
1359 2601 1415 2654 scil.

449 2705 519 2770 apud
542 2705 638 2758 lucam
659 2709 684 2756 et
699 2703 873 2770 lllatthaeum,
893 2705 941 2760 sed
959 2707 1087 2774 pleraque
1105 2711 1190 2760 sumta
1210 2709 1270 2758 suut
1287 2719 1318 2758 ex
1337 2703 1416 2760 Card.

449 2811 563 2876 Hugone
579 2809 609 2862 iu
626 2809 714 2862 llatth.
735 2809 762 2876 ti,
782 2811 807 2864 9.
826 2825 946 2878 seqq.-·
959 2809 1059 2864 ibidem
1071 2811 1120 2864 alia
1133 2793 1303 2864 huiusmodie
1316 2811 1416 2876 exposi-

449 2915 488 2968 tio
499 2915 697 2968 bonaventurae
710 2913 834 2982 ihscripta
848 2913 959 2968 habetur
977 2927 1086 2982 prorsus
1099 2915 1219 2984 diversa,
1236 2915 1264 2968 in
1278 2929 1332 2984 qua
1352 2915 1416 2970 nihil

450 3019 567 3074 invenire
587 3019 736 3086 potuimus,
754 3021 828 3088 quod
848 3027 969 3074 nostrum
986 3023 1126 3076 Ductorem
1147 3023 1253 3076 indicet.
1295 3055 1296 3058 =

522 3129 549 3194 e)
561 3125 681 3194 Denique
691 3125 839 3192 longiorem
854 3129 1043 3194 expositionem
1055 3129 1127 3194 apud
1139 3143 1188 3182 nos
1200 3127 1332 3182 habemus
1342 3133 1408 3182 tran·

450 3233 574 3300 scriptam
589 3247 620 3286 ex
637 3233 697 3288 cod.
710 3233 730 3288 C
742 3247 822 3302 supra
837 3235 853 3302 S
869 3233 896 3290 7.
911 3251 936 3290 n.
950 3237 976 3290 3.
995 3241 1099 3306 notato,
1117 3249 1187 3302 quae
1206 3235 1315 3304 quidem
1335 3237 1416 3290 multa

451 3341 533 3392 habet
550 3343 635 3392 sumta
650 3353 681 3392 ex
692 3341 735 3392 illa
743 3341 919 3410 expositione,
936 3355 1005 3410 quae
1019 3341 1220 3396 Bonarenturae
1237 3341 1416 3404 tribuebatur,

451 3447 499 3500 sed
524 3447 608 3500 mrrlto
625 3447 701 3512 plura
722 3443 753 3500 ab
774 3449 822 3500 alia
844 3461 923 3500 manu
947 3447 1038 3500 addita
1061 3453 1089 3500 et
1112 3445 1138 3500 iu
1163 3449 1276 3500 lormam
1299 3445 1416 3512 plurium

452 3563 608 3606 sermonum
624 3551 740 3606 redacta.

523 3659 548 3726 g.
566 3655 594 3710 9.
611 3655 646 3710 De
665 3653 766 3712 inedita
785 3658 895 3728 quadam
917 3653 1026 3728 postilla
1052 3655 1082 3710 in
1109 3655 1221 3712 Cantica
1247 3655 1418 3712 Canbimrum

452 3761 520 3818 falso
541 3761 566 3818 S.
587 3755 786 3818 Bonarenturae
802 3763 916 3818 tributu.

524 3875 552 3926 lu
563 3869 723 3924 bibliotheca
738 3869 926 3942 Wotsenbiiilel
938 3873 997 3926 cod.
1013 3869 1072 3926 lot.
1087 3873 1192 3926 Helmst.
1208 3873 1290 3926 chart.
1301 3871 1416 3926 habetur

452 3977 555 4044 postilla
574 3977 602 4030 iu
618 3975 755 4032 Canticum
769 3977 951 4044 Canticorom,
971 3993 1039 4046 quae
1051 3979 1095 4032 lol.
1108 3971 1160 4030 rc'u
1172 3993 1194 4032 r.
1208 3977 1312 4046 incipit:
1335 3977 1417 4034 Oscu-

454 4083 526 4140 tctur
539 4099 581 4140 me
594 4083 684 4142 osculo
697 4083 783 4140 oris...
794 4087 822 4140 ln
835 4099 947 4152 persona
961 4085 1073 4152 uirginis
1087 4087 1200 4154 gloriose
1213 4087 1263 4142 hoc
1275 4085 1417 4142 verbnm...

452 4191 553 4244 Desinit
564 4193 608 4244 iol.
620 4193 672 4244 216
685 4205 725 4244 r.:
746 4211 761 4240 a
776 4193 855 4248 Sollte
867 4193 972 4260 pietatis
989 4193 1161 4260 ponderetur.
1172 4195 1203 4246 ut
1214 4193 1240 4246 iu
1253 4195 1310 4246 hoo
1328 4193 1419 4248 terml-

453 4303 532 4352 natur
549 4299 654 4364 postilla
671 4311 750 4364 super
770 4299 873 4356 Cantica
895 4301 963 4354 iuter
980 4303 1085 4368 prolem
1103 4297 1220 4366 Virginis
1235 4305 1264 4354 et
1282 4313 1357 4356 snam
1370 4299 1416 4352 be

453 4405 588 4460 nedictam
605 4407 713 4460 illatrem
731 4409 756 4460 et
776 4421 946 4462 econverso.
962 4409 995 4462 Ex
1015 4407 1143 4474 tripartita
1162 4407 1254 4462 Glossa
1273 4407 1358 4462 lratris
1370 4409 1418 4460 Bu·

453 4517 601 4568 narenture
617 4517 753 4580 excerpta,
774 4515 869 4580 scripta
893 4527 962 4568 anuo
987 4513 1094 4568 Domini
1121 4515 1208 4580 12112,
1234 4517 1365 4580 completa
1391 4513 1416 4568 in

455 4619 498 4674 die
518 4619 553 4674 St.
572 4619 705 4674 Elisabeth
725 4633 773 4686 per
791 4633 902 4676 manum
920 4619 1007 4676 fratris
1027 4621 1177 4690 llarquardi
1205 4623 1238 4676 de
1267 4623 1368 4688 Tessyn
1392 4621 1418 4674 in

455 4727 562 4796 antiqua
581 4725 761 4796 Hilgendisli)
781 4727 856 4796 qnasi
875 4719 1007 4782 ininsula
1027 4727 1086 4798 (sic)
1105 4729 1212 4782 Patmos
1228 4729 1339 4796 relegati
1355 4747 1382 4782 u.

527 4835 623 4888 Auctor
643 4831 726 4888 uerba
752 4835 833 4890 huius
859 4833 959 4890 Cantici
977 4835 1101 4890 contiuuo
1129 4835 1244 4902 applicat
1269 4835 1302 4888 ad
1322 4841 1418 4900 myste-

455 4939 525 4994 rium
544 4939 729 4994 ihcernationis
746 4955 795 5008 per
812 4943 923 4996 modum
942 4943 1067 5012 colloquii
1086 4941 1180 4996 Christi
1199 4955 1261 4996 cum
1280 4941 1418 4996 benedicta

457 5061 503 5102 sua
517 5047 606 5100 iliatre.
617 5047 723 5102 Praeter
736 5045 763 5102 S.
776 5047 941 5102 Bernardum
954 5047 1163 5116 frequentissime
1175 5049 1272 5114 allegat
1282 5047 1419 5114 expositio·

456 5167 518 5208 nem
537 5151 703 5220 dtcnumdri,
722 5153 802 5208 citans
814 5153 898 5210 libros
910 5159 934 5210 et
947 5155 1070 5220 capitula.
1090 5153 1155 5210 Cum
1172 5159 1262 5210 alitem
1274 5153 1419 5212 Alexander

458 5261 590 5326 eatenus,
607 5267 673 5318 reste
692 5261 814 5318 scarane
836 5261 981 5332 (suppiam.
1002 5263 1039 5318 au
1055 5261 1151 5330 script.
1168 5263 1230 5318 eru.
1250 5263 1332 5334 un),
1350 5243 1423 5318 con

459 5369 616 5422 menterium
636 5369 663 5422 iu
680 5365 817 5424 Canticum
836 5369 1003 5426 Canticorum
1022 5369 1156 5436 scripserit
1172 5369 1343 5424 distributum
1355 5369 1382 5424 in
1394 5369 1420 5422 li-

1268 613 1548 684 Puotxnohltirlt
1570 617 1604 682 C.
1626 617 1662 682 li.

1472 793 1536 848 bros
1545 797 1569 846 et
1577 793 1698 860 capitula,
1712 793 1872 848 censendum
1882 797 1929 858 est,
1941 793 2080 848 Halensem
2092 807 2150 846 esse
2159 793 2230 848 illum
2243 793 2433 850 Aicmmndrmm

1473 899 1509 952 ibi
1541 899 1656 952 citatum.
1685 901 1791 952 Praeter
1816 901 1866 954 hos
1892 899 1991 966 passim
2015 899 2076 954 citat
2102 901 2234 968 quendam
2258 903 2433 968 expositorem

1393 1005 1395 1008 ’
1480 1001 1676 1072 Wiilhetmnm‚
1704 1019 1785 1072 porro
1808 1003 1974 1074 Remigium,
2000 1003 2193 1060 Veroetlmsem
2221 1011 2246 1058 et
2276 1005 2433 1064 Citherimm.

1474 1111 1527 1166 Sed
1545 1125 1559 1164 a
1577 1127 1653 1166 more
1671 1111 1800 1178 seraphici
1817 1111 1936 1166 Doctoris
1955 1111 2068 1166 alienum
2087 1115 2138 1176 est,
2157 1125 2207 1178 pro
2225 1113 2340 1182 antiquis
2356 1111 2433 1166 Patri·

1475 1221 1526 1276 bus
1544 1217 1679 1286 potissime
1695 1219 1854 1274 recentiores
1871 1217 2013 1286 magistros
2033 1217 2058 1270 iu
2077 1217 2195 1272 medium
2214 1223 2344 1284 prolerre.

1546 1325 1754 1390 peremptorium
1784 1327 1869 1376 autem
1896 1327 1935 1376 est
1957 1325 2030 1392 qnod
2052 1323 2080 1376 in
2103 1321 2175 1376 initio
2198 1335 2257 1388 cap.
2279 1321 2433 1388 elegitur:

1479 1429 1573 1484 «Vide
1592 1431 1711 1484 Glossam
1736 1427 1890 1496 Thomna»,
1917 1435 1943 1482 et
1971 1429 1997 1482 in
2027 1427 2083 1482 aliis
2107 1415 2223 1494 quatuor
2248 1427 2312 1482 loeis
2341 1427 2434 1494 allegat

1475 1537 1656 1606 repositorum
1674 1535 1911 1604 Cuminariemem,
1931 1535 1986 1590 scil.
1998 1537 2040 1590 Fr.
2053 1538 2175 1590 loannem
2189 1535 2381 1602 Pecchamum,
2394 1533 2430 1588 di·

1476 1641 1607 1706 scipulum
1626 1643 1885 1704 exoneraturas,
1906 1653 1946 1694 an.
1968 1639 2035 1694 1279
2053 1639 2198 1694 adsedem
2222 1637 2433 1694 Cantuarieusern

1475 1751 1641 1814 promotum,
1661 1747 1753 1814 quire
1774 1759 1836 1798 vera
1859 1745 1983 1800 ineditam
2002 1745 2132 1812 postillam
2152 1745 2177 1796 in
2196 1745 2333 1800 Canticum
2350 1745 2433 1800 Canti-

1476 1867 1567 1908 corum
1587 1853 1698 1920 scripsit.
1719 1851 1821 1904 Nullum
1842 1857 1929 1904 autem
1949 1851 2061 1904 dubium
2081 1855 2172 1916 restat,
2186 1855 2331 1920 quominus
2343 1857 2433 1906 auctor

1476 1961 1606 2026 postillam
1623 1959 1693 2012 iliam
1714 1959 1851 2012 Pecchami
1868 1973 1932 2024 prae
1952 1959 2075 2012 manibus
2093 1933 2222 2012 habuerit.
2234 1959 2300 2012 Nam
2315 1961 2341 2012 iu
2357 1973 2434 2024 expo·

1477 2065 1569 2120 sitione
1588 2063 1732 2118 verborum
1750 2061 1854 2120 Frictio
1871 2077 1915 2118 me
1931 2063 2046 2132 fioribus
2065 2063 2100 2132 (0.
2118 2065 2157 2130 2,·
2168 2061 2205 2130 5.)
2223 2063 2359 2130 allegator
2372 2063 2435 2120 Cau·

1477 2171 1601 2224 tuariensi
1618 2171 1733 2224 eundem
1751 2171 1859 2234 locum,
1877 2183 1959 2238 quern
1978 2171 2056 2224 etiam
2085 2173 2175 2222 auctor
2195 2167 2256 2222 libri
2274 2171 2312 2226 De
2336 2173 2434 2240 sepiem

1477 2277 1619 2336 Itineribus
1649 2279 1830 2346 aeta-uitam,
1856 2279 1916 2346 (iter
1934 2279 1978 2334 lV.
2001 2279 2061 2334 dist.
2085 2277 2108 2330 2.
2128 2293 2154 2332 a.
2174 2278 2207 2342 1,
2225 2291 2287 2346 pag.
2308 2279 2367 2346 176,
2393 2279 2436 2334 ed.

1477 2383 1572 2452 Vatic.)
1593 2385 1626 2438 iia
1645 2385 1740 2438 relert:
1764 2373 1877 2438 «Primo
1903 2385 2012 2452 quidem
2040 2385 2199 2448 reundum,
2225 2385 2299 2450 quod
2327 2383 2436 2452 quidam

1478 2491 1582 2556 doctor,
1595 2491 1650 2546 scil.
1661 2491 1854 2546 cantuariensis
1871 2505 1953 2558 super
1971 2489 2090 2556 Cantica,
2102 2489 2390 2556 insipirralionabilller
2402 2489 2436 2544 ab

1478 2579 1567 2652 inlimo
1588 2599 1672 2666 gradu
1691 2599 1804 2654 caritatis
1823 2599 1879 2654 siue
1898 2599 1995 2654 amoris
2015 2597 2121 2666 gratuiti
2141 2597 2305 2652 ascendendo
2326 2613 2373 2666 per
2392 2611 2436 2652 sex

1478 2709 1680 2774 gradususque
1700 2707 1852 2772 aigradus
1873 2707 1972 2760 amoris
1998 2705 2104 2762 violenti
2135 2705 2190 2760 sire
2219 2705 2382 2760 vehementis
2400 2705 2436 2758 di·

1478 2827 1556 2868 cens:
1582 2813 1638 2866 Non
1661 2813 1746 2866 omnis
1775 2825 1850 2866 amor
1877 2813 1977 2870 inducit
2004 2813 2185 2878 languorem»
2210 2815 2259 2864 etc.
2285 2813 2316 2864 Et
2342 2813 2367 2864 iu
2394 2811 2436 2864 cit.

1478 2921 1640 2988 expositione
1658 2921 1771 2986 legitur:
1791 2937 1803 2972 a
1825 2921 1864 2972 Ad
1893 2919 2149 2974 commendationem
2175 2919 2205 2972 B.
2231 2917 2349 2984 Virginis
2375 2917 2439 2972 dicii

1478 3029 1588 3096 quidem
1606 3027 1751 3096 expositor,
1772 3027 1894 3082 uidelicet
1912 3025 2137 3084 cantuariensis:
2163 3027 2219 3080 Non
2249 3027 2334 3080 omnis
2360 3039 2437 3080 amor

1479 3139 1533 3200 est,
1550 3135 1599 3188 sed
1624 3137 1785 3202 vehemens,
1811 3133 1857 3202 qui
1886 3133 2051 3200 potissimum
2072 3131 2118 3186 lull
2138 3131 2163 3184 in
2181 3131 2260 3186 beata
2278 3131 2388 3200 Virgine
2411 3137 2438 3184 et

1479 3241 1559 3296 habet
1577 3253 1620 3294 sex
1642 3241 1764 3308 gradus»
1785 3245 1836 3292 etc.
1853 3239 1925 3294 Sicut
1944 3239 2066 3292 Sbaralea
2084 3245 2155 3292 recte
2171 3239 2235 3292 inde
2255 3239 2354 3304 arguit,
2375 3239 2439 3294 illud

1478 3361 1547 3414 opus
1565 3347 1597 3402 de
1613 3347 1721 3416 Septem
1739 3345 1884 3402 itineribus
1902 3345 2069 3400 oeiermiulis
2093 3359 2148 3398 uon
2168 3327 2232 3400 ‘esse
2260 3347 2285 3400 S.
2304 3347 2438 3400 Bonaren·

1479 3455 1566 3514 turae,
1587 3451 1619 3504 ita
1640 3451 1718 3506 etiarn
1736 3465 1785 3506 uos
1803 3449 1985 3505 concludimus
2004 3455 2126 3516 respectu
2153 3449 2238 3506 dictae
2258 3455 2385 3518 postillae.
2403 3479 2439 3494 —

1478 3559 1530 3612 Pro
1547 3557 1745 3612 confirmatione
1764 3557 1948 3622 adiungimus,
1966 3557 2038 3626 quod
2057 3557 2085 3610 ln
2101 3557 2154 3610 line
2170 3557 2239 3610 illius
2259 3557 2356 3614 codicis
2376 3557 2440 3614 dici·

1478 3671 1539 3716 tur:
1562 3683 1576 3712 u
1588 3665 1622 3718 Ex
1635 3665 1765 3744 tripartita
1777 3663 1866 3716 Glossa
1888 3665 1973 3716 nutris
1990 3665 2176 3720 bonaventura
2196 3669 2361 3734 eucarpio»,
2384 3681 2439 3734 quo

1478 3771 1641 3836 insinuatur,
1659 3769 1828 3840 tripertitum
1845 3769 1915 3824 horre
1936 3769 2061 3826 Glossom
2080 3769 2213 3826 diversam
2231 3785 2289 3826 esse
2309 3773 2439 3840 apostilla

1478 3877 1548 3930 illius
1566 3875 1672 3932 codicis.

1550 3979 1645 4036 Utrum
1662 3987 1752 4036 autem
1772 3985 1797 4038 S.
1816 3985 1999 4040 Bonarentura
2018 3983 2151 4050 scripserit
2174 3985 2254 4038 talem
2272 3983 2441 4054 tripertitum

1481 4087 1628 4158 61000001,-
1648 4091 1724 4156 item,
1742 4095 1833 4144 utrum
1850 4103 1900 4156 per
1917 4103 1976 4142 earn
1996 4091 2104 4144 fortasse
2124 4091 2282 4158 intelligatur
2294 4091 2386 4160 spuria
2397 4091 2441 4146 illa

1479 4197 1596 4262 postilla,
1616 4195 1693 4250 cuius
1712 4209 1791 4250 uerus
1809 4201 1902 4251 auctor
1919 4201 1960 4250 est
1976 4199 2069 4250 Petrus
2087 4197 2190 4250 loannis
2207 4197 2276 4254 Oliri
2299 4199 2355 4268 (cir.
2377 4205 2440 4252 tom.

1480 4301 1526 4358 Vl.
1542 4303 1690 4370 prolegom.
1705 4315 1727 4356 c.
1742 4305 1768 4358 1.
1780 4301 1794 4370 8
1806 4301 1859 4372 7.),
1879 4307 1920 4358 vel
1934 4303 1983 4358 alia
1997 4309 2022 4358 et
2033 4303 2142 4358 diuersa
2153 4303 2218 4358 iuter
2231 4307 2269 4358 tot
2279 4319 2439 4374 anonymus;

1481 4411 1604 4480 denique,
1616 4415 1707 4466 uuum
1718 4411 1902 4466 Bonarentura
1914 4413 2007 4466 saltem
2020 4415 2143 4466 oretenus
2154 4411 2291 4478 discipulis
2304 4413 2441 4466 tradiderit

1481 4519 1584 4582 glossas
1593 4517 1620 4568 in
1634 4517 1772 4572 Canticum
1784 4511 1953 4570 Canticorum
1964 4521 1990 4570 et
2002 4517 2067 4570 alios
2078 4516 2166 4584 plures
2180 4517 2261 4572 libros
2272 4519 2438 4586 scripturae,

1480 4637 1551 4690 quae
1563 4623 1596 4676 ab
1615 4623 1680 4688 ipsis
1699 4627 1823 4690 exceptae
1841 4625 1866 4676 et
1879 4627 1969 4688 postea
1987 4621 2141 4678 immutatae
2153 4621 2216 4690 sint;
2234 4625 2301 4678 haec
2320 4623 2440 4680 determi-

1481 4743 1545 4784 nare
1563 4731 1670 4784 minime
1689 4743 1840 4796 possumus.
1858 4731 1968 4784 indiculi
1985 4729 2094 4800 quidem
2114 4731 2264 4796 complures
2276 4729 2304 4784 ih
2316 4733 2440 4798 Protege-

1481 4835 1567 4890 menis
1579 4839 1644 4890 tom.
1654 4835 1698 4890 Vl.
1711 4835 1837 4902 publicati
1853 4833 1904 4902 ipsi
1923 4835 2069 4890 attribuunt
2084 4835 2214 4904 postillam
2227 4851 2279 4890 non
2292 4841 2394 4892 tautum
2412 4839 2440 4892 in

1481 4939 1617 4996 Canticum
1637 4939 1818 5010 canticorum,
1830 4941 1878 4994 sed
1890 4941 1967 4994 etiam
1985 4941 2014 4994 iu
2025 4941 2089 4994 alios
2102 4955 2193 4994 saeros
2210 4939 2305 5006 libros,
2325 4955 2441 5010 quorum

1481 5047 1584 5102 nullum
1599 5045 1810 5114 manuscriptum
1829 5061 1890 5100 cum
1907 5045 2015 5102 nomine
2028 5047 2229 5102 Bonarenturae
2249 5051 2387 5116 hucusque
2405 5049 2442 5102 ln·

1481 5159 1592 5208 ventum
1609 5159 1662 5220 est,
1681 5169 1730 5208 nec
1748 5153 1815 5208 iuter
1841 5159 1881 5208 tot
1905 5153 2022 5222 postillae
2048 5167 2195 5222 anonymae
2221 5153 2441 5210 bibliothecarum

1482 5263 1622 5330 hueusque
1640 5261 1726 5330 aliqua
1751 5265 1854 5328 reperta
1880 5267 1932 5330 est,
1956 5275 2025 5328 quae
2048 5261 2139 5316 saltem
2163 5259 2334 5326 probabiliter
2358 5263 2442 5328 possit

1483 5365 1557 5424 libris
1576 5367 1695 5424 eiusdem
1715 5373 1785 5422 certe
1805 5369 1927 5434 genuinis
1946 5367 2124 5422 adnumerari.
2143 5395 2144 5398 ¹

530 5673 531 5676 ’
593 5687 656 5754 Ηο0
677 5683 776 5770 igitur
797 5687 929 5774 septimo
953 5673 1038 5755 tomo
1059 5687 1205 5754 absoluta
1226 5693 1275 5754 est
1297 5683 1435 5754 secunda
1457 5703 1590 5770 operum
1611 5685 1958 5754 Bonarenturianorum
1981 5685 2098 5768 classis,
2127 5683 2245 5752 scilicet
2266 5703 2363 5772 opera
2384 5703 2441 5754 ex-

461 5801 589 5888 egetica.
616 5799 771 5870 Volumeu
797 5807 945 5870 courum
968 5801 1131 5870 exhibebit
1154 5801 1291 5888 pretiosa
1316 5801 1467 5886 opuscula
1489 5801 1622 5886 mystica
1651 5807 1683 5868 et
1706 5801 1839 5870 ascetica
1865 5807 1960 5900 atque
1991 5819 2027 5870 ea
2050 5819 2132 5886 quae
2152 5801 2193 5866 ad
2225 5805 2343 5870 statum
2367 5801 2442 5870 reli-

463 5917 586 6006 giosum
608 5923 641 5986 ct
662 5917 812 5990 Ordinem
836 5915 992 5984 lllnorurn
1016 5921 1164 6002 spectant.
1190 5917 1261 5984 Duo
1283 5915 1383 5984 altere
1415 5923 1447 5984 et
1468 5915 1581 5984 ultima
1601 5915 1763 5984 volumina
1789 5913 1994 5984 exhibebunt
2025 5915 2142 5984 multos
2165 5917 2263 5984 sancti
2298 5917 2442 5988 Doctoris

463 6053 635 6104 sermones.
