5908 8266
480 529 544 596 382

566 703 703 776 inpressis
721 697 842 760 Iudaicae
860 705 1008 776 impictatis
1024 703 1182 760 describitur
1200 703 1351 776 tripliciter.

572 913 659 982 Circa
680 917 920 1000 expressionem
946 921 1049 984 autem
1074 915 1254 1000 impietatis
1276 913 1438 982 Iudaicae

481 1017 543 1082 tria
566 1017 831 1098 introducuntur,
854 1019 971 1086 scilicet
986 1019 1116 1084 occasio
1133 1015 1312 1104 impietatis
1327 1017 1437 1102 expri-

481 1123 639 1202 mendae,
662 1123 830 1208 expressio
851 1123 922 1190 iam
947 1133 1116 1208 conceptae
1140 1129 1169 1190 et
1193 1121 1362 1190 simulatio
1385 1141 1438 1190 ae-

482 1227 618 1316 quitatis
643 1227 797 1296 tristitiae.

572 1337 602 1400 i).
626 1333 726 1418 (Pers.
755 1337 805 1418 1.).
833 1335 934 1400 Primo
955 1333 1050 1418 igitur
1069 1339 1221 1420 quantum
1237 1333 1437 1400 6116616616-

329 1457 555 1522 mpsapanem
581 1439 759 1522 impietatis
782 1439 1016 1526 exprimendae
1037 1439 1170 1508 dicitnr:
1199 1439 1303 1506 lirant
1328 1445 1438 1506 autem

317 1517 789 1634 exiiiniiiiae.appropinquantes
811 1547 843 1612 ei
860 1545 1036 1630 pscbticani
1058 1553 1308 1630 etpeccutores‚·
1326 1545 1355 1610 in
1373 1565 1437 1632 quo

482 1649 659 1718 ostenditur
680 1667 804 1718 summa
830 1651 926 1736 pietas
951 1651 1065 1718 Christi
1097 1649 1137 1718 ad
1166 1655 1347 1736 peccatores
1378 1671 1437 1736 pu-

403 1795 408 1802 „
482 1757 598 1838 blitea,
613 1775 657 1824 ex
671 1775 734 1842 quo
750 1757 907 1826 Pharisaei
923 1759 1117 1826 occasionem
1136 1757 1329 1850 accipiebant
1343 1757 1437 1844 impie

482 1863 658 1944 indicandi,
680 1863 756 1946 qnia
780 1883 847 1932 mos
869 1871 917 1932 est
939 1865 1043 1950 impiis
1067 1865 1258 1950 impietatem
1276 1883 1364 1934 suram
1382 1885 1437 1934 au·-

482 1987 555 2058 gere
587 1971 623 2036 de
656 1967 729 2036 risis
759 1969 909 2056 operibus
939 1971 1074 2056 pietatis.
1102 1973 1188 2040 Unde
1214 1973 1244 2038 iu
1270 1973 1435 2042 Psalmo¹z

477 2103 501 2136 u
518 2075 686 2162 Dispersa,
711 2075 801 2142 dedit⁴
817 2077 1012 2162 pauperibus
1028 2105 1051 2156 »,
1073 2085 1152 2158 eta,
1175 2087 1208 2144 et
1229 2079 1335 2146 statim
1361 2079 1437 2146 sub-

442 2205 445 2214 ‘
482 2183 546 2252 dit:
575 2183 753 2250 «Peccator
779 2183 895 2252 uidebit
911 2191 939 2252 61
957 2185 1110 2254 irascetur
1126 2213 1159 2252 a.
1175 2187 1365 2256 Ostendebat
1382 2205 1437 2254 au·
1496 2231 1498 2234 -

482 2297 546 2360 tem
567 2287 714 2358 Christus
736 2291 884 2376 pietatem
903 2309 1063 2378 magnam,
1082 2295 1157 2380 quia
1171 2295 1360 2382 suscipiebat
1373 2315 1437 2382 pu-

476 2397 644 2476 blicanos,
662 2397 717 2484 qni
733 2405 822 2466 erant
839 2399 956 2484 publici
973 2407 1169 2486 peccatorem
1186 2401 1272 2468 uude
1286 2399 1395 2468 Glossa
1406 2401 1435 2466 ²:

486 2501 714 2582 «Publicani,
737 2507 791 2592 qui
815 2507 940 2592 publica
965 2507 1126 2592 uectigalia
1152 2507 1284 2594 exigunt
1299 2509 1350 2576 vel
1364 2525 1437 2574 con-

482 2611 618 2690 ducant,
642 2617 675 2678 et
696 2611 750 2696 qni
777 2615 903 2680 luorum
927 2613 1044 2680 saeculi
1075 2631 1132 2698 per
1163 2615 1287 2698 negotia
1316 2617 1437 2680 sectan-

485 2723 585 2798 tur»,
617 2723 648 2784 61
677 2717 753 2784 tales
787 2725 876 2786 erant
908 2717 1016 2784 maltis
1046 2717 1146 2784 lucris
1168 2717 1293 2785 iniustis
1316 2717 1435 2786 intenti.

483 2825 663 2892 Huiusmodi
686 2831 792 2890 antem
815 2831 1014 2908 peccatores,
1046 2823 1117 2888 licet
1149 2823 1313 2890 rideantur
1338 2821 1437 2906 repel-

482 2927 563 2994 lendi
587 2945 627 2994 ex
653 2927 788 3006 institia,
818 2927 1038 3010 susscipiuntur
1064 2933 1169 2992 tamen
1192 2943 1234 2992 ex
1258 2925 1436 2992 misericor·-

482 3031 532 3098 dia
545 3031 615 3110 aaa
636 3041 699 3114 qua
718 3029 844 3110 confisi,
860 3037 957 3096 61661
981 3029 1287 3118 appropinquantes
1308 3029 1340 3094 ei
1367 3035 1435 3094 tan-

483 3153 577 3220 quam
603 3133 850 3200 clementissimo
873 3129 1035 3212 Dounion,
1052 3131 1225 3200 secundum
1241 3131 1319 3200 illud
1337 3131 1434 3200 lacobi

482 3241 641 3326 quartcss:
680 3239 965 3326 «appropinquate
994 3239 1075 3318 Deo,
1108 3245 1139 3306 61
1171 3239 1436 3326 appropinquabit

481 3345 568 3412 robis
583 3371 615 3410 ».
640 3347 932 3432 appropinquate,
957 3345 1106 3430 inquam,
1128 3363 1185 3430 per
1201 3345 1345 3412 devotam
1361 3363 1434 3430 sup-

481 3449 697 3536 plicationem;
729 3449 915 3518 Palmum:
951 3477 969 3512 «
991 3449 1230 3544 appropinquet
1257 3449 1434 3536 deprecatio

481 3575 551 3624 mea
565 3555 598 3622 in
614 3563 783 3640 conspeetu
808 3563 878 3636 tao,
900 3557 1032 3624 Domine
1046 3583 1076 3622 ».
1097 3557 1257 3642 Tanquam
1274 3557 1434 3642 611661116-

468 3659 640 3728 6116166
656 3659 839 3746 66916116
856 3663 938 3728 unde
955 3661 1077 3728 subdit:
1095 3667 1130 3728 ut
1147 3661 1304 3728 audirent
1319 3661 1433 3740 11166,

480 3765 651 3834 secandum
676 3765 753 3832 illud
776 3767 940 3836 eonsilium
977 3767 1128 3854 Sapientis
1160 3767 1363 3836 Ecclesiastici
1386 3767 1435 3834 ul·

481 3873 600 3940 timo⁵:
629 3899 644 3932 1
660 3875 915 3960 appropinquate
936 3875 976 3940 ad
998 3893 1050 3942 me
1072 3875 1187 3942 indocti
1212 3879 1243 3942 61
1266 3893 1435 3960 congrega-

479 3977 556 4044 mini
585 3977 619 4046 16
648 3977 776 4044 domum
808 3977 988 4064 disciplinae
1007 4005 1040 4060 »3
1074 3979 1169 4064 qnia,
1203 3979 1287 4046 sicut
1319 3979 1435 4047 dicitur

479 4083 713 4150 Deuteronomii
738 4083 898 4170 trigesimo
924 4085 1035 4166 tertio,
1062 4085 1151 4172 «qai
1182 4085 1436 4172 appropinquant

479 4189 612 4274 pedibus
634 4189 702 4256 cius
725 4191 877 4278 accipient
899 4193 937 4258 de
960 4193 1104 4260 doctrina
1125 4193 1194 4260 eius
1210 4219 1241 4258 u.

569 4295 600 4362 3.
624 4295 700 4362 lluic
725 4313 848 4364 summo
864 4297 984 4364 doctori
1000 4297 1125 4366 Christo
1139 4297 1434 4384 appropinquabant

337 4413 450 4458 Simulatis

311 4503 314 4508 .
330 4467 457 4514 Pharisaeo·

353 4581 354 4584 ,
365 4531 420 4564 roro.

481 4407 511 4468 61
534 4399 692 4468 Pharisaei
725 4407 756 4466 et
777 4399 954 4486 publicani,
980 4401 1034 4470 sed
1057 4399 1239 4470 Pharisaei
1260 4403 1434 4482 simulate,

480 4507 652 4574 secandum
674 4505 752 4574 illud
765 4507 915 4576 Ieremiae
937 4505 1168 4574 duodecimolz
1189 4535 1204 4566 1
1223 4509 1320 4594 Prope
1343 4525 1376 4574 es
1399 4513 1434 4574 tu

478 4613 540 4680 oriw
559 4631 668 4682 eorum
692 4619 723 4680 61
746 4614 835 4700 longe
860 4633 878 4682 a
900 4613 1031 4706 renibus
1061 4631 1174 4682 eornm
1188 4637 1221 4694 »3
1252 4613 1327 4698 quia
1358 4613 1434 4680 tales

477 4735 534 4806 per
560 4719 737 4786 simulatam
758 4719 911 4788 iustitiam
935 4719 1080 4786 videntur
1101 4719 1270 4804 proximi,
1297 4719 1351 4786 sed
1377 4737 1434 4804 per

479 4825 633 4892 occultam
656 4823 835 4908 superbiam
861 4831 936 4892 suant
957 4823 1147 4910 lonqinqui,
1168 4823 1340 4892 secuudum
1357 4823 1435 4890 illud

407 4991 411 4996 .
478 4927 573 4998 Isaiae
596 4913 857 5018 quinquagesimo
879 4939 1010 5000 octavo:
1041 4957 1057 4990 a
1071 4931 1119 4998 hle
1141 4931 1257 4996 etenim
1280 4931 1319 4994 de
1334 4929 1384 4994 die
1400 4929 1433 4994 in

412 5077 413 5080 =
476 5033 560 5102 diem
583 5043 742 5120 quaerunt
757 5043 786 5104 et
805 5037 884 5104 scire
904 5037 970 5102 vias
988 5053 1071 5102 meas
1094 5035 1204 5102 volant
1229 5033 1318 5120 quasi
1340 5051 1434 5120 geas,

546 5415 557 5444 ¹
577 5417 669 5468 Pschn.
690 5415 756 5480 111,
773 5417 801 5468 9.
820 5422 844 5469 61
866 5417 904 5468 11.

453 5513 454 5516 ’
545 5501 558 5534 2
577 5503 678 5556 Scilicet
695 5501 878 5558 interlinearis
895 5505 1044 5558 secumdum
1063 5505 1176 5568 Pedem,
1194 5505 1228 5556 de
1248 5517 1301 5570 qua
1319 5505 1380 5558 uide
1393 5519 1435 5558 sa·

474 5607 523 5658 pra
542 5607 605 5658 pag.
625 5593 672 5654 76,
692 5597 779 5644 aotam
800 5585 825 5646 8.
842 5589 874 5644 61
887 5607 950 5658 pag.
968 5593 1035 5658 111,
1055 5597 1142 5644 notam
1156 5591 1183 5644 i.
1194 5593 1244 5646 Pro
1258 5591 1368 5646 tuorum
1379 5605 1435 5648 sae·

474 5677 532 5736 cccli
549 5681 600 5732 GH
621 5693 681 5732 cam
701 5683 769 5733 texta
788 5679 907 5744 originali
929 5679 1008 5734 lucra
1025 5679 1137 5734 saeculi.

546 5765 558 5798 ³
578 5769 651 5822 Vers.
670 5767 699 5832 8,
717 5775 777 5830 post
795 5783 876 5836 quem
894 5771 914 5820 B
935 5767 1008 5822 addit
1020 5783 1073 5834 por
1090 5765 1197 5838 prutina
1214 5767 1386 5838 infusionem.
1397 5797 1434 5810 -

443 5899 445 5906 .
475 5857 601 5924 Superius
622 5861 680 5924 post
697 5859 774 5912 crant
791 5855 1039 5928 appropinquantes
1061 5857 1118 5910 Vct.
1137 5857 1209 5910 addit
1229 5855 1434 5934 appropinqua·

475 5943 540 6002 bant
560 5943 629 6016 6116
639 5967 649 6014 ,·
666 5947 690 5998 H
709 5947 771 6012 legit
788 5945 822 6002 rte
848 5963 903 6016 qua
932 5945 1025 6020 oon-psi
1043 5951 1137 6014 erant,
1155 5945 1337 6016 supplicantes
1357 5945 1382 6002 ei
1397 5959 1434 6002 ex

476 6035 556 6092 corde
574 6041 597 6092 11
616 6049 727 6106 corpore
747 6035 996 6106 appropinquantes
1014 6041 1064 6090 etc.

546 6123 559 6154 ⁴
578 6125 669 6178 Psalm.
693 6125 756 6194 118,
770 6127 830 6178 rea.
841 6155 879 6168 —
891 6127 999 6180 lotarius
1010 6141 1059 6192 pro
1068 6123 1233 6196 peritissimo
1249 6127 1307 6178 Vct.
1316 6123 1433 6194 paratis·

474 6213 553 6280 simo,
568 6213 924 6284 Hlegitappropinquabant
934 6213 1014 6270 61166
1025 6213 1052 6268 61
1064 6217 1195 6284 tanquam
1206 6211 1374 6282 peritissimo
1384 6219 1433 6266 etc.

546 6299 651 6356 ⁵Pers.
670 6301 714 6354 31,
731 6329 768 6342 -·
785 6303 909 6370 Sequshur
928 6305 1004 6356 licut.
1022 6305 1071 6368 33,
1091 6305 1117 6356 3.

486 6401 487 6404 ’
545 6387 558 6420 ⁶
579 6389 651 6444 llere.
670 6391 696 6444 2.
712 6417 750 6458 ε
768 6389 886 6444 Subinde
904 6393 1049 6458 allegantur
1068 6393 1125 6446 lsai.
1144 6389 1192 6454 58,
1210 6391 1236 6442 1.
1254 6393 1279 6442 61
1298 6391 1323 6442 3.

478 6533 479 6536 ¹
547 6475 652 6532 ⁷tlers.
673 6479 720 6542 17,
740 6479 784 6532 uhi
804 6493 853 6544 pro
873 6477 1098 6548 appropinquabit
1125 6479 1167 6548 (111
1194 6479 1271 6542 etiam
1296 6479 1381 6546 Bada,
1403 6479 1433 6530 Β.

475 6563 589 6632 albem,
600 6567 627 6618 S.
641 6567 749 6630 thom,
763 6567 817 6622 Cat.
831 6581 909 6620 atrrea
922 6569 951 6620 tn
962 6569 1049 6620 htatth.
1066 6567 1093 6632 1,
1114 6581 1140 6620 n.
1154 6567 1180 6618 6.
1194 6571 1218 6620 et
1231 6569 1367 6630 Lpranus3
1385 6569 1434 6620 cir.

476 6663 555 6716 snpra
576 6665 637 6716 pag.
656 6653 722 6716 158,
740 6661 800 6708 uota
822 6653 874 6722 11.)
897 6653 955 6708 ilat.
979 6669 1041 6708 curu
1061 6635 1173 6720 Vulgata
1198 6653 1432 6722 appropinquarit.

473 6761 512 6774 -·-
530 6741 654 6804 securas
672 6743 754 6794 eccle.
774 6743 801 6808 1,
824 6743 864 6794 11.
972 6789 974 6794 .
1391 6731 1420 6802 ᾗ

546 6821 558 6854 ⁸
578 6825 651 6882 Pers.
674 6829 714 6880 10.
731 6835 759 6882 61
778 6831 820 6882 11.
839 6829 898 6896 (ctr.
915 6845 996 6896 snpra
1015 6845 1036 6884 c.
1057 6831 1082 6884 b.
1100 6845 1128 6884 n.
1145 6829 1215 6898 ta),
1241 6833 1301 6894 post
1325 6845 1392 6896 qnos
1412 6831 1432 6884 l.

1066 529 1259 598 cellulast.
1281 533 1321 600 IN
1341 529 1580 598 EVhNGELlUll
1603 529 1719 596 LUCAE
1745 527 1775 596 C.
1802 527 1864 594 XV.

1495 725 1581 792 vqaae
1603 705 1755 772 iustitiam
1784 701 1893 770 iecerit
1924 709 1953 770 61
1986 701 2135 770 indicium
2162 701 2217 770 Dei
2243 705 2291 770 sui
2314 723 2376 772 uon
2398 705 2450 792 116

1501 809 1684 896 reliquerit3
1707 815 1820 894 rogant
1839 827 1891 876 me
1919 807 2033 874 indicia
2065 809 2199 876 iustitiae
2231 815 2261 874 61
2288 809 2451 894 appropin-

1501 933 1598 1000 quare
1623 915 1687 980 lleo
1708 917 1828 982 volunt.
1851 917 1955 998 Quaere
1978 899 2203 992 iei'nnavimns,
2229 921 2259 980 et
2281 935 2343 982 aron
2365 933 2450 1000 aspe-

1502 1019 1604 1088 xisti?
1628 1019 1866 1088 Humiliarimas
1888 1019 2007 1088 animas
2020 1025 2158 1100 nostras,
2177 1027 2205 1088 61
2222 1021 2346 1088 nescisti
2365 1027 2397 1088 »1
2417 1023 2451 1088 Et

1502 1127 1627 1196 subdit:
1655 1151 1671 1184 a
1690 1127 1782 1202 Ecce,
1807 1127 1838 1192 in
1861 1127 1909 1194 die
1927 1125 2032 1194 ieiunii
2051 1125 2144 1194 vestri
2160 1125 2320 1194 inuenitur
2340 1129 2451 1196 volnu-

1502 1241 1548 1300 tas
1582 1239 1687 1298 restra
1702 1259 1716 1292 u
1754 1237 1812 1298 etc.
1848 1229 2044 1300 Publicani'
2063 1249 2136 1298 vero
2165 1233 2453 1320 appropinquantes
2480 1245 2600 1342 {3553qu-

1502 1345 1590 1406 erant
1611 1357 1705 1418 1616,
1727 1343 1765 1404 ut
1786 1337 1935 1406 audirent
1955 1345 1988 1404 61
2010 1339 2117 1406 audito
2138 1355 2156 1404 a
2181 1337 2269 1406 malis
2292 1357 2349 1426 per
2380 1359 2453 1424 poe·
2476 1311 2565 1394 pram·

1500 1443 1660 1510 nitentium
1688 1443 1923 1526 resipiscerent,
1945 1445 2118 1530 secundum
2135 1441 2319 1512 dominicam
2335 1445 2452 1514 exhor-

1502 1547 1648 1616 tationem
1679 1549 1826 1616 hlatthaei
1856 1555 1969 1634 quarto
1983 1551 2016 1616 ⁷:
2059 1549 2322 1617 «Paenitentiam
2353 1551 2452 1638 agite,
2729 1377 2737 1716 ι

1500 1655 1765 1742 appropinquabit
1792 1655 1876 1722 enim
1899 1673 2031 1742 regnum
2057 1657 2213 1724 caelorum
2229 1683 2262 1738 »3
2285 1665 2453 1726 616166-

1500 1759 1611 1826 diendo
1628 1761 1807 1840 obedirent,
1826 1761 1998 1826 seeundum
2011 1761 2088 1826 illud
2103 1761 2306 1830 Ecclesiastae
2321 1769 2451 1850 qurarto:

1507 1865 1661 1934 «Custodi
1688 1865 1795 1952 pedem
1823 1871 1929 1944 tunm,
1953 1865 2130 1952 ingrediens
2145 1865 2176 1930 in
2194 1865 2321 1934 domum
2335 1869 2406 1946 Dei,
2424 1877 2454 1936 ct

1500 1973 1733 2058 appropinqua,
1760 1977 1794 2038 ut
1819 1973 1935 2038 audias.
1960 1971 2057 2038 hlalto
2080 1971 2160 2036 enim
2187 1973 2298 2038 melior
2319 1973 2453 2038 estabe-

1499 2077 1614 2146 dientia
1639 2097 1731 2164 quam
1758 2081 1927 2146 stultorum
1952 2077 2094 2144 uictimae
2109 2103 2142 2142 a.
2461 2093 2462 2096 ’

1589 2183 1743 2270 1111616.
1771 2189 1826 2268 1.).
1849 2185 1990 2254 Secrmdo
2022 2189 2175 2270 quantum
2207 2183 2246 2248 ad
2273 2183 2621 2288 expressio-Exigqrpsiocgqg

1500 2309 1575 2358 nem
1598 2291 1779 2378 impietatis
1801 2299 1971 2378 conceptae
1988 2291 2115 2358 subdit:
2136 2291 2174 2356 Et
2190 2257 2552 2358 marmoratumiene·

1501 2395 1682 2464 Pharisaei
1712 2405 1740 2462 61
1769 2395 1908 2464 scribae.
1941 2395 2166 2462 dinumeratio
2200 2401 2247 2462 cst
2275 2393 2451 2476 oblocuti0,

1500 2521 1583 2588 quae
1604 2521 1668 2590 nec
1685 2503 1813 2568 omnino
1837 2501 2028 2588 exprimitur
2051 2519 2107 2568 nec
2132 2501 2259 2568 omniuo
2282 2501 2451 2582 reticetur;

1500 2609 1673 2692 Sapientiae
1699 2609 1798 2692 primo
1812 2607 1847 2672 8:
1878 2633 1895 2666 «
1908 2605 2001 2672 haris
2024 2607 2082 2672 aeli
2103 2607 2336 2686 6611166616,
2360 2615 2393 2672 61
2407 2611 2454 2672 tu-

1500 2713 1620 2778 multus
1654 2711 1941 2792 murmurationum
1964 2729 2027 2776 uon
2049 2711 2270 2776 abscondetur.
2294 2711 2454 2780 Custodite

1499 2833 1575 2900 ergo
1598 2833 1655 2882 ros
1676 2833 1696 2880 a
1719 2817 1986 2894 murmuratione,
2012 2831 2092 2900 quae
2114 2813 2195 2880 nihil
2216 2817 2360 2898 prodest,
2387 2823 2454 2882 eta

1498 2921 1689 2986 detractione
1714 2919 1832 3004 parcite
1853 2919 1995 3008 linquae,
2021 2921 2094 3004 qnia
2116 2937 2221 2986 sermo
2244 2921 2400 2988 obscurus
2420 2921 2473 3010 16

1498 3041 1636 3092 uacuum
1659 3041 1722 3090 nour
1744 3023 1800 3090 ibit
1817 3051 1848 3090 u.
1874 3025 1910 3090 Et
1932 3025 2001 3092 idco
2019 3023 2139 3110 primae
2154 3025 2194 3090 ad
2209 3023 2455 3092 Corinthiosde-
2527 3025 2528 3028 ’

1499 3131 1582 3196 aimo
1593 3155 1609 3196 :¹
1629 3155 1646 3188 «
1661 3131 1768 3216 Neque
1787 3131 2082 3210 murmuraveritis,
2097 3129 2178 3198 sicut
2195 3131 2322 3216 quidam
2344 3149 2454 3200 eornm

1498 3243 1782 3304 murmuraverunt
1794 3243 1827 3302 et
1838 3237 2001 3320 perierunt
2014 3237 2051 3304 ab
2069 3237 2313 3304 exterminatore
2326 3263 2354 3302 s.
2373 3239 2456 3306 Hanc

1498 3341 1782 3408 murmurationem
1804 3341 1869 3408 odit
1901 3341 2050 3410 Dominus
2083 3341 2234 3420 maxime,
2268 3345 2341 3428 qaia
2370 3341 2467 3438 111111

1496 3447 1647 3534 prodest,
1671 3467 1728 3516 nec
1751 3445 1809 3514 sibi
1835 3467 1891 3516 nec
1913 3447 2077 3532 proximo;
2100 3448 2296 3516 Threnornm
2315 3449 2454 3530 tertioiz

1502 3579 1519 3612 1
1536 3553 1615 3638 Quid
1638 3555 1851 3620 murmuravit
1872 3555 1968 3622 homo
1996 3553 2121 3632 virens,
2155 3553 2205 3622 uir
2234 3573 2292 3638 pro
2321 3557 2456 3642 peccatis

1497 3659 1563 3726 suis
1580 3667 1615 3726 »1
1652 3661 1739 3746 quasi
1774 3659 1875 3728 dicat:
1906 3661 2044 3740 irastra;
2078 3667 2107 3728 61
2139 3659 2214 3748 quia
2234 3661 2386 3746 procedit
2414 3681 2455 3728 cx

1498 3785 1554 3832 orc
1577 3767 1743 3858 mattpno,
1768 3767 1852 3854 quod
1873 3785 1931 3836 uec
1955 3767 2048 3834 audet
2078 3775 2183 3854 aperte
2215 3785 2364 3854 arguere,
2398 3787 2456 3836 nec

1499 3879 1605 3938 tamen
1635 3879 1737 3958 potest
1768 3875 1869 3940 cordis
1901 3873 2049 3940 malitiam
2083 3875 2248 3940 6161111616.
2281 3875 2363 3942 Unde
2396 3875 2455 3944 hoc
2468 3881 2603 3980 mggffirsjsse
2747 3931 2748 3988 r

1499 3983 1590 4044 sonat
1611 3977 1716 4064 ipsum
1739 3979 1926 4046 vocabulum
1949 3997 2187 4058 murmurare,
2220 3977 2259 4044 de
2289 3997 2352 4064 quo
2380 3979 2456 4050 dicit
2603 3965 2611 3978 ’
2747 3991 2748 4070 t

1499 4085 1635 4168 Hagutio
1649 4085 1692 4164 ¹⁰,
1718 4085 1802 4170 qnod
1824 4085 1938 4154 dicitur
1956 4077 2110 4166 amatio,
2135 4085 2254 4164 mutis,
2273 4085 2359 4172 qnasi
2377 4087 2454 4154 66116
2747 4079 2750 4112 ²

1499 4189 1642 4276 toquiet
1665 4209 1731 4256 666
1760 4191 1894 4256 andere.
1926 4193 1989 4258 Sed
2016 4197 2120 4258 nmen
2152 4191 2254 4276 oritur
2286 4193 2454 4278 aliquando

1498 4313 1539 4360 cx
1553 4295 1766 4382 infirmitate,
1784 4301 1819 4364 nt
1835 4297 2047 4370 Numerarem
2063 4297 2228 4364 undecimo
2241 4297 2283 4364 ¹¹:
2304 4323 2321 4356 ct
2338 4297 2450 4364 Ortum

1499 4405 1547 4466 est
1568 4419 1717 4468 murmur
1739 4401 1865 4486 papali,
1889 4403 1979 4488 quasi
1994 4401 2167 4468 dolentium
2184 4421 2241 4486 pro
2256 4402 2363 4470 labore
2380 4421 2454 4470 con-

1497 4511 1548 4572 tra
1561 4505 1731 4574 Dominum
1742 4529 1773 4586 »3
1787 4505 1953 4594 aliqnando
1966 4527 2004 4574 ex
2017 4505 2212 4594 ipnorantin
2223 4513 2250 4572 61
2267 4527 2391 4586 errore,
2405 4523 2454 4574 se-

1497 4613 1635 4682 cundum
1652 4613 1730 4680 illud
1740 4613 1862 4682 loannis
1873 4613 2023 4700 septimo:
2045 4613 2217 4680 «Murmur
2233 4613 2367 4682 multam
2385 4619 2453 4682 erat

1497 4719 1529 4784 in
1554 4721 1657 4786 turba.
1682 4717 1812 4802 Quidam
1836 4719 1996 4798 dicebant,
2015 4719 2100 4804 quod
2114 4717 2232 4796 bohus;
2256 4719 2307 4784 alii
2326 4725 2452 4786 autem:

1498 4823 1581 4902 Non,
1607 4823 1661 4890 sed
1683 4823 1803 4890 seducit
1827 4823 1944 4908 turbas.
1972 4823 2065 4888 Nemo
2091 4831 2190 4890 tamen
2216 4823 2319 4906 palam
2344 4825 2452 4908 loque-

1496 4929 1591 4994 batur
1614 4927 1653 4994 de
1669 4927 1722 4992 illo
1738 4949 1767 5004 »3
1785 4925 1951 5012 aliqnando
1970 4927 2060 4994 etiam
2077 4945 2116 4992 ex
2132 4925 2350 5010 matipuitate,
2366 4925 2450 4994 sicut

1498 5031 1734 5098 Deuteronomii
1765 5029 1930 5114 priunum:
1970 5029 2166 5096 «lncrednli
2198 5029 2238 5096 ad
2276 5047 2451 5098 sermonem

1499 5413 1558 5468 Cor.
1578 5417 1624 5480 to,
1643 5415 1880 5480 11.-161661,
1901 5417 2014 5468 Enarrat.
2036 5415 2061 5468 in
2079 5417 2120 5468 Ps.
2141 5417 2198 5468 131.
2219 5431 2245 5468 n.
2271 5419 2319 5472 ln:
2339 5419 2454 5472 1161166-

1499 5507 1598 5556 rotores
1617 5515 1707 5556 carues
1727 5501 1866 5568 ninguidos
1883 5503 2005 5570 descripti
2026 5507 2086 5556 sunt
2105 5507 2220 5570 quodam
2240 5507 2297 5560 loco
2309 5507 2453 5570 Scriptura-

1499 5605 1558 5644 rum
1577 5591 1665 5658 [Eccli.
1685 5591 1734 5654 33,
1752 5591 1806 5660 5.]:
1824 5591 1990 5646 Praesentia
2006 5591 2078 5660 fatui
2101 5591 2172 5646 sicat
2192 5595 2255 5646 rota
2281 5593 2362 5648 carri.
2382 5595 2451 5660 Quid

1499 5685 1554 5732 est:
1567 5679 1727 5732 Praecordia
1745 5681 1807 5732 latui
1824 5681 1892 5734 sicut
1910 5687 1965 5732 rota
1985 5681 2072 5732 sarrit
2092 5681 2205 5732 Faenum
2230 5687 2314 5744 portat
2338 5687 2363 5734 61
2381 5695 2452 5734 mar-

1499 5777 1592 5822 murat.
1613 5771 1670 5820 Non
1688 5769 1757 5820 enim
1775 5771 1863 5834 potest
1879 5773 1936 5822 rota
1954 5767 2021 5822 carri
2044 5767 2178 5834 quiescere
2201 5781 2215 5818 a
2242 5783 2385 5822 marmure.
2411 5769 2454 5822 Sic

1499 5861 1559 5910 sont
1576 5857 1649 5910 multi
1669 5859 1772 5920 tratres,
1794 5871 1845 5910 nou
1865 5855 2023 5910 habitantia
2044 5871 2125 5910 unum
2144 5855 2192 5910 nisi
2210 5869 2319 5924 corpore
2339 5863 2387 5926 616.

1568 5941 1578 5972 ⁹
1599 5945 1674 5998 Pers.
1692 5945 1737 5998 311.
1748 5975 1783 5984 -
1797 5947 1862 5998 lutra
1880 5947 1938 6000 Vnt.
1957 5959 1993 6000 en
2010 5943 2091 6000 eorde
2110 5945 2245 6014 maiiqno,
2265 5945 2329 6014 quia
2349 5959 2405 6002 noo.

1568 6031 1590 6062 ¹⁰
1610 6035 1669 6102 Vel,
1683 6041 1710 6088 ut
1723 6035 1836 6088 nonnulli
1856 6035 1933 6088 codd.
1952 6035 1984 6102 (B
1994 6035 2024 6102 G)
2045 6035 2176 6102 scribant,
2193 6035 2339 6102 Haqaitio,
2353 6035 2385 6088 de
2399 6049 2452 6104 qno

1499 6125 1545 6176 cir.
1565 6129 1628 6176 tom.
1640 6125 1656 6176 l.
1671 6125 1818 6190 Prolegom.
1829 6137 1890 6188 pag.
1907 6125 2076 6178 LXXXVsn.
2090 6125 2133 6178 dt.
2146 6129 2172 6176 et
2183 6129 2247 6176 tom.
2258 6125 2302 6176 lv.
2315 6137 2376 6188 pag.
2390 6125 2452 6188 811,

1498 6219 1558 6266 nota
1586 6213 1614 6266 9.
1634 6239 1671 6252 -·
1688 6213 1715 6262 B.
1744 6211 1839 6266 Albert
1867 6213 1891 6264 in
1916 6213 1978 6264 luc.
2004 6213 2052 6276 ua,
2075 6211 2110 6266 7:
2133 6211 2261 6266 Murmur
2293 6227 2389 6264 nomen
2414 6217 2454 6264 est

1499 6301 1617 6354 fictitium
1646 6301 1737 6368 (eliasu
1763 6301 1854 6354 lictum
1874 6313 1887 6352 a
1906 6313 1988 6368 sono;
2011 6303 2058 6352 cir.
2081 6299 2245 6368 (imitabilium,
2262 6299 2325 6352 Vlll.
2346 6299 2451 6354 iustitut.

1499 6395 1563 6444 orat.
1580 6403 1604 6444 c.
1625 6389 1676 6458 b.);
1694 6391 1756 6454 qnia
1774 6389 1820 6456 qui
1838 6395 1987 6442 murmurat
2004 6403 2125 6442 murmur
2143 6389 2169 6442 in
2186 6389 2296 6444 auribus
2308 6395 2382 6444 sonat
2401 6389 2452 6444 sub

1498 6475 1614 6540 silentio;
1633 6481 1658 6528 61
1678 6483 1738 6530 sunt
1754 6481 1960 6530 murmuratores
1973 6478 2072 6530 occulte
2084 6477 2134 6530 sub
2147 6477 2264 6530 susurrio
2277 6479 2451 6532 detrahentes.
2528 6509 2531 6514 ,

1496 6593 1531 6604 -
1546 6567 1601 6618 Vnt.
1616 6563 1708 6618 omittit
1721 6563 1753 6618 dc
1765 6577 1818 6632 qrco
1829 6563 1893 6618 dicit
1904 6563 2040 6632 Hupulio,
2054 6571 2077 6616 et
2090 6563 2196 6618 interius
2209 6571 2268 6630 post
2285 6579 2339 6620 non
2352 6565 2453 6620 6611116

1499 6653 1572 6708 addit
1587 6649 1680 6720 fateri.
1772 6695 1779 6712 ,

1568 6739 1588 6770 ¹¹
1610 6743 1685 6794 Vers.
1703 6739 1727 6792 1.
1747 6769 1781 6780 -
1800 6737 1917 6794 Subinde
1936 6741 2061 6806 allegatur
2078 6743 2147 6794 loon.
2167 6743 2196 6808 7,
2218 6743 2259 6796 11.
2278 6757 2332 6808 seq.

1568 6825 1588 6860 ²²
1610 6827 1790 6882 11616166
1811 6827 1851 6882 27.
