5908 8266
1131 531 1167 598 IN
1191 525 1482 598 contllehfthlos
1508 527 1534 594 S.
1562 527 1785 598 8631110343
2393 535 2454 602 851

748 623 813 676 vah
2110 627 2176 678 VER

522 735 555 746 -—
577 707 608 760 ad
628 707 761 762 Christum
780 715 819 762 est
839 711 984 776 perfidem
1006 709 1110 762 etdtle·
1148 723 1257 764 necesse
1269 713 1320 774 est,
1334 713 1362 762 ut
1382 721 1443 764 cum
1456 707 1542 760 usuris
1555 707 1639 760 solvat
1650 707 1785 772 operando
1823 707 1944 762 ducenda
1970 711 2021 762 248
2045 713 2115 762 9-
2133 717 2160 764 ut
2189 713 2345 778 principium
2370 711 2458 764 indefl-

465 795 579 848 ctienem
600 799 632 850 141
652 797 703 848 328
723 797 768 852 58.
785 799 837 852 330
850 799 885 850 69
897 825 933 836 -
945 799 1053 850 Fructus
1068 811 1111 850 ve·
1148 797 1183 852 40.
1202 797 1235 850 37
1824 795 1893 848 ciens
1921 797 1983 848 nulli
2011 797 2154 862 operationi
2185 799 2270 862 deest,
2296 815 2343 852 4ε4
2363 797 2457 866 Patris,

467 883 552 938 niendi
574 887 607 938 44
620 887 705 938 Deum
718 891 758 938 est
771 887 916 950 impetratio
931 887 1037 950 veniae,
1050 887 1110 938 ade·
1202 889 1398 942 -occultatur
1426 891 1539 954 qnatuor
1569 887 1600 940 de
1631 885 1715 938 causis
1743 887 1785 938 Vll
1823 897 1872 936 nec
1890 889 2036 948 creaturae,
2066 887 2233 950 cooperando
2252 885 2283 940 lb.
2308 887 2337 938 10
2358 887 2457 938 -Per

466 973 522 1038 atto
540 973 654 1038 gratiae,
670 975 806 1040 perceptio
828 977 925 1040 gloriae
947 973 1031 1028 5623
1149 977 1200 1028 484
1219 977 1253 1028 33
1274 1005 1308 1016 -
1327 977 1469 1030 occultatio
1499 973 1574 1028 rerbi
1601 975 1648 1028 Dei
1677 989 1708 1028 ex
1727 987 1785 1040 pru·
1823 971 1943 1024 Verbum
1961 971 2050 1024 omnia
2070 975 2135 1026 facta
2153 983 2217 1046 sunt¹
2233 971 2457 1028 ibid—estma-

522 1061 629 1116 1444444
646 1089 679 1102 -
693 1061 786 1116 4141144
799 1077 852 1126 444,
864 1064 907 1116 441
920 1061 1050 1128 significat
1066 1063 1110 1118 bo·
1148 1067 1235 1120 dentia
1256 1067 1467 1130 commendatur,
1493 1079 1524 1118 ex
1542 1065 1638 1118 timore
1654 1079 1719 1118 vero
1745 1063 1785 1116 vel
1823 1073 1875 1112 nus
1892 1061 1973 1112 Patris
1994 1061 2035 1112 Vll
2062 1061 2092 1112 26
2115 1061 2146 1112 69

467 1163 530 1204 444
547 1151 732 1204 44444144644
753 1153 786 1204 Vl
806 1151 857 1204 350
879 1151 910 1204 56
932 1151 962 1204 3*
1148 1155 1309 1220 adulatione,
1338 1157 1381 1208 rel
1406 1155 1531 1220 auaritia,
1560 1155 1601 1206 441
1628 1151 1785 1218 negligentia
1877 1153 1967 1202 -est
1988 1149 2145 1214 principium
2174 1163 2412 1216 praecognoscens,
2434 1153 2457 1202 in

523 1237 627 1292 Vaurus
646 1267 680 1276 —
701 1239 930 1292 4414414445414
954 1241 996 1292 rel
1022 1247 1109 1294 motus
1147 1241 1305 1308 reprobatur
1325 1241 1389 1296 ibid.
1823 1253 1878 1304 quo
1895 1237 1985 1290 omnia
2003 1241 2065 1288 sunt
2087 1241 2114 1288 et
2137 1235 2231 1288 rivunt
2249 1237 2281 1290 Vl
2302 1237 2350 1290 249
2374 1241 2399 1290 lt
2426 1267 2458 1280 --

467 1327 577 1394 vaporis
595 1327 619 1380 in
640 1325 699 1380 abre
717 1325 750 1378 Vl
772 1327 803 1378 42
824 1343 848 1380 4.
869 1329 885 1380 6
903 1331 1046 1384 -dicitur
1060 1331 1109 1396 spi·
1200 1357 1235 1370 -
1257 1329 1300 1382 Dei
1321 1337 1359 1382 est
1379 1333 1482 1384 lucerna
1503 1331 1545 1382 Vll
1568 1331 1617 1384 195
1631 1331 1672 1382 23.
1687 1331 1737 1382 300
1753 1327 1785 1382 72
1823 1325 2102 1388 444144114441444,
2131 1321 2255 1378 omnibus
2282 1327 2457 1392 cognitionem

468 1417 534 1470 ritus
551 1413 612 1470 ibid.
636 1415 666 1466 89
689 1429 714 1466 v.
732 1415 750 1466 5
770 1443 803 1454 -
824 1421 861 1470 εει
887 1417 931 1468 454
950 1427 1037 1474 44144
1058 1421 1107 1472 tto
1146 1449 1181 1458 —
1202 1419 1411 1472 1141141144441
1440 1419 1473 1472 44
1496 1419 1617 1472 44444444
1638 1421 1728 1472 zeliet
1754 1419 1785 1472 44
1824 1413 2067 1482 praebentem.
2090 1415 2141 1466 253
2162 1413 2195 1466 30
2214 1427 2457 1480 -noncompre

467 1517 492 1556 4.
517 1505 542 1554 lt
567 1531 602 1544 -
621 1509 660 1556 εει
678 1503 800 1558 scindens
820 1511 844 1558 et
862 1505 984 1562 dividens
998 1507 1107 1562 41444.-
1146 1507 1268 1558 arderent
1297 1505 1419 1558 desiderii
1450 1507 1501 1556 597
1529 1505 1558 1558 41
1582 1509 1682 1560 -Dei
1706 1505 1785 1558 habet
1823 1505 1944 1558 benditur
1960 1503 1997 1556 ab
2014 1503 2046 1556 iis
2066 1503 2111 1570 441
2130 1507 2191 1556 sunt
2218 1501 2244 1554 in
2270 1501 2385 1556 tenebris
2405 1503 2457 1556 infr·

467 1591 555 1644 omnia
576 1591 759 1658 perlustrando
777 1593 868 1650 circuit
889 1597 920 1648 12
941 1611 966 1650 v.
986 1597 1002 1650 6
1146 1595 1252 1660 igneam
1276 1601 1397 1646 naturam
1424 1599 1533 1658 propter
1553 1595 1783 1654 inflammationem
1822 1595 1933 1646 delitatis
1951 1593 2002 1646 249
2021 1595 2065 1646 13.
2083 1593 2135 1646 250
2150 1593 2183 1644 46
2202 1589 2231 1642 2*
2249 1619 2283 1632 -
2303 1605 2355 1644 non
2374 1595 2458 1658 potest

420 1669 422 1674 ’
522 1679 657 1734 -oritur
683 1693 699 1732 a
722 1691 837 1748 qtratuor
861 1685 948 1750 plagis
971 1685 1107 1738 terraeVl
1145 1679 1296 1736 amorist'b.
1320 1679 1351 1732 40
1371 1679 1508 1734 -Patris
1533 1679 1702 1736 immittendo
1730 1683 1784 1748 Spi·
1821 1679 2364 1736 41444144444444914141444445375

405 1813 408 1818 .
468 1769 500 1820 42
521 1785 546 1820 r.
566 1769 582 1820 6
601 1799 638 1808 -
656 1769 773 1836 Quntuor
791 1777 851 1826 sunt
866 1775 938 1826 venti
952 1775 1108 1840 principales
1144 1771 1224 1822 ritum
1244 1775 1362 1822 sanctum
1384 1769 1527 1820 inflammat
1549 1769 1631 1820 corda
1647 1769 1782 1822 hominum
1876 1799 1908 1808 -
1929 1785 1990 1824 caro
2010 1775 2106 1826 144144
2126 1775 2164 1822 εει
2182 1781 2228 1836 per
2242 1781 2373 1822 summam
2386 1769 2457 1820 unio·

467 1861 492 1910 ει
512 1863 571 1910 4444
590 1859 748 1912 collaterales
768 1863 799 1914 43
821 1877 846 1914 4.
866 1863 891 1914 6.
910 1863 963 1914 155
981 1877 1009 1914 r,
1027 1863 1060 1912 20
1073 1885 1108 1898 -
1145 1857 1209 1912 4044.
1822 1859 2007 1912 44411252
2026 1859 2114 1910 29-
2133 1857 2261 1910 habitavit
2277 1859 2306 1910 in
2324 1857 2399 1910 nobis
2411 1871 2457 1922 per

468 1953 567 2012 cessat,
590 1949 700 2016 quando
724 1963 809 2018 rapor
833 1949 945 2016 quiescit
962 1955 987 2002 ct
1007 1949 1038 2002 44
1058 1955 1108 2000 ter·
1199 1945 1356 2000 -1141444
1384 1950 1509 2010 tanquam
1526 1943 1716 2012 semerr,qnod
1736 1947 1784 1996 fru-
1822 1947 1946 1998 unionem
1963 1945 2127 2000 inconfusam
2144 1951 2172 1998 et
2190 1947 2329 2000 indivisam
2348 1943 2458 2000 4644.-

467 2051 538 2100 444,
565 2039 636 2090 unde
659 2039 756 2102 oritur,
779 2039 919 2090 revertitur
941 2039 972 2090 43
992 2051 1019 2090 4.
1038 2037 1053 2086 6
1073 2065 1107 2072 -
1145 2039 1215 2086 ctum
1245 2037 1320 2086 affert
1346 2049 1394 2100 per
1416 2031 1654 2096 praedicationem,
1679 2033 1783 2098 quando
1822 2033 1893 2100 qnod
1910 2033 1939 2086 in
1956 2033 2084 2100 principio
2097 2041 2151 2086 erat
2165 2035 2238 2100 apud
2251 2037 2457 2100 Deum,factutn

467 2125 651 2190 producuntur
668 2139 701 2176 ex
719 2139 796 2180 causa
818 2129 918 2178 occulta
937 2123 1107 2178 ibid-llo·
1143 2117 1671 2186 4441414441444444414444141451
1697 2121 1729 2172 23
1750 2147 1785 2160 -
1822 2127 1861 2174 εει
1879 2135 1940 2174 4444
1958 2121 2088 2174 decarne
2108 2121 2202 2174 11144144
2231 2125 2378 2176 secundum
2402 2137 2458 2176 ver·

469 2227 515 2264 mo
532 2227 586 2264 non
603 2213 684 2264 babet
703 2213 880 2276 cognitionem
899 2213 933 2264 de
952 2219 1011 2264 ertu
1031 2211 1107 2262 'renti
1145 2209 1193 2260 1141
1210 2213 1251 2260 est
1268 2223 1374 2276 semen,
1392 2207 1455 2274 quia
1473 2207 1783 2270 perilludrenasnimur,
1822 2207 1887 2258 bum
1904 2207 1998 2272 Angeli
2015 2207 2061 2260 Vll
2078 2209 2112 2258 26
2132 2209 2166 2260 63
2186 2237 2219 2248 -
2240 2213 2263 2262 ln
2276 2211 2367 2264 Verbo
2378 2213 2458 2264 incar·

468 2303 517 2354 284
539 2301 570 2352 at
593 2327 628 2340 ·-
647 2303 795 2366 frequenter
809 2305 847 2354 est
859 2297 1006 2352 contrarius
1019 2299 1107 2352 uolun-
1145 2303 1173 2350 ut
1193 2299 1286 2352 64444
1307 2297 1388 2350 dirini
1417 2297 1461 2350 Vll
1483 2297 1533 2348 430
1554 2297 1580 2348 7.
1599 2297 1649 2348 413
1671 2295 1711 2348 47.
1734 2293 1784 2348 495
1822 2301 1882 2348 4414
1900 2301 1941 2348 εει
1958 2297 2019 2348 4414
2039 2297 2135 2348 summi
2160 2297 2259 2350 amoris
2276 2305 2304 2352 et
2321 2301 2458 2354 connexio·

468 2389 700 2444 1411444141489
719 2387 781 2440 44
1145 2389 1179 2438 22
1199 2415 1233 2426 -
1259 2387 1303 2440 941
1331 2387 1414 2454 pretio
1444 2392 1467 2440 ει
1497 2385 1589 2440 semini
1618 2389 1785 2452 comparatur
1823 2383 1864 2436 nis
1882 2383 1994 2450 duplicis
2011 2391 2120 2438 naturae
2144 2385 2196 2438 396
2214 2385 2249 2438 34
2266 2389 2369 2440 -Per
2387 2387 2457 2440 unio·
2494 2401 2496 2404 ·

523 2507 555 2516 -
582 2483 642 2530 sunt
669 2477 824 2530 tentationes
850 2479 1029 2530 concutientes
1054 2477 1108 2530 ani·
1146 2475 1197 2528 484
1217 2477 1251 2528 33
1822 2485 1883 2524 444
1900 2471 2013 2538 duplicis
2032 2477 2139 2524 naturae
2157 2473 2229 2526 Deus
2247 2489 2294 2528 nos
2312 2477 2457 2540 osculatur,

470 2581 540 2620 lnam
560 2567 663 2620 17323
684 2567 900 2620 32-4444144
923 2567 1049 2620 detractio
1075 2567 1107 2618 30
1199 2593 1233 2602 -
1254 2565 1300 2616 1141
1320 2569 1359 2618 εει
1379 2563 1453 2618 cibus
1471 2561 1629 2630 spiritualis,
1646 2561 1733 2630 quiin
1747 2575 1784 2614 ae·
1822 2573 1847 2614 ει
1867 2575 1913 2612 nos
1934 2563 2015 2614 Deum
2036 2559 2098 2616 41414.

469 2671 495 2708 4.
518 2657 587 2708 6·-
605 2655 715 2708 Divitiae
739 2661 819 2708 vento
842 2661 1029 2720 comparantur
1051 2669 1108 2720 pro·
1145 2643 1785 2718 144444444444414432543-14441441141
1875 2679 1908 2688 -
1929 2653 1955 2702 14
1975 2647 2064 2702 Verbo
2076 2649 2207 2702 incarnato
2221 2651 2399 2704 consideratur
2414 2665 2457 2702 na-

469 2751 528 2810 pter
545 2743 739 2798 4441414448
761 2761 786 2798 r,
806 2747 840 2798 45
1145 2741 1527 2796 4414441444444441444114
1554 2741 1652 2808 gratiae
1678 2741 1722 2792 314
1752 2741 1782 2792 49
1821 2739 1986 2792 1444414144
2006 2741 2031 2792 et
2060 2741 2175 2790 humana
2201 2737 2237 2791 Vl
2263 2739 2315 2792 246
2335 2741 2345 2790 4
2370 2739 2457 2792 -14-

525 2835 613 2886 Vnam
634 2861 666 2874 --
687 2832 781 2888 dicitur
799 2835 845 2900 qui
863 2833 946 2888 verba
965 2847 1026 2888 nera
1046 2833 1109 2888 dicit
1144 2859 1180 2870 -
1199 2831 1247 2882 Per
1265 2815 1379 2882 verbnm
1397 2831 1444 2882 1141
1461 2827 1685 2883 4444441444454
1703 2831 1783 2882 23—-
1821 2829 1880 2884 duit
1895 2843 2016 2892 carnem,
2036 2827 2081 2880 sed
2111 2841 2163 2880 non
2191 2829 2280 2882 transit
2306 2829 2330 2880 in
2351 2843 2455 2882 carnem

471 2921 503 2974 Vl
524 2923 576 2974 362
596 2921 628 2972 43
1145 2921 1191 2972 1141
1211 2921 1257 2972 441
1274 2921 1354 2972 ritant
1376 2927 1509 2972 aeternam
1529 2921 1579 2972 323
1599 2919 1783 2972 32-414144
1823 2919 1875 2972 254
1892 2919 1927 2970 33
1946 2947 1980 2958 ·-
2000 2917 2078 2970 Verbi
2099 2915 2223 2970 incarnati
2237 2925 2346 2986 utraque
2364 2925 2455 2970 441444

525 3011 632 3062 1444444
649 3035 685 3048 -·
704 3009 782 3062 babet
799 3017 950 3074 respectum
968 3011 1004 3064 ad
1022 3005 1107 3064 dicen·
1145 3009 1251 3062 mittunt
1277 3009 1411 3062 bominem
1434 3009 1467 3062 ad
1486 3009 1602 3062 divinam
1625 3009 1734 3074 gratiam
1760 3013 1784 3062 et
1822 3013 1862 3062 εει
1880 3007 1956 3060 44144
1975 3005 2094 3060 sublimis
2120 3005 2164 3058 241
2190 3005 2205 3058 5
2225 3035 2258 3044 -
2277 3009 2371 3068 Latens
2388 3005 2457 3058 11141-

470 3101 524 3150 tem
542 3103 570 3148 et
587 3097 622 3148 ad
641 3097 666 3148 id
695 3101 768 3164 quod
794 3111 843 3162 per
870 3097 984 3152 verbum
1013 3099 1107 3152 dicitur
1145 3097 1179 3148 ad
1199 3097 1330 3152 Christum
1349 3097 1393 3148 Vll
1417 3097 1468 3150 335
1490 3095 1785 3150 87-114144441441
1821 3097 1888 3150 nitas
1916 3095 1995 3150 Verbi
2022 3101 2064 3150 εει
2091 3095 2206 3148 medulla
2238 3095 2308 3148 cedri
2337 3095 2457 3148 sublimis

469 3185 568 3238 Vtalc
592 3185 614 3236 1.
630 3183 680 3236 247
701 3185 715 3236 6
733 3181 1107 3246 -44144144411441411444
1145 3183 1784 3252 141444119046-41414-441444114144-
1821 3185 1884 3240 4044.

469 3277 495 3326 ει
514 3273 694 3326 manifestatur
712 3287 759 3338 per
777 3287 871 3326 vocem
895 3273 945 3326 256
966 3273 1000 3326 44
1018 3301 1053 3314 -·
1073 3275 1107 3326 in·
1145 3275 1273 3338 acipiunt,
1292 3273 1328 3326 illi
1346 3273 1498 3326 inseruntur
1517 3279 1641 3340 tauquam
1653 3273 1734 3338 stipiti
1748 3287 1785 3326 ra·
1877 3301 1908 3314 -
1930 3273 2001 3326 carni
2018 3273 2121 3326 unitum
2145 3277 2186 3326 εει
2212 3273 2332 3328 maiestas
2352 3273 2457 3328 humilis

355 3381 359 3392 ·
417 3413 419 3418 ,
470 3359 528 3414 duit
544 3373 653 3424 vocem,
671 3359 719 3414 sed
736 3373 791 3414 non
805 3361 895 3414 transit
908 3361 934 3414 in
949 3375 1040 3414 uocem
1056 3359 1107 3416 254
1145 3359 1221 3414 414411
1247 3365 1272 3414 ει
1298 3363 1418 3428 rigantur
1442 3377 1489 3428 per
1514 3365 1652 3414 4444444
1674 3361 1783 3426 Spiritus
1821 3363 1854 3414 Vl
1876 3361 1927 3414 537
1946 3363 1960 3412 3
1981 3387 2015 3400 -
2034 3361 2061 3412 14
2079 3375 2158 3414 44444
2186 3361 2328 3416 continetur
2357 3365 2384 3416 ut
2410 3361 2457 3414 inr-

470 3449 505 3500 33
532 3477 569 3488 -
595 3447 658 3502 dicit
686 3449 908 3516 comparationem
938 3449 971 3502 ad
999 3463 1108 3512 rocem,
1145 3449 1227 3502 sancti
1247 3449 1782 3502 4141114144441111111414141141119832
1822 3449 1945 3504 mensitas
1962 3449 2052 3502 brevis
2070 3449 2256 3502 444-4444
2273 3451 2456 3504 abbreviatum

471 3551 552 3604 quam
568 3537 711 3600 induit,ad
722 3537 964 3606 doctrinam,quae
977 3539 1108 3590 mediante
1199 3539 1298 3590 -bei
1328 3543 1411 3602 potest
1441 3539 1492 3590 dici
1519 3543 1624 3590 scutum
1649 3538 1783 3602 spirituale
1822 3539 1882 3606 fuit,
1900 3539 1961 3604 quia
1982 3539 2078 3590 factum
2097 3545 2136 3590 εει
2147 3537 2277 3602 positione
2291 3539 2373 3592 breve
2384 3539 2456 3606 qued

473 3627 556 3680 verbo
576 3627 687 3680 traditur
706 3625 790 3680 2476
813 3657 845 3666 ·-
863 3635 903 3680 est
920 3629 987 3680 ratio
1001 3627 1107 3680 ridendi
1145 3627 1178 3680 Vl
1199 3629 1250 3680 226
1270 3641 1296 3680 4.
1317 3629 1344 3680 24
1370 3655 1404 3666 -
1430 3627 1474 3680 Ilei
1505 3627 1592 3692 gladio
1618 3633 1784 3692 comparatur
1821 3633 1878 3680 crat
1893 3627 2211 3692 naturaproductum,in
2225 3629 2457 3694 praesepiobrere

469 3713 600 3768 dicentem
620 3717 669 3768 422
692 3715 724 3768 64
1145 3715 1179 3768 98
1199 3731 1224 3768 4.
1247 3715 1274 3768 tt
1298 3743 1334 3756 -·
1352 3715 1399 3768 Dei
1418 3715 1513 3780 pungit
1529 3729 1575 3768 cor
1593 3713 1784 3768 ibid-erte·
1821 3715 1966 3782 quoderat
1985 3713 2083 3782 ubique
2113 3715 2267 3768 immensum
2297 3715 2359 3770 idid.
2377 3719 2455 3770 -in

524 3831 558 3842 —-
578 3803 672 3856 faciens
692 3809 730 3858 est
749 3803 866 3860 Verbum
887 3805 919 3858 ab
940 3811 1044 3860 aeterno
1065 3819 1108 3872 ge·
1145 3803 1201 3858 rius
1218 3803 1280 3858 fidei
1293 3809 1320 3858 et
1333 3803 1494 3858 Sacramenti
1508 3803 1632 3866 mundat,
1651 3803 1712 3870 qtria
1733 3817 1784 3856 cre
1822 3817 1899 3858 carne
1911 3803 2026 3858 nascitur
2040 3809 2067 3856 ut
2078 3803 2217 3856 aeternitas
2231 3807 2380 3872 temporalis
2392 3803 2455 3860 4445

470 3891 1109 3956 41444441441444444414440444446
1145 3893 1215 3946 ditur
1240 3893 1290 3944 449
1313 3893 1343 3944 16
1364 3923 1398 3932 -
1417 3893 1463 3946 1141
1482 3893 1626 3946 sanctificat
1643 3891 1678 3944 ab
1697 3907 1784 3944 errore
1821 3921 1857 3932 -
1876 3891 2020 3946 secundnm
2045 3905 2148 3944 444444
2170 3895 2207 3944 εει
2226 3893 2322 3946 factum
2340 3893 2403 3948 ibid.
2423 3923 2456 3934 -

470 3981 581 4034 interius
597 3983 772 4048 impressum,
789 3983 902 4036 verbum
921 3985 987 4036 11444
1001 3989 1039 4036 est
1052 3997 1110 4036 ver·
1145 3983 1285 4046 purgando
1307 3983 1357 4034 473
1379 3983 1410 4034 29
1822 3983 1848 4034 14
1868 3983 2043 4034 incarnatione
2069 3987 2110 4034 est
2135 3983 2234 4034 facturn
2257 3989 2283 4036 ει
2302 3987 2339 4034 est
2358 3987 2456 4048 tempo-

470 4067 537 4124 bum
546 4072 671 4125 vocaliter
681 4071 907 4140 prelatum,quod
916 4079 1017 4126 lantum
1030 4079 1069 4126 εει
1082 4073 1109 4126 14
1199 4099 1233 4112 -
1253 4071 1299 4124 1141
1319 4077 1440 4124 44444444
1466 4071 1597 4124 credendo
1628 4069 1782 4122 1147043
1821 4069 2245 4124 44144044-11414141144414144
2255 4078 2295 4125 est
2307 4073 2332 4124 in
2342 4085 2422 4124 carne
2432 4079 2456 4124 ει

470 4157 527 4210 heri
539 4159 574 4212 Vl
592 4157 645 4212 544
663 4159 792 4228 3-444
812 4163 996 4226 cognoscimus
1009 4163 1108 4228 emnia,
1145 4187 1181 4198 -
1199 4161 1323 4214 lienteria
1340 4157 1486 4214 verborum
1514 4159 1562 4212 Dei
1583 4161 1697 4212 multum
1715 4161 1785 4212 valet
1822 4158 1947 4226 amplius,
1964 4165 2085 4226 suscepta
2100 4159 2299 4212 circumcisione
2316 4159 2360 4212 Vll
2373 4159 2406 4212 54
2425 4159 2456 4212 45
2512 4193 2513 4196 ¹

470 4253 512 4298 est
528 4247 572 4298 rel
590 4239 723 4314 divinum,
754 4251 795 4302 441
824 4253 969 4302 humanum
997 4253 1027 4302 46
1048 4253 1108 4316 apd
1146 4247 1287 4300 adomnia
1308 4247 1605 4312 malaperferenda,et
1624 4247 1722 4300 oblivio
1742 4259 1785 4298 no·
1877 4277 1908 4286 —
1929 4249 1975 4300 Per
1995 4247 2113 4300 Verbum
2127 4247 2267 4300 increatum
2282 4249 2357 4300 Pater
2369 4247 2456 4300 omnia

471 4333 645 4388 -divinum
671 4341 711 4388 est
737 4337 824 4390 omnis
845 4343 966 4390 creatura
988 4337 1050 4392 4644.
1075 4365 1109 4376 -
1146 4335 1293 4388 4414554
1324 4363 1358 4376 -
1385 4337 1540 4390 1144444464
1561 4349 1712 4388 sermonum
1739 4333 1785 4386 Dei
1822 4337 1893 4400 14411,
1914 4341 1941 4388 ει
1961 4349 2009 4400 per
2034 4335 2155 4388 ‘Verbum
2184 4335 2344 4390 incarnatum
2370 4337 2456 4388 omnia

470 4425 615 4478 humanum
637 4429 674 4478 εει
688 4437 739 4478 444
753 4427 852 4492 prolata
865 4425 927 4480 ibid.
942 4453 975 4466 -
988 4431 1108 4480 nostrum
1146 4425 1283 4478 hominem
1305 4425 1383 4490 erigit
1399 4431 1426 4478 ει
1444 4425 1533 4490 dirigit
1552 4421 1613 4478 ibid.
1821 4425 1911 4478 refecit
1931 4425 1973 4478 Vll
1994 4425 2044 4478 439
2065 4423 2098 4476 47
2117 4453 2151 4466 -
2171 4427 2196 4478 14
2217 4425 2304 4478 Verbo
2321 4425 2455 4479 incarnato

470 4517 511 4566 est
527 4519 726 4580 anypostatum,
746 4513 773 4568 id
791 4521 832 4568 cst
847 4529 900 4568 non
920 4513 1065 4568 subsistens
1083 4521 1108 4568 ει
1199 4541 1233 4552 -
1253 4513 1330 4566 filins
1347 4521 1388 4568 est
1405 4513 1524 4566 Verbum
1554 4527 1645 4566 verum
1676 4515 1707 4566 Vi
1733 4515 1783 4566 362
1821 4519 2061 4568 consummataest
2081 4513 2200 4568 444144
2227 4513 2410 4580 mysteriorum
2430 4517 2455 4566 fr·

471 4601 497 4652 in
517 4601 603 4654 45444
624 4603 735 4654 4114444
757 4601 807 4656 544
827 4605 888 4656 43
1147 4601 1179 4652 43
1198 4629 1233 4642 -·
1253 4607 1290 4654 cst
1310 4615 1421 4666 persona
1450 4601 1570 4656 distincta
1594 4615 1610 4652 4
1637 4603 1711 4654 Patre
1738 4615 1785 4666 per
1822 4617 1887 4666 gura
1906 4609 1933 4656 et
1949 4601 2093 4658 verborum
2122 4603 2235 4656 varietas
2252 4603 2304 4656 516
2323 4601 2358 4656 44
2375 4633 2412 4640 -
2430 4605 2455 4656 14

523 4691 624 4742 -Dei
644 4695 744 4742 nonut
767 4691 880 4742 verbum
908 4691 1044 4744 bominum
1071 4695 1108 4742 est
1146 4691 1339 4754 generationem
1359 4703 1419 4742 cum
1441 4677 1784 4756 subauctoritateatae4
1821 4689 2334 4744 441414444414444441444144441-
2355 4693 2386 4742 28
2407 4691 2441 4742 75

470 4777 773 4844 444141444144141128
799 4779 834 4832 75
851 4805 888 4818 -
905 4779 1038 4832 Debemus
1063 4793 1108 4830 au-
1145 4783 1201 4830 erat
1227 4777 1299 4830 Deus
1326 4777 1445 4844 aequalis
1462 4777 1530 4830 Patri
1551 4777 1601 4830 247
1623 4779 1693 4830 4-
1709 4777 1785 4844 spiri-
1875 4781 1946 4830 -ln
1955 4779 2047 4832 verbis
2057 4779 2131 4832 bonis
2140 4781 2214 4832 adest
2228 4781 2337 4844 Spiritus
2351 4785 2454 4834 sanctus

469 4865 528 4918 dire
545 4865 658 4920 verbum
686 4865 740 4920 Filii
769 4869 815 4920 Dei
841 4869 876 4920 ad
895 4867 1108 4932 intelligentium,
1146 4867 1242 4918 144144
1262 4865 1340 4917 habet
1352 4865 1547 4930 generationem
1562 4865 1613 4918 254
1627 4867 1658 4918 33
1673 4881 1785 4918 -ema-
1822 4867 2036 4934 tanquamorigo
2051 4869 2090 4922 Vll
2105 4869 2156 4922 592
2174 4867 2204 4918 19
2218 4865 2454 4922 -Arerblstndt-

469 4955 633 5008 credendum
659 4959 687 5008 et
713 4955 891 5012 obediendum
914 4955 1018 5010 141564
1038 4955 1055 5006 4
1073 4983 1110 4996 -
1145 4961 1190 5008 441
1206 4969 1256 5020 per
1274 4955 1470 5020 generationem
1491 4955 1577 5006 2473
1821 4955 1912 5006 scretis
1940 4959 1964 5006 ει
1992 4955 2193 5020 cogitationibus
2222 4955 2333 5020 Spiritus
2352 4961 2455 5008 sanctus

470 5043 560 5096 Verbo
579 5045 634 5096 filii
653 5045 700 5096 1141
717 5045 1108 5112 diligenterintendendumest
1199 5073 1234 5082 --
1253 5049 1291 5096 est
1310 5057 1405 5096 nornen
1426 5041 1701 5098 convenientissimum
1721 5045 1785 5108 Filii,
1823 5043 1888 5108 fugit
1906 5039 1968 5096 t'lrt'd.
1988 5071 2022 5084 -
2042 5043 2209 5096 indiscretum
2238 5057 2290 5096 non
2315 5045 2455 5108 suscipitur

470 5133 507 5186 65
524 5147 552 5186 v.
572 5135 586 5186 2
605 5131 755 5186 -Christi
780 5133 930 5200 parabolica
957 5139 1017 5188 sunt
1034 5135 1108 5198 spiri·
1146 5131 1260 5186 maxime
1279 5131 1306 5184 in
1324 5131 1520 5198 comparatione
1548 5131 1582 5186 ad
1607 5147 1638 5186 ea
1656 5147 1725 5200 qrtae
1751 5133 1785 5186 de
1821 5133 1869 5184 381
1892 5131 1928 5182 67
1944 5159 1981 5170 -
2000 5133 2081 5186 Parra
2098 5131 2163 5186 fides
2181 5135 2220 5184 εει
2239 5131 2386 5186 adhibenda
2401 5146 2457 5185 rer·

470 5221 575 5274 tualiter
592 5227 618 5276 et
637 5235 691 5276 non
710 5211 846 5276 carnaliter
865 5223 997 5276 audienda
1016 5227 1040 5276 ει
1059 5223 1109 5276 dis·
1146 5233 1178 5274 eo
1199 5219 1223 5272 in
1244 5221 1386 5288 Evangelio
1414 5225 1554 5274 narrantur
1580 5221 1614 5276 Vl
1642 5221 1695 5274 247
1714 5223 1786 5272 6-
1820 5219 1957 5274 14141160
1977 5235 2004 5274 v.
2016 5221 2099 5274 22-
2113 5223 2137 5274 14
2156 5219 2250 5272 nostris
2267 5219 2358 5274 verbis
2370 5233 2454 5286 pauca

470 5309 591 5364 cutienda
602 5311 647 5364 Vll
660 5313 708 5362 381
726 5313 760 5366 69
772 5339 809 5352 -·
822 5311 914 5366 Christi
930 5311 1109 5366 efficacissime
1146 5309 1305 5364 describitur
1323 5315 1351 5362 ut
1371 5323 1543 5376 permenam,
1563 5315 1590 5364 ui
1609 5309 1783 5372 immutabile,
1820 5309 1951 5366 inuenitur
1969 5309 2067 5362 veritas
2084 5309 2119 5362 53
2137 5325 2166 5364 4.
2184 5309 2211 5360 ll

470 5399 618 5462 suscipiunt
636 5399 681 5464 qut
701 5399 868 5464 spiritualiter
886 5401 996 5454 audiunt
1013 5399 1077 5454 t'bt'd.
1147 5405 1176 5450 ut
1193 5401 1277 5452 cetera
1297 5399 1467 5462 antecedens,
1488 5405 1513 5450 et
1531 5399 1590 5452 iden
1616 5399 1709 5454 dicitur
1730 5405 1785 5452 erat
1875 5427 1908 5440 -
1928 5399 2052 5464 importat
2068 5405 2173 5466 tempus
2191 5399 2224 5452 Vl
2244 5399 2330 5452 2477

523 5513 560 5526 -
587 5487 637 5552 Qui
663 5485 776 5540 verbum
805 5489 851 5540 1141
880 5503 932 5540 444
954 5487 1110 5542 41414144414
1147 5487 1198 5540 248
1217 5485 1234 5538 7
1253 5515 1287 5528 -
1307 5495 1474 5554 comparatur
1502 5487 1536 5540 ad
1564 5487 1693 5540 dicentem
1716 5489 1785 5542 sicut
1874 5489 1988 5542 Ventnns
2005 5517 2040 5526 -
2057 5489 2163 5554 respicit
2181 5489 2337 5542 intellectum
2357 5487 2455 5540 141437

470 5587 532 5626 reus
551 5581 590 5628 est
607 5573 751 5638 impietatis
777 5577 822 5628 Vll
846 5575 1008 5628 48434-
1024 5577 1109 5630 multi·
1146 5575 1214 5630 lilius
1233 5577 1266 5630 ad
1285 5581 1387 5642 patrem
1406 5581 1516 5642 propter
1534 5577 1732 5632 similitudinem
1756 5579 1784 5630 in
1820 5577 2192 5646 'l—-Unumquodquesicut
2210 5577 2328 5630 sehabet
2341 5579 2453 5642 adesse,

471 5663 623 5726 plicandum
643 5669 681 5714 est
706 5667 734 5714 ut
762 5663 873 5730 pecunia
899 5677 948 5728 per
974 5665 1110 5730 evangeli·
1147 5671 1238 5718 natura
1251 5671 1276 5720 ει
1288 5665 1476 5732 perfectionem
1496 5667 1646 5734 aequalem,
1662 5673 1690 5720 ut
1701 5667 1783 5732 splen·
1820 5667 1859 5720 sic
1877 5681 1905 5720 se
1924 5663 2003 5720 habet
2026 5669 2061 5720 44
2086 5667 2223 5720 veritatem
2252 5667 2304 5720 455
2321 5681 2350 5720 4.
2369 5667 2402 5720 17
2422 5693 2455 5706 -·

469 5765 530 5804 cam
548 5751 772 5816 praedicationem
802 5753 852 5804 485
872 5753 905 5806 36
923 5781 960 5792 --
982 5753 1110 5806 seminari·
1147 5753 1197 5806 dor
1214 5753 1250 5806 ad
1267 5755 1353 5824 lucem
1368 5759 1476 5820 propter
1490 5755 1701 5808 44441444114444
1713 5753 1782 5808 aaa
1820 5757 1922 5808 Verum
1940 5753 2050 5822 dicitur,
2073 5763 2119 5810 aut
2141 5755 2289 5810 secundum
2307 5757 2379 5822 quod
2398 5771 2456 5810 con·

470 5839 537 5894 dum
558 5845 611 5906 est,
631 5855 685 5894 non
704 5841 906 5894 custodiendum
925 5839 1040 5896 4144.-
1059 5845 1110 5896 fru·
1146 5871 1182 5880 -
1211 5849 1252 5896 εει
1268 5843 1425 5896 altissimum
1452 5843 1600 5906 maiestate,
1623 5843 1783 5894 immensum
1820 5843 1930 5896 vertitur
1946 5855 2007 5894 cum
2027 5849 2100 5906 ente,
2119 5845 2456 5912 autsecundumquodul·

470 5937 523 5984 stra
542 5929 711 5996 proponitur,
740 5929 789 5984 nisi
814 5929 882 5984 adsit
899 5931 1004 5984 auditor
1022 5933 1108 5984 4892
1147 5933 1257 5996 virtute,
1275 5939 1412 5986 aeternum
1433 5931 1571 5986 duratione
1589 5931 1677 5984 5372
1820 5937 1860 5984 tra
1879 5931 2010 5984 entitatem
2039 5931 2112 5986 addit
2135 5929 2256 5984 ordinem
2276 5933 2310 5984 ad
2327 5931 2455 5996 operatio·

470 6017 1109 6086 -11414444441441444414144441444444-
1200 6049 1236 6062 —-
1264 6023 1361 6074 144444
1389 6025 1430 6074 est
1455 6035 1510 6074 non
1533 6017 1568 6072 ab
1592 6017 1711 6082 homine,
1738 6017 1784 6072 sed
1820 6033 1880 6072 uem
1898 6023 1926 6070 et
1941 6017 2036 6084 finem,
2063 6023 2110 6070 aut
2126 6017 2271 6072 secundum
2292 6023 2364 6088 quod
2381 6021 2455 6074 addit

469 6107 612 6174 cipitantur
631 6107 656 6160 in
674 6107 804 6174 supplicia
822 6107 956 6162 infernalia
974 6109 1026 6164 335
1045 6111 1079 6162 86
1146 6123 1161 6162 4
1181 6111 1236 6164 1144
1254 6111 1298 6164 Vll
1312 6109 1344 6162 52
1365 6093 1398 6164 34
1417 6113 1525 6160 -erat
1545 6107 1570 6158 in
1582 6107 1721 6172 principio,
1735 6109 1784 6160 hac
1820 6121 1900 6174 supra
1921 6119 1979 6158 esse
2004 6105 2242 6172 impermixtionem
2267 6109 2304 6162 ad
2321 6121 2375 6162 non
2399 6121 2456 6162 esse

523 6197 659 6250 -Verbi
679 6197 725 6250 1141
744 6197 1110 6266 auditoresqualesassede-
1146 6203 1187 6252 est
1204 6197 1229 6250 in
1249 6199 1336 6264 Patre,
1356 6209 1410 6250 non
1436 6199 1584 6260 separatum
1605 6197 1713 6248 aPatre
1738 6209 1784 6262 per
1820 6193 2454 6264 142-14444444444444444411449

470 6283 551 6338 beant
578 6285 694 6340 1411415
722 6287 738 6336 8
766 6317 801 6326 -
828 6285 1109 6348 perscrutantiverba
1145 6287 1301 6350 essentiam,
1314 6285 1361 6338 sed
1374 6283 1518 6338 indivisum
1530 6299 1578 6350 per
1590 6283 1717 6338 essentiae
1731 6283 1785 6338 uni·
1821 6283 1854 6336 49
1873 6311 1908 6324 -
1927 6287 1965 6338 est
1985 6283 2056 6338 velut
2076 6283 2208 6350 quaedam
2237 6285 2403 6338 consonantia
2423 6285 2466 6360 Vl

470 6371 562 6426 divina
581 6373 726 6428 necessaria
746 6381 783 6428 est
800 6373 982 6440 promptitudo
1001 6379 1026 6428 et
1043 6375 1109 6440 vigi·
1145 6371 1348 6428 1444141216
1370 6371 1784 6440 a-eratinprinctptaapud
1820 6371 1855 6426 95
1874 6373 1935 6426 ui

401 6521 402 6526 η
469 6461 547 6514 144114
568 6461 600 6512 97
621 6461 654 6514 33
1147 6465 1230 6516 Deum
1250 6467 1278 6516 ut
1296 6461 1529 6516 444414444247
1550 6461 1566 6516 5
1583 6489 1620 6500 -
1637 6463 1783 6516 44444444
1874 6489 1907 6500 -
1928 6463 1964 6516 114
1982 6475 2049 6538 uero
2074 6467 2115 6516 εει
2139 6461 2246 6514 seientia
2274 6475 2321 6528 per
2339 6477 2368 6516 se
2386 6461 2455 6516 1417

523 6577 560 6586 -
579 6551 625 6602 Dei
643 6555 682 6602 εει
700 6551 811 6614 pecunia
836 6549 913 6604 nobis
932 6563 1056 6604 concessa
1074 6551 1109 6602 ad
1145 6551 1313 6602 Divinitatem
1330 6563 1383 6602 non
1404 6551 1561 6604 estfactum
1583 6555 1783 6618 4444444144,
1820 6563 1846 6616 q.
1867 6553 1881 6602 2
1899 6577 1936 6590 -
1953 6551 2005 6618 Qui
2033 6551 2169 6614 cognoscit
2194 6551 2321 6616 principia
2345 6563 2407 6602 vera
2431 6557 2457 6602 et

447 6635 684 6692 fructificandum
712 6637 756 6692 Vll
776 6637 828 6692 485
845 6639 881 6692 36
899 6667 936 6680 -
953 6641 991 6692 114
1010 6653 1039 6690 eo
1059 6637 1110 6692 441·
1145 6637 1194 6692 sed
1210 6637 1329 6702 genitum
1348 6637 1437 6692 5375
1821 6641 1883 6692 falsa
1911 6639 2049 6704 cognoscit
2074 6635 2135 6692 ibid.
2164 6665 2198 6678 -
2228 6639 2297 6692 Vera
2318 6637 2454 6704 dicuntur,

470 6729 570 6790 guntur
599 6737 696 6778 usurae
724 6725 887 6794 multiplicis
905 6725 1108 6780 fructificationis
1198 6751 1233 6764 -
1252 6725 1490 6790 dicitoperativatn
1503 6727 1644 6794 potentiam
1656 6727 1777 6782 1412461
1819 6741 1888 6796 quae
1907 6729 2030 6782 dicuntur
2049 6739 2097 6792 per
2110 6725 2456 6794 proprietatem,veletiam

468 6809 534 6868 ibid.
551 6841 587 6852 -·
605 6813 655 6880 Qui
674 6813 738 6866 emit
763 6815 876 6868 uerbum
893 6815 942 6866 Dei
958 6813 1107 6878 credendo,
1144 6841 1180 6854 -
1199 6819 1239 6868 est
1257 6815 1416 6882 principium
1430 6817 1783 6890 sufficiensadnmniapro·
1820 6833 1888 6884 uuae
1906 6817 2029 6872 dicuntur
2048 6829 2095 6884 per
2114 6815 2307 6870 similitudinem
2327 6815 2378 6870 448
2400 6817 2433 6872 43
