5908 8266
492 577 555 646 552

493 755 593 842 magis
618 755 792 824 saecularia
806 763 842 824 »t
864 757 926 824 Hoc
941 761 1049 825 autem
1064 757 1197 826 debetur
1214 739 1370 842 perlectae
1385 759 1446 824 hu-

492 861 631 940 militati,
649 861 822 928 secundnm
838 861 916 927 illud
932 861 985 928 lob
1000 861 1162 948 trigesimo
1184 869 1293 928 sexto:
1315 887 1332 920 «
1349 863 1447 928 Causa

493 975 549 1036 tua
571 969 662 1052 quasi
684 967 772 1054 impii
795 967 930 1040 iudicata
953 971 1000 1034 est
1016 993 1048 1048 »;
1076 973 1109 1036 et
1138 967 1254 1034 iterum
1287 967 1447 1052 trigesimo

493 1079 603 1140 sexto:
631 1099 648 1132 c
663 1073 729 1140 Non
752 1072 853 1140 salvat
874 1071 988 1156 impios
1019 1079 1050 1138 et
1080 1071 1233 1138 iudicium
1253 1071 1448 1156 pauperibus

493 1179 652 1260 tribuit»,
676 1179 738 1246 illis
759 1177 895 1258 scilicet,
920 1177 975 1264 qui
991 1177 1122 1244 vincunt
1137 1176 1304 1262 superbiae
1319 1175 1446 1244 fastum.

493 1287 663 1370 Propterea
690 1281 889 1371 apocalypsis
921 1283 1058 1348 tentt01:
1089 1307 1105 1340 ε
1120 1283 1179 1366 Qui
1211 1281 1341 1360 vicerit,
1367 1281 1448 1348 dabo

493 1391 521 1458 ei
546 1391 655 1458 sedere
679 1407 801 1458 mecum
824 1389 856 1454 in
891 1389 1006 1454 throno
1038 1405 1124 1466 meo,
1150 1385 1231 1454 sicut
1253 1393 1286 1454 et
1307 1403 1365 1472 ego
1388 1385 1449 1454 vici

494 1501 526 1562 θῖ
548 1495 618 1562 sedi
635 1513 709 1562 cum
733 1497 822 1562 Patre
847 1493 878 1560 in
895 1495 1010 1561 throno
1035 1493 1104 1562 eius
1118 1519 1150 1558 a.
1168 1493 1204 1560 Et
1220 1493 1281 1560 hoc
1295 1499 1344 1560 est
1358 1511 1450 1578 prae-

401 1591 402 1594 *
493 1601 595 1670 mium
618 1601 803 1680 humilinm3
827 1601 950 1668 loannis
974 1599 1175 1666 duodecimo:
1198 1599 1260 1664 «Si
1277 1597 1350 1682 quis
1371 1599 1449 1664 mihi

494 1707 738 1786 ministraverit,
761 1705 982 1772 honorificabit
1004 1723 1079 1772 eum
1096 1707 1184 1772 Pater
1200 1721 1308 1784 mede,
1334 1705 1388 1790 qui
1404 1711 1451 1774 est

494 1815 528 1882 in
551 1813 644 1882 caelis
661 1841 689 1880 a.

584 1921 636 1988 tt.
662 1919 721 1988 Ait
742 1923 854 1986 orctern
875 1917 1040 1986 Dominus
1055 1917 1185 1986 Simoni
1196 1919 1219 1986 ².
1235 1919 1307 1986 Post
1328 1937 1451 2006 repres-

341 2041 445 2104 securta
455 2039 485 2084 at
495 2045 562 2096 sam
586 2027 811 2114 discipulorum
843 2025 1068 2112 arrogantiam,
1094 2025 1146 2094 bic
1169 2027 1301 2094 εεῖεεεῖ
1330 2047 1382 2094 eos
1406 2029 1452 2096 ud

341 2099 480 2194 ἓῖῗῗειῖιῗᾶῗῗ
494 2133 718 2202 constantium
740 2139 859 2200 contro
878 2131 1033 2220 periculo
1055 2133 1264 2200 imminentia
1277 2133 1299 2198 ³.
1319 2133 1356 2200 Et
1371 2151 1452 2220 quo-

359 2203 459 2300 affin
494 2239 578 2308 niam
602 2239 632 2306 in
657 2237 804 2326 periculis
827 2257 908 2324 opus
929 2243 978 2306 est
1000 2239 1173 2330 constantia
1197 2245 1305 2306 contra
1334 2239 1452 2308 violen-

495 2345 587 2426 tiam,
611 2363 690 2432 opus
722 2349 769 2414 θεῖ
798 2345 921 2414 cautela
951 2351 1060 2414 contra
1091 2345 1353 2426 fraudulentiam
1377 2365 1452 2414 nam

386 2467 477 2512 onan
494 2453 636 2522 diabolus
661 2457 758 2522 tentat
782 2459 817 2520 ut
841 2453 907 2534 leo,
930 2459 1030 2520 tentat
1052 2453 1146 2520 etiam
1169 2459 1208 2520 ut
1228 2453 1324 2520 draco
1337 2453 1363 2534 4;
1382 2453 1452 2522 ideo

494 2577 568 2646 pars
593 2559 651 2626 isla
673 2559 768 2626 habet
791 2557 877 2626 duas.
904 2559 935 2624 ln
961 2577 1098 2644 quarum
1120 2559 1224 2642 prima
1246 2559 1379 2624 nnirnct
1403 2559 1451 2624 di-

494 2663 639 2750 seipnlos
662 2665 708 2732 od
730 2665 973 2742 corcstuntiurn;
988 2663 1021 2730 in
1038 2663 1175 2732 secunda
1198 2681 1275 2730 vcro
1296 2663 1452 2730 sollicitet

495 2771 542 2838 ud
557 2771 732 2850 cuutelorn,
744 2769 788 2836 ibi
800 2769 831 2834 ⁵:
848 2771 888 2834 Et
899 2769 984 2836 dixit
995 2771 1060 2834 cis:
1076 2769 1218 2852 Quando
1232 2767 1312 2834 nvisi
1322 2787 1379 2834 uos
1392 2759 1450 2834 etc.

585 2875 750 2942 Animuns
785 2879 892 2940 autem
922 2875 969 2940 ud
1002 2873 1225 2940 coustantium
1257 2871 1453 2956 praemunit

332 2995 481 3042 normaniae
494 2989 612 3048 contro
644 2975 868 3056 tentationem,
895 2979 1035 3046 ostendit
1063 2975 1284 3064 (defensionem
1306 2983 1338 3044 et
1364 2995 1452 3042 conr-

245 3093 246 3096 ,
341 3051 481 3094 constantiam

342 3101 464 3158 stipticus
493 3089 597 3174 pascit
613 3083 905 3170 praesumtionem.

585 3193 637 3258 ta.
663 3191 763 3276 (Vers.
789 3189 865 3272 ac).
892 3189 994 3256 Primo
1012 3187 1108 3274 igitur
1125 3193 1281 3272 quantum
1298 3187 1338 3254 ad
1352 3207 1451 3272 prue-

333 3311 478 3410 ncroagffirergq
494 3297 735 3364 εεεεεέῖεεεεε6
761 3293 950 3362 tentationis
972 3293 1063 3360 dicit:
1088 3293 1146 3360 Ait
1160 3301 1273 3360 u'utcrn
1291 3293 1453 3360 Durninns

231 3453 232 3458 ,
347 3419 456 3464 tationem.
497 3401 644 3470 Sinoni:
668 3401 800 3478 Sirnon,
818 3417 898 3480 ecee,
914 3407 1056 3466 sutonns
1072 3399 1226 3484 expetivit
1239 3419 1317 3480 uos,
1334 3407 1370 3464 nt
1387 3399 1453 3464 eri-

496 3509 610 3576 brnret
632 3509 719 3576 sient
740 3507 901 3574 triticum.
926 3505 1107 3592 Specialiter
1142 3505 1297 3572 Simonem
1320 3503 1452 3590 alloqui-

496 3621 550 3682 tur
575 3623 724 3700 tauquam
746 3613 951 3698 principalem
968 3613 1049 3680 inter
1066 3629 1173 3680 omnes
1191 3613 1358 3698 apostotos.
1376 3613 1453 3680 Nam

495 3721 525 3788 ei
548 3721 666 3788 dictum
690 3725 738 3788 est
761 3719 905 3788 Matthaei
929 3719 1051 3786 decimo
1076 3719 1210 3786 sexto⁷:
1238 3745 1255 3778 α
1271 3719 1385 3788 Beatus
1407 3735 1452 3800 es,

496 3829 604 3897 Simon
626 3827 685 3894 Bar
702 3827 774 3894 lona
788 3851 820 3906 ³³3
845 3831 982 3910 etpost:
1013 3827 1082 3892 «Et
1103 3845 1161 3912 ego
1178 3809 1252 3892 dico
1280 3827 1353 3906 tibi,
1379 3825 1454 3912 quia

496 3939 532 4000 tu
555 3949 590 4000 θε
611 3933 738 4012 Ρθῖεεε,
764 3937 794 3998 θῖ
818 3949 913 4016 super
935 3931 1018 3998 hanc
1051 3937 1173 4016 petram
1206 3931 1374 3998 aedificabo
1397 3929 1454 3998 Ec-

497 4037 622 4106 clesiam
652 4055 752 4106 meam
770 4063 798 4100 n.
824 4039 921 4104 istum
954 4054 1029 4122 ergo
1063 4043 1214 4122 tanquam
1248 4033 1453 4122 principalem

495 4145 630 4230 lapidem
655 4149 685 4210 et
701 4143 965 4238 fundamentalem
981 4143 1176 4228 praemunit,
1195 4143 1385 4210 ostendendo
1399 4159 1454 4228 pe-

496 4251 634 4318 riculum
657 4267 781 4336 pugnae
803 4237 935 4316 hostilis.
961 4249 1039 4334 Quia
1070 4247 1153 4344 enim
1175 4247 1319 4316 diabolus
1341 4249 1454 4316 adver-

497 4363 587 4424 satur
608 4355 717 4436 nobis,
740 4355 810 4424 ideo
840 4347 960 4424 dicitur
984 4347 1146 4436 antonus,
1169 4355 1344 4424 secundum
1374 4355 1454 4424 illud

497 4463 666 4532 Zachariae
688 4463 826 4532 certior:
854 4487 870 4522 (ι
888 4463 981 4530 Satan
1004 4463 1107 4532 stabat
1130 4481 1149 4530 a
1169 4461 1292 4530 dextris
1316 4463 1399 4544 eius,
1415 4467 1455 4528 ut

497 4569 720 4638 adversaretur
741 4567 771 4636 ei
786 4595 817 4634 ε.
845 4569 903 4636 Ιεῖθ
925 4575 1031 4638 autem
1055 4585 1179 4654 semper
1203 4569 1357 4638 desiderat
1381 4587 1454 4656 per-

497 4675 599 4760 sequi.
616 4675 702 4742 viros
734 4673 851 4754 iustos,
876 4675 930 4742 sed
964 4693 1025 4744 non
1061 4681 1180 4760 potest,
1204 4675 1263 4742 nisi
1298 4667 1454 4762 quantum

496 4781 690 4868 permittitur
714 4799 732 4848 a
755 4781 897 4848 Domino.
922 4781 993 4848 ideo
1009 4781 1125 4850 dicitur
1148 4789 1312 4868 expetere,
1337 4781 1455 4850 sicula

491 4887 630 4954 ¹Domino
642 4887 814 4972 permissus
826 4893 872 4954 est
885 4887 953 4970 lob;
968 4887 1022 4954 lob
1036 4889 1142 4974 primo
1154 4887 1183 4952 ⁹:
1206 4887 1373 4972 «Quadam
1390 4885 1452 4968 die,

494 4999 570 5060 ‘cum
593 4991 775 5060 assisterent
796 4993 851 5060 bttt
875 4993 930 5060 Dei
956 5011 1061 5060 coram
1078 4991 1226 5072 Domino,
1252 4992 1350 5060 adfuit
1370 4993 1452 5060 inter

496 5117 549 5168 eos
574 5099 665 5168 etiam
689 5105 777 5168 satan
792 5123 825 5180 »;
848 5099 920 5167 data
944 5103 991 5166 est
1013 5105 1119 5166 autem
1143 5099 1168 5166 ei
1194 5105 1340 5184 potestas.
1373 5099 1452 5194 Con*

497 5203 577 5270 cutit
599 5205 692 5270 etiam
713 5203 798 5270 viros
822 5203 994 5288 perlectos,
1012 5203 1093 5270 sicut
1109 5201 1288 5270 concutitur
1312 5201 1453 5268 triticum

569 5555 673 5612 1Vers.
693 5557 735 5610 st.
755 5583 788 5594 —
809 5555 924 5610 Subinde
944 5557 1071 5624 allegatur
1089 5561 1158 5612 ioan.
1178 5561 1226 5624 l2,
1247 5561 1292 5624 263
1313 5561 1370 5614 Vat.
1390 5573 1451 5612 cum

497 5645 608 5712 Vulgata
628 5645 721 5700 omittit
739 5643 786 5714 qni
804 5647 843 5698 est
860 5645 890 5698 in
908 5643 1007 5714 coetu·
1025 5649 1071 5700 ch.
1089 5641 1206 5698 breviar.
1224 5647 1336 5702 Roman.
1351 5647 1451 5714 antiph.

498 5735 523 5788 d.
540 5735 576 5788 ad
593 5735 697 5788 Laudes
713 5747 763 5802 pro
781 5731 921 5788 Communi
940 5735 1017 5788 unius
1035 5735 1162 5802 Martyris.

510 5819 514 5826 '
567 5821 722 5890 ²Vntgata:
742 5821 786 5878 Ait
804 5825 895 5878 autern
913 5823 1062 5880 Dominus:
1082 5823 1185 5892 Sinon,
1205 5825 1299 5880 Sinon
1319 5831 1382 5898 etc.;
1403 5829 1451 5880 ch.

497 5929 576 5982 supra
594 5929 657 5982 pag.
676 5915 742 5988 550,
761 5917 822 5966 nota
842 5913 866 5966 l.

567 6005 664 6058 evide
683 6017 762 6070 supra
781 6017 844 6068 pag.
862 6001 912 6068 95,
931 6007 1021 6056 notam
1040 6005 1065 6056 9.

567 6091 672 6148 ⁵Vers.
691 6093 733 6148 hl.
752 6105 807 6158 seq.

567 6179 654 6236 6νεῖ.
669 6179 948 6254 praenuntiationem.
964 6209 1002 6220 -
1019 6183 1109 6236 Glossa
1137 6179 1280 6236 ordinario
1309 6181 1349 6250 (ex
1368 6179 1450 6252 Beda)

497 6273 522 6326 in
539 6275 603 6328 Luc.
625 6275 674 6338 22,
695 6275 722 6326 Sl
738 6291 744 6326 ε
758 6271 795 6324 Νθ
809 6271 953 6338 glorientur
971 6271 1113 6326 duodecim
1134 6269 1228 6340 [Reda:
1241 6273 1365 6326 undecim
1384 6273 1452 6336 Apo·

497 6363 579 6434 stoli],
599 6363 672 6430 quod
691 6363 736 6416 soli
756 6359 789 6414 de
808 6365 845 6412 tot
863 6359 978 6410 millibus
998 6373 1059 6410 cnm
1077 6359 1191 6412 Domino
1218 6359 1245 6410 in
1264 6357 1449 6414 tentationibus

495 6453 670 6518 permansisse
690 6453 851 6512 dicerentur,
871 6449 995 6500 admonet
1013 6461 1074 6512 eos,
1091 6449 1186 6500 eadem
1204 6449 1317 6512 procella
1334 6447 1452 6512 potuisse

495 6543 608 6606 conteri,
626 6543 677 6596 uisi
695 6541 783 6596 divina
801 6539 885 6602 gratia
902 6539 1013 6592 luissent
1029 6537 1148 6602 protecti.
1433 6527 1435 6532 ’

567 6629 577 6660 ⁷
596 6631 671 6686 Vers.
693 6629 734 6682 tt.
754 6631 778 6680 θῖ
797 6627 838 6678 ῖ8.

567 6719 578 6750 ⁸
596 6721 671 6774 Vers.
693 6715 771 6774 t.'-
790 6713 916 6778 Superius
935 6727 983 6780 pro
997 6711 1099 6768 hostilis
1113 6713 1163 6766 CD
1177 6711 1269 6766 hosts.

566 6805 672 6862 9ε’θεε.
691 6809 715 6860 6.
733 6833 770 6848 --
788 6803 914 6866 Superius
933 6807 993 6866 post
1011 6803 1064 6854 Iste
1081 6799 1163 6854 CDG
1182 6799 1304 6852 omittunt
1322 6801 1422 6852 autern.

568 6891 590 6924 ²⁰
608 6895 709 6950 Scilicet
725 6887 870 6948 ordinario
889 6887 931 6956 (ex
950 6887 1029 6954 Beda)
1049 6887 1076 6938 in
1094 6887 1156 6938 Luc.
1176 6887 1224 6948 22,
1250 6887 1293 6938 3l.
1313 6887 1362 6938 Pro
1381 6883 1452 6938 docc-

1164 5911 1176 5942 ³
1195 5913 1245 5968 Ctr.
1265 5929 1344 5982 snpra
1363 5931 1389 5968 n.
1407 5915 1451 5968 34.

966 645 967 648 ,
1073 581 1266 650 COMMENT.
1291 581 1590 652 tlt'svlrtcsnttttt
1611 583 1729 650 thone
1751 585 1785 650 C.
1808 587 1897 652 XXII.

1511 759 1543 824 in
1566 755 1698 836 cribro,
1723 759 1812 844 quia,
1840 761 1920 828 sicut
1943 761 2099 842 triticum,
2123 761 2200 828 dom
2223 759 2394 838 cribratur,
2410 779 2467 828 ex-

1511 867 1684 948 purgatur,
1711 865 1754 932 sic
1778 868 1808 931 et
1833 865 1893 932 viri
1916 867 2014 932 saneti
2037 865 2070 930 in
2094 863 2360 934 tribulationibus.
2381 865 2468 932 Unde

1511 967 1617 1034 Glossa
1631 969 1674 1034 ¹⁰:
1705 995 1720 1028 t
1736 969 1814 1034 Cum
1833 975 1956 1036 satanas
1970 971 2091 1054 expetit
2105 977 2228 1036 tentare
2243 977 2292 1050 et,
2308 969 2396 1036 velut
2411 971 2466 1058 qui

1511 1073 1653 1140 triticum
1679 1069 1801 1160 ‘purgat
1841 1073 2037 1154 ventilando,
2078 1081 2263 1154 concutere,
2296 1075 2466 1158 docemur,

1511 1177 1631 1244 nullius
1655 1177 1747 1248 iidem
1772 1199 1789 1244 a
1811 1179 1953 1260 diabolo,
1976 1179 2036 1246 nisi
2060 1179 2262 1264 permittente
2285 1181 2358 1260 Deo,
2376 1199 2467 1266 posse

1511 1283 1668 1352 tentari».
1693 1287 1780 1352 Sicut
1801 1291 1925 1362 autem,
1951 1301 2024 1352 cum
2046 1283 2207 1352 cribratur
2222 1283 2372 1364 triticum,
2390 1285 2468 1352 nihil

1514 1397 1655 1456 remanet
1669 1389 1702 1456 in
1718 1407 1754 1456 eo
1772 1389 1830 1456 nisi
1846 1387 1965 1474 pulvis;
1988 1389 2034 1456 sic
2056 1389 2201 1456 diabolus
2222 1405 2284 1456 non
2309 1391 2391 1474 capit
2405 1391 2466 1460 nisi

1514 1511 1696 1580 perversos;
1723 1493 1924 1562 Ecclesiastici
1950 1493 2098 1580 vigesimo
2126 1495 2258 1580 septimo
2271 1497 2320 1562 11:
2349 1497 2469 1564 «Sicut

1513 1601 1545 1666 in
1568 1619 1761 1684 percussura
1783 1599 1878 1668 cribri
1904 1599 2077 1668 remanebit
2093 1601 2213 1686 pulvis,
2228 1601 2274 1670 sic
2287 1603 2397 1688 aporia
2411 1603 2468 1670 ho-

1514 1705 1606 1772 minis
1628 1707 1661 1772 in
1685 1707 1824 1792 cogitatu
1846 1707 1929 1774 illius
1946 1733 1976 1772 ».
2001 1709 2034 1772 ln
2066 1707 2126 1772 hoc
2150 1709 2232 1774 enim
2268 1709 2372 1778 cribro
2396 1711 2467 1778 mali

1514 1829 1577 1879 non
1599 1817 1794 1898 purgantur3
1820 1813 1910 1880 hmos
1931 1811 2061 1878 ultimo:
2091 1811 2304 1880 «concutiam
2338 1815 2466 1882 domum

1515 1919 1623 2000 lsrael,
1649 1917 1730 1986 sicut
1757 1919 1935 1988 concutitur
1971 1917 2110 1986 triticum
2142 1919 2172 1984 in
2206 1919 2328 2000 cribro,
2351 1925 2384 1988 et
2405 1937 2467 1988 non

1516 2027 1603 2096 cadet
1625 2045 1668 2092 ex
1691 2043 1728 2092 eo
1751 2025 1877 2110 lapillus
1900 2043 1995 2110 super
2021 2031 2186 2092 terram».

1603 2131 1657 2198 ta.
1681 2131 1782 2218 (Pers.
1807 2129 1884 2208 32.).
1910 2129 2051 2198 Secundo
2076 2136 2228 2216 quantum
2253 2129 2290 2198 ad
2315 2129 2466 2198 ostensio·
2482 2147 2634 2246 ⁰{gglffiglt

1515 2257 1589 2306 nern
1611 2233 1811 2324 defensionis
1827 2237 1985 2326 adiungit:
2008 2239 2073 2324 Epo
2089 2245 2200 2306 nutent
2215 2237 2336 2332 ropovi
2345 2255 2410 2322 pro
2428 2243 2466 2318 te,
2606 2229 2612 2244 '

1515 2351 1551 2412 εῖ
1574 2363 1641 2412 non
1663 2345 1794 2432 deficiat
1815 2345 1898 2432 sides
1920 2355 1989 2414 tun.
2016 2345 2069 2412 Hic
2085 2345 2207 2432 rogavit
2222 2343 2390 2424 DominuS,
2404 2361 2469 2412 nou

1515 2459 1550 2520 ut
1574 2453 1684 2520 Petrus
1708 2453 1945 2534 concederet,
1969 2453 2024 2522 sed
2045 2459 2083 2520 ut
2104 2453 2171 2520 ndn
2195 2449 2359 2538 desineret,
2385 2449 2468 2536 quia,

1516 2559 1659 2644 quamvis
1682 2559 1846 2638 ceciderit,
1870 2559 2067 2638 resurrexit,
2090 2559 2265 2626 secuudum
2281 2557 2364 2624 illud
2388 2555 2469 2624 infra

1517 2663 1622 2730 eodem
1639 2663 1681 2726 ¹2:
1697 2687 1713 2720 ε
1724 2663 1902 2728 Conversus
1913 2663 2076 2742 Dominus,
2090 2663 2229 2746 respexit
2243 2663 2367 2728 Petrum
2380 2687 2394 2720 ε
2407 2667 2466 2728 θῖθ.

1515 2765 1571 2832 Vel
1594 2771 1696 2850 potest
1719 2765 1795 2832 illud
1820 2765 1932 2834 referri
1956 2767 1994 2832 ad
2019 2765 2199 2834 Ecclesium.
2214 2765 2323 2844 Petri,
2339 2783 2398 2850 pro
2413 2783 2468 2832 cu·
2488 2781 2565 2826 ariter.

1516 2871 1565 2938 ius
1588 2871 1650 2938 fide
1685 2869 1806 2954 rogavit
1837 2871 2006 2950 Dominus,
2030 2871 2203 2938 secundum
2236 2867 2316 2936 illud
2347 2868 2469 2940 Ioannis

1516 2975 1636 3042 decimo
1658 2975 1790 3060 septimo
1802 2977 1847 3040 1³:
1878 3003 1894 3036 <c
1909 2977 1975 3044 Non
1999 2993 2057 3062 pro
2081 2975 2126 3044 eis
2148 2993 2223 3062 rogo
2249 2981 2390 3056 tannim,
2414 2977 2468 3044 sed

1517 3087 1545 3148 et
1569 3099 1628 3168 pro
1652 3081 1697 3148 eis
1720 3083 1775 3168 qui
1797 3083 1950 3150 credituri
1972 3089 2046 3150 suot
2063 3101 2119 3168 per
2143 3083 2275 3150 verbum
2301 3099 2410 3148 eorum
2435 3081 2467 3150 in

1517 3203 1566 3254 me
1583 3215 1611 3252 ».
1640 3189 1673 3254 Et
1698 3189 1775 3254 haec
1806 3187 1959 3268 Ecclesia,
1981 3207 2064 3274 qnae
2093 3189 2275 3274 designatur
2306 3203 2363 3272 per
2387 3189 2468 3258 Petri

1517 3293 1710 3374 naviculam,
1733 3295 1806 3362 licet
1823 3293 2037 3374 concutiatur,
2055 3299 2155 3362 lamen
2173 3313 2235 3362 non
2253 3293 2466 3380 naufragatur.

1517 3399 1578 3466 Hoc
1600 3399 1683 3466 enim
1708 3399 1811 3484 posuit
1834 3401 1917 3466 Deris
1941 3399 1973 3466 in
1996 3401 2048 3466 illa
2072 3401 2206 3470 Ecclesia
2233 3399 2272 3468 ad
2303 3399 2469 3466 confirma-

1518 3505 1633 3572 tionem
1667 3505 1971 3574 aliarum-—1den
2003 3507 2103 3574 addit:
2141 3509 2183 3574 Et
2216 3515 2253 3574 tn
2285 3503 2467 3592 uiipncndo
2490 3519 2622 3570 controv

1517 3631 1713 3692 conuersus,
1745 3611 1906 3698 eonsirncn
1937 3611 2066 3700 fratres
2088 3621 2178 3694 tuos;
2202 3613 2292 3700 quia,
2318 3611 2398 3680 sicut
2421 3611 2467 3680 di·
2483 3573 2561 3668 Ιῖῖῗῖἶῗῗ
2574 3581 2628 3668 ῖῦτῠῖ

1514 3717 1599 3786 bitur
1622 3719 1660 3786 ad
1685 3715 1837 3786 Romanos
1867 3719 1986 3786 decimo
2011 3719 2179 3806 quint014,
2207 3747 2222 3780 «
2239 3717 2390 3788 debemus
2411 3737 2474 3788 nos
2526 3683 2578 3722 na.

1517 3825 1671 3894 firmiores
1695 3827 1921 3894 imbecillitates
1945 3827 2157 3894 infirmorum·
2174 3827 2330 3896 sustinere
2345 3851 2362 3884 ε
2390 3831 2467 3908 eto.;

1517 3939 1546 4000 et
1570 3935 1630 4000 hoc
1652 3939 1701 4000 θεῖ
1721 3933 1919 4014 ordinatum,
1945 3931 2116 4000 secundum
2133 3934 2210 4002 illud
2227 3933 2467 4002 proverbiorum

1517 4037 1637 4106 decimo
1669 4043 1796 4106 octavo:
1826 4039 1983 4120 «Frater,
2015 4041 2071 4126 qui
2103 4039 2271 4106 adiuvatur
2300 4055 2319 4104 a
2351 4037 2467 4120 fratre,

1517 4145 1604 4230 quasi
1631 4145 1738 4214 civitas
1769 4145 1902 4212 firmas.
1929 4145 1974 4210 Ex
2007 4163 2070 4232 quo
2099 4133 2254 4232 apparet,
2271 4145 2355 4228 quod
2380 4143 2468 4210 Chri-

1517 4259 1584 4320 stus
1605 4251 1672 4336 ipse
1697 4253 1815 4318 orando
1838 4255 1870 4318 et
1892 4251 2118 4336 interpellando
2134 4251 2298 4320 confirmat
2314 4249 2469 4336 principa-

1495 4357 1557 4424 lia
1581 4357 1732 4426 Ecclesiae
1756 4357 1905 4424 membra.
1931 4357 2063 4442 Propter
2091 4359 2178 4444 quod
2206 4355 2327 4442 primae
2349 4355 2388 4424 ad
2411 4355 2468 4424 Co-

1516 4463 1650 4532 rinthios
1672 4465 1927 4550 decimoquinto
1940 4463 1985 4530 1⁵:
2015 4491 2030 4540 ε
2045 4465 2110 4532 Deo
2130 4471 2235 4532 autem
2256 4463 2389 4550 gratias,
2414 4465 2468 4550 qui

1516 4571 1599 4638 dedit
1621 4571 1711 4642 nobis
1733 4571 1896 4650 victoriam
1919 4587 1976 4658 per
2001 4571 2101 4638 lesum
2126 4571 2283 4638 Christum
2301 4569 2469 4636 Dominum

1517 4685 1704 4760 nostrum»;
1727 4685 1761 4746 et
1793 4677 1912 4762 primae
1944 4677 2025 4742 Petri
2060 4677 2188 4744 ultimo:
2217 4703 2234 4736 <c
2249 4677 2332 4742 Deus
2363 4681 2467 4744 autem

1516 4783 1616 4852 omnis
1640 4783 1775 4870 gratiae,
1799 4783 1854 4868 qui
1887 4781 2008 4848 vocavit
2040 4799 2097 4848 nos
2129 4781 2160 4846 iu
2192 4785 2350 4848 aeternam
2378 4797 2468 4848 suam

1516 4883 1646 4974 gloriam
1669 4887 1702 4952 in
1724 4887 1848 4952 Christo
1872 4887 1958 4964 Iesu,
1982 4885 2139 4952 modicum
2162 4901 2269 4970 passos
2293 4885 2360 4970 ipse
2376 4885 2468 4970 perli-

1516 4993 1589 5072 ciet,
1614 4991 1813 5060 confirmabit
1835 4991 2086 5076 solidabitque».
2114 4991 2173 5058 Sed
2195 5007 2253 5076 per
2285 4991 2468 5078 principalia

1517 5099 1680 5164 confirmat
1703 5097 1842 5176 infirma,
1867 5097 2039 5164 secundum
2064 5097 2141 5164 illud
2164 5099 2202 5164 ad
2227 5099 2380 5166 Romanos
2402 5099 2467 5186 pri-

1516 5219 1567 5270 mo
1580 5201 1625 5268 16:
1653 5201 1835 5270 «Desidere
1859 5201 1965 5270 videre
1997 5219 2069 5282 vos,
2091 5209 2129 5270 ut
2151 5203 2270 5288 aliquid
2304 5205 2467 5292 impartiar

1515 5575 1591 5628 nur,
1604 5561 1709 5616 nulllus
1721 5561 1802 5630 fidene
1817 5561 1861 5630 (ita
1875 5561 1952 5616 etiam
1970 5561 2052 5630 Beda)
2067 5563 2154 5618 Glossa
2170 5569 2194 5618 et
2206 5567 2229 5618 H
2243 5563 2362 5632 docetur,
2375 5565 2469 5620 nullus

1516 5647 1551 5720 [H
1570 5649 1642 5702 addit
1658 5647 1767 5720 fidelis}

1586 5735 1608 5768 ¹²
1628 5739 1703 5792 Vens.
1721 5737 1746 5790 5.
1764 5765 1802 5778 -
1820 5737 1941 5806 Sequitur
1958 5739 2039 5792 Amos
2057 5741 2087 5802 9,
2108 5741 2133 5792 9.

1586 5825 1609 5880 ¹2
1629 5827 1703 5880 Pers.
1722 5825 1765 5880 gp,
1784 5855 1821 5868 -
1837 5829 1909 5880 idem
1929 5827 2043 5880 insinuat
2061 5829 2148 5882 Glossa
2167 5827 2309 5884 ordinario
2326 5825 2369 5896 (ex
2385 5825 2466 5894 Beda)

1516 5915 1542 5968 iu
1561 5917 1624 5968 Luc.
1643 5919 1691 5978 22,
1710 5915 1753 5966 32.

1584 6003 1608 6034 ¹³
1628 6005 1702 6058 Vers.
1720 6005 1765 6056 20.
1781 6003 1833 6056 Ctr.
1852 6007 1912 6072 Leo,
1932 6007 2014 6058 serm.
2033 6005 2060 6058 3.
2072 6005 2105 6058 de
2117 6005 2282 6058 assumtione
2300 6017 2346 6056 sna
2361 6003 2392 6056 ad
2406 6017 2468 6068 pon·

1513 6095 1652 6160 tilicalum,
1671 6107 1695 6146 c.
1714 6093 1746 6160 3,
1758 6097 1783 6146 et
1800 6095 1935 6158 bernard,
1952 6093 2046 6146 Contra
2065 6095 2196 6162 quaedam
2213 6091 2325 6158 capitula
2346 6091 2465 6142 errorum

1514 6183 1650 6236 abaelardi
1670 6181 1744 6250 (alias
1760 6183 1839 6248 Epist
1862 6185 1935 6254 t90.)
1952 6185 1980 6236 in
1999 6185 2167 6252 Praelatione.
2181 6209 2214 6222 -
2229 6179 2337 6236 interius
2356 6179 2467 6232 vocibus

1514 6271 1542 6326 in
1562 6269 1682 6326 Ecclesia
1699 6285 1730 6324 ex
1748 6271 1798 6326 AC
1809 6275 1891 6326 DGH
1910 6275 2109 6326 interseruimus
2126 6269 2184 6326 itta.

1585 6359 1608 6390 14
1628 6361 1710 6432 Vens.
1722 6361 1749 6412 l.
1766 6367 1791 6414 θῖ
1811 6361 1903 6416 deinde
1923 6365 2000 6416 Prov.
2019 6363 2063 6426 t8,
2081 6361 2124 6412 ῖ9.

1586 6447 1609 6478 ²⁵
1628 6449 1704 6502 Vere.
1722 6449 1770 6512 57,
1790 6455 1849 6516 post
1868 6465 1947 6518 quem
1967 6453 1985 6506 l.
2003 6453 2070 6504 Petr.
2088 6449 2121 6516 5,
2135 6449 2182 6512 to,
2199 6443 2248 6500 ubi
2264 6441 2377 6500 ACDG
2394 6445 2468 6500 Deus

1514 6541 1605 6594 urttenc
1624 6541 1649 6592 et
1665 6539 1797 6594 Donidius
1816 6537 1928 6608 plorioe,
1941 6539 1989 6608 pai
2000 6537 2106 6594 occurit
2116 6549 2166 6590 nos
2180 6533 2207 6590 in
2221 6533 2325 6590 Gltrt'sto
2338 6537 2400 6590 Iesu
2419 6539 2468 6588 ete.

1585 6623 1609 6656 ¹⁶
1628 6625 1702 6680 Vers.
1724 6627 1765 6680 ll.
1784 6641 1839 6692 seq.
1859 6653 1891 6668 -
1913 6625 2028 6680 Subinde
2048 6627 2174 6690 allegator
2187 6623 2232 6676 lob
2250 6621 2280 6690 i,
2297 6623 2366 6676 h-
2378 6623 2467 6678 Glossa

1514 6713 1695 6770 interlinearis
1715 6713 1870 6784 lentiscat:
1889 6717 1971 6770 Ettn
1991 6713 2136 6782 aliquunde
2156 6725 2304 6766 conuersus
2321 6717 2379 6776 otc,
2399 6713 2467 6764 sicot

1515 6815 1566 6866 ego
1584 6803 1686 6854 orando
1703 6805 1728 6854 te
1747 6801 1860 6868 protexi,
1879 6815 1912 6854 ne
1932 6801 2070 6862 deficeres,
2089 6801 2127 6852 sic
2145 6805 2174 6854 tu
2199 6799 2358 6854 infirmiores
2375 6801 2469 6852 tratres

1515 6891 1635 6952 exemplo
1653 6893 1713 6942 luae
1732 6889 1905 6952 poenitentiae
1925 6887 2157 6956 consentaneae
2178 6889 2253 6942 venia
2271 6889 2421 6956 desperent.
