5900 8266
1047 549 1240 616 COlllilENT.
1266 547 1564 618 lauvardiaca
1589 547 1706 616 lucas
1730 547 1761 616 C.
1786 547 1848 614 XV.

307 749 438 794 rasataim.
457 735 562 814 portat
584 725 637 814 qui
664 725 843 812 pudicitiam
867 727 899 794 in
923 725 1070 812 operibus
1094 727 1161 794 suis
1187 731 1301 796 servat.
1333 727 1413 794 llaec
1471 767 1472 770 =

455 833 621 920 pudicitia,
636 833 693 900 etsi
710 841 861 920 appareat
882 833 917 900 in
932 833 1110 918 integritate
1130 835 1250 914 carnis,
1274 833 1413 902 maxime

455 939 597 1006 consistit
619 939 650 1006 in
675 939 853 1026 integritate
873 937 970 1024 lirici,
994 939 1168 1006 moundum
1186 937 1278 1006 :illud
1301 955 1413 1008 secun

455 1045 513 1114 dae
537 1045 575 1112 ad
603 1045 780 1114 Corinthios
807 1045 1015 1112 uuoechuo1:
1047 1045 1239 1132 «Despondi
1270 1063 1325 1112 vos
1356 1045 1411 1112 uni

455 1151 540 1230 viro,
557 1151 708 1238 virginem
730 1159 846 1220 castam
862 1149 1012 1216 exhibere
1029 1149 1155 1218 Christo
1171 1177 1200 1216 a.
1224 1151 1308 1218 Unde
1325 1171 1413 1218 aaa·

455 1257 508 1324 tus
532 1263 578 1326 θεῖ
602 1257 673 1324 fidei
689 1255 903 1342 signaculum,
926 1273 990 1342 quo
1004 1255 1110 1322 anima
1130 1255 1356 1336 subarrhatur,
1374 1263 1413 1326 nt

455 1377 552 1444 opera
572 1361 641 1428 aius
665 1361 807 1446 placeant
829 1359 972 1436 capisam
995 1361 1088 1444 quia,
1112 1359 1151 1426 ad
1174 1361 1329 1428 Hebraeos
1352 1381 1413 1426 un-

454 1465 591 1546 decimo,
619 1469 717 1534 «sine
748 1467 809 1538 fide
839 1465 1029 1550 impossihile
1059 1473 1109 1534 est
1134 1467 1257 1552 placere
1292 1469 1356 1534 lieo
1378 1495 1411 1534 θ.

455 1573 525 1636 ldeo
557 1579 586 1636 ct
617 1571 708 1636 boam
740 1573 837 1656 Agnes
869 1567 1035 1636 dicooavt:
1063 1597 1079 1630 o
1104 1573 1201 1636 lnulo
1232 1571 1304 1638 fidoi
1336 1589 1412 1640 suae

455 1673 659 1740 subarrhavit
682 1693 732 1744 me
748 1703 777 1742 a.
796 1677 882 1744 lunc
906 1679 1010 1744 autem
1026 1679 1140 1744 anulrrs
1166 1683 1212 1744 θεῖ
1229 1675 1263 1744 ia
1289 1697 1411 1758 mana,

455 1777 580 1864 quaudo
605 1781 682 1848 fides
696 1783 817 1852 relucet
844 1783 876 1850 in
903 1781 1213 1870 operatione;qu1a,
1238 1783 1339 1852 Iacchi
1363 1801 1412 1852 se-

455 1883 594 1974 cundoxi,
624 1885 738 1954 «fides
767 1889 833 1956 sine
864 1887 1011 1972 operibus
1043 1893 1293 1956 mortuaest».
1324 1891 1412 1960 Unde

455 1991 747 2062 Glossahmbrosii:
776 1993 912 2062 «Anaia
915 2013 975 2074 aa,
992 1993 1086 2062 idt
1039 1999 1086 2062 ost
1109 1993 1305 2080 signaculum
1322 1997 1410 2078 fidei,

318 2115 438 2212 Ami‘iiffi
455 2119 519 2186 quo
551 2099 714 2184 signantur
738 2101 889 2186 promissa
921 2101 951 2166 in
977 2101 1123 2168 cordibus
1145 2101 1304 2184 fidolium
1337 2103 1412 2170 dote

455 2209 493 2272 ia
514 2225 638 2286 θθθθθθθθ,
664 2203 765 2272 iot
718 2212 765 2272 θεῖ
788 2207 817 2272 in
842 2205 1041 2290 operatione,
1064 2215 1102 2274 ut
1127 2225 1185 2290 per
1208 2225 1304 2294 opera
1333 2207 1412 2276 tides

454 2315 624 2394 clarescat,
645 2317 678 2378 et
699 2327 756 2394 per
779 2311 873 2380 fidem
888 2329 985 2398 opera
1006 2311 1236 2382 confirmentur
1250 2339 1283 2380 a.
1307 2311 1341 2378 ln
1356 2329 1410 2380 cu-

454 2419 505 2486 ius
527 2419 573 2488 rei
590 2415 851 2504 designationem,
874 2417 1000 2484 Genesis
1016 2419 1254 2504 quadragesimo
1271 2417 1410 2504 primoss,

460 2549 477 2582 «
493 2525 564 2590 tulit
585 2525 716 2592 anulum
749 2523 869 2588 Pharao
893 2521 933 2590 de
955 2541 1053 2590 manu
1083 2541 1141 2590 sua
1169 2529 1198 2590 et
1223 2521 1308 2590 dedit
1337 2539 1411 2590 eum

311 2641 437 2740 Dggglgga·
454 2629 488 2696 in
509 2647 607 2698 manu
630 2629 786 2714 loseph».
805 2629 897 2696 —Ei
922 2629 1071 2716 quianon
1097 2629 1231 2708 sufficit,
1253 2629 1339 2714 quod
1355 2629 1410 2694 ali-

455 2735 525 2822 quis
551 2735 588 2802 sit
613 2737 768 2822 pudicus
761 2755 794 2802 m
817 2737 966 2822 operibus
989 2737 1068 2816 suis,
1091 2735 1148 2802 nisi
1166 2733 1259 2802 etiam
1285 2735 1323 2800 sit
1340 2733 1411 2800 ohe-

453 2841 600 2908 ιῖῖθθθθῖ
587 2839 723 2908 cidara
720 2841 786 2920 lis,
810 2843 879 2912 ideo
911 2841 1034 2910 subdit·
1058 2843 1099 2908 Et
1120 2841 1386 2908 calceamenta·
1373 2861 1411 2906 aa

451 2947 551 3032 pedes
569 2947 594 3026 ⁵,
626 2965 682 3032 per
708 2937 1005 3034 promptitudinem
1037 2947 1155 3016 scilicet
1187 2947 1410 3034 obedieutioe;

454 3053 509 3138 qui
526 3053 609 3120 enim
632 3055 788 3122 calceatus
804 3063 851 3122 est
874 3061 1040 3142 promptus
1059 3055 1160 3124 estad
1184 3053 1409 3134 itinerandum,

455 3163 584 3242 propter
609 3157 693 3244 quod
714 3159 753 3226 ad
776 3161 928 3246 Ephesios
950 3167 1058 3230 sexto:
1079 3187 1096 3220 a
1112 3159 1244 3228 Calceati
1268 3159 1362 3244 pedes
1377 3159 1411 3226 in

456 3265 725 3350 praeparationem
757 3265 914 3352 Evangelii
941 3267 1026 3352 pacis
1043 3293 1072 3332 r.
1099 3269 1186 3334 Tunc
1216 3271 1320 3334 autem
1353 3265 1413 3334 ista

454 3369 634 3442 ohedientia
653 3375 699 3436 θεῖ
723 3371 861 3438 maxime
882 3373 1009 3456 placita,
1034 3371 1218 3456 quandofit
1241 3387 1283 3438 ex
1298 3371 1412 3438 affectu

455 3475 560 3554 lilioli;
590 3475 791 3542 Canticorum
823 3475 956 3560 septimo
973 3477 1004 3542 ⁶:
1034 3503 1051 3534 a
1070 3477 1173 3560 Quam
1202 3477 1307 3562 pulcri
1338 3483 1413 3544 sunt

455 3597 582 3664 gressus
608 3579 651 3646 tui
677 3579 706 3646 in
725 3581 955 3660 calceamentis,
980 3581 1044 3646 ntia
1066 3581 1217 3666 principis
1234 3587 1263 3648 »t
1286 3583 1321 3650 Et
1337 3581 1413 3668 quia

455 3685 564 3752 nullus
585 3689 633 3752 θεῖ
656 3685 788 3752 idoneus
811 3685 850 3752 ed
867 3685 1093 3754 transeundum
1121 3705 1194 3754 «ex
1218 3689 1278 3754 hoc
1295 3687 1413 3754 mundo

455 3791 495 3858 ad
524 3791 645 3858 Patrem
660 3791 672 3832 ²
689 3817 720 3870 a,
744 3789 804 3858 nisi
832 3791 886 3876 qui
921 3793 1013 3858 hahet
1037 3793 1315 3878 promptitudinem
1338 3793 1414 3860 obe·

455 3899 604 3978 dientiae;
628 3899 696 3966 ideo
713 3897 746 3964 in
764 3915 822 3966 esu
837 3899 993 3982 paschalis
1007 3899 1078 3984 agni
1103 3899 1179 3966 haec
1193 3899 1290 3966 datur
1311 3899 1413 3964 torma

455 4005 554 4072 Exodi
577 4003 778 4072 duodecimo:
809 4005 939 4072 «Renes
963 4009 1083 4072 vestros
1108 4005 1273 4090 accingetis
1298 4011 1326 4072 et
1350 4005 1413 4092 cal·

417 4145 418 4148 ¹
455 4117 617 4178 ceamenta
638 4111 795 4178 habebitis
820 4111 854 4178 in
876 4111 1025 4196 pedibus,
1052 4117 1191 4178 tenentes
1221 4109 1349 4176 baculos
1379 4111 1412 4176 iu

455 4217 621 4296 manibus,
643 4223 676 4282 et
692 4217 860 4282 comedetis
875 4215 1081 4282 festinanter:
1107 4217 1159 4282 Est
1186 4217 1268 4282 enim
1297 4217 1412 4302 phase,

455 4320 489 4388 id
510 4327 569 4418 est
584 4321 738 4390 transitus
758 4321 882 4388 Domini
897 4347 930 4386 ».

526 4721 535 4750 ¹
558 4723 630 4776 l‘crs.
650 4725 677 4776 2.
693 4751 730 4762 -·
749 4723 872 4792 Sequitur
889 4723 969 4776 Hebr.
993 4723 1034 4786 ll,
1054 4725 1078 4774 6.
1091 4723 1191 4776 -Cln
1210 4723 1292 4790 Epist.
1310 4725 1354 4776 36.
1366 4739 1413 4778 εθιι

455 4813 566 4866 Humilia
584 4813 619 4866 de
637 4813 743 4864 duobus
758 4813 819 4866 liliis
832 4813 900 4878 lrrrgi
915 4819 939 4866 el
956 4813 1089 4866 luxurioso
1111 4813 1191 4882 (inter
1204 4827 1284 4878 opera
1298 4813 1413 4882 llieron.)

455 4915 480 4954 c.
500 4903 542 4954 lli.

525 4987 536 5020 2
559 4993 587 5044 Ut
606 4993 714 5044 retertur
728 4991 881 5044 inbreviat.
900 4993 1032 5054 Routano,
1047 5005 1095 5056 pro
1109 4993 1174 5044 lesio
1192 4993 1219 5044 S.
1232 4989 1338 5056 Agnetis
1360 4989 1416 5056 (El.

457 5081 567 5148 lanvvar.)
587 5081 604 5132 l.
624 5079 695 5132 Noct.
713 5083 794 5146 Resp.
813 5081 837 5132 3.
857 5087 882 5134 et
899 5077 1010 5132 habetur
1029 5079 1056 5130 in
1074 5079 1153 5144 Epist.
1175 5083 1197 5132 l.
1217 5095 1248 5134 ex
1265 5077 1415 5132 Ambrosia·

456 5183 550 5222 narum
569 5181 680 5220 nunrero
698 5175 912 5234 segregatarum,
932 5185 956 5220 n.
975 5171 999 5222 3.
1025 5237 1028 5242 1

526 5253 631 5308 ³Vers
657 5259 701 5310 ac.
723 5285 759 5296 -
782 5257 873 5308 Glossa
896 5271 953 5324 seq.
972 5263 1011 5310 θεῖ
1036 5255 1192 5322 ordinaria,
1212 5257 1287 5308 cuius
1310 5255 1413 5308 initium

456 5353 558 5398 larrium
576 5343 711 5398 exhibetur
731 5345 764 5398 ah
783 5343 922 5398 Ambrosio
935 5343 999 5410 (illl.
1011 5345 1037 5398 in
1051 5347 1114 5398 Luc.
1125 5359 1147 5398 c.
1164 5347 1203 5398 ld.
1217 5359 1244 5398 n.
1257 5347 1323 5398 Edi:
1343 5345 1414 5398 Λθιιθ·

458 5433 502 5488 las
519 5423 642 5500 quidest
661 5435 733 5486 alivrd
756 5435 807 5486 nisi
833 5433 949 5488 sincerae
968 5433 1028 5486 ndei
1049 5435 1211 5498 signaculum
1232 5441 1256 5488 et
1280 5433 1414 5500 expressio

456 5521 617 5588 veritatisi),
635 5527 720 5576 cetera
740 5527 800 5576 sunt
817 5521 918 5590 nedae,
936 5523 978 5576 tv.
998 5523 1021 5572 in
1041 5525 1104 5576 Luc.
1124 5521 1166 5590 lii,
1184 5525 1227 5574 32.

527 5605 633 5662 ‘Vens
652 5611 696 5662 ia.
860 5663 862 5668 χ

527 5693 539 5726 ³
560 5697 617 5750 Vnt.
635 5709 695 5748 curn
714 5697 827 5760 Vulgata
847 5695 921 5748 addit
938 5695 1008 5762 cias,
1028 5697 1100 5764 qnod
1120 5697 1196 5750 etiam
1216 5695 1287 5748 Beda
1306 5697 1413 5762 omitttt;

456 5783 576 5846 Hieron,
602 5783 684 5848 Epist.
707 5785 751 5836 al.
775 5783 847 5842 (alias
873 5781 943 5850 lto.)
968 5799 996 5836 θ.
1018 5783 1061 5836 66.
1085 5789 1112 5836 θῖ
1134 5785 1266 5836 Goaanus
1292 5781 1320 5836 ia
1338 5781 1414 5850 pedi-

373 5909 375 5912 ·
458 5871 576 5926 haseius
595 5871 651 5940 (clr.
672 5885 751 5936 supra
770 5885 831 5938 pag.
853 5871 920 5934 336,
937 5879 999 5924 θθῖθι
1019 5871 1081 5938 ia).
1102 5899 1136 5908 -
1154 5869 1270 5926 Subinde
1289 5871 1414 5936 allegatur

458 5961 522 6028 Eph.
542 5963 572 6028 6,
591 5961 634 6012 lii.

527 6043 633 6100 “Vera
653 6049 680 6100 l.

527 6133 538 6164 ἵ
559 6139 628 6190 Ιοθιι.
648 6135 696 6202 13,
716 6135 741 6188 l.
758 6163 794 6172 -
813 6133 936 6202 Sequitur
953 6133 1035 6186 Exod.
1056 6137 1103 6198 li,
1124 6135 1165 6186 ll.

530 6223 542 6258 ³
560 6225 634 6276 Vera.
650 6223 679 6276 7.
696 6251 732 6262 -
750 6223 837 6274 Glossa
858 6219 1001 6274 praitauria
1020 6221 1177 6282 (secundnm
1193 6223 1309 6286 hieron„
1332 6221 1413 6286 Epist.

458 6313 503 6364 ai.
522 6313 585 6364 alias
606 6313 665 6364 lto.
683 6325 708 6364 n.
728 6309 780 6376 25.)
803 6309 872 6376 apud
897 6311 1028 6374 lpranum
1050 6309 1075 6360 in
1094 6313 1155 6362 Luc.
1177 6309 1224 6370 ta,
1244 6311 1292 6374 223
1310 6309 1346 6362 Et
1363 6309 1414 6362 cni·

458 6401 610 6462 ceuraeato,
632 6411 663 6450 ae
685 6395 933 6464 coluber'iuvadat‚
950 6403 980 6448 ut
998 6409 1078 6460 super
1096 6397 1248 6460 scorpiones
1267 6401 1323 6458 eet,
1341 6403 1371 6448 ut
1388 6397 1414 6448 ei

458 6487 597 6538 conveniat
625 6485 684 6554 [lsai
710 6485 759 6550 52,
785 6483 840 6554 7.]:
872 6483 959 6550 Qaaa
988 6481 1101 6550 speciosi
1122 6481 1201 6552 pedes
1230 6481 1415 6550 ecuapctisoa·

458 6571 526 6624 tiara
545 6579 593 6624 etc.
1072 6601 1073 6604 =

528 6655 540 6686 ⁰
560 6659 630 6714 tibr.
650 6661 693 6714 lV.
710 6661 740 6712 in
758 6663 820 6714 Luc.
839 6663 888 6726 lo,
908 6663 955 6724 223
980 6661 1107 6714 sententia
1125 6659 1182 6712 eius
1203 6659 1340 6712 exhibetur
1359 6673 1416 6712 ver·

459 6745 502 6802 bis
518 6749 625 6802 Glossae
642 6747 800 6818 ordinariae
818 6751 843 6802 in
855 6773 856 6776 ¹
870 6751 933 6802 Luc.
951 6749 999 6814 l5,
1024 6751 1072 6816 22,
1100 6749 1126 6802 in
1143 6763 1196 6814 qua
1219 6761 1267 6814 pro
1290 6747 1415 6818 caeraplu

455 6833 584 6900 mierum
614 6839 702 6904 piures
731 6839 810 6892 codd.
836 6837 959 6910 camapio
989 6837 1128 6908 prioratu.
1158 6841 1217 6892 Vct.
1248 6851 1303 6892 non
1331 6837 1414 6892 verba

1463 2839 1632 2906 vestiendo
1656 2839 1790 2908 nudum
1800 2839 1947 2906 subditur
1977 2839 2031 2912 hic
2058 2839 2330 2906 misericordia
2315 2857 2352 2904 aa
2378 2857 2428 2904 re
2486 2861 2539 2904 aaa.

2367 565 2432 632 397

1564 729 1616 796 39.
1643 729 1677 796 Et
1701 729 1779 796 ῖιθθθ
1811 727 1986 796 obedientia
2010 729 2159 798 maxime
2192 733 2367 818 requiritur
2399 737 2428 802 iu
2450 757 2596 850 materiata

1473 801 1765 922 praedicatoribus
1781 835 1925 918 exemplo
1940 833 2053 902 Christi
2072 835 2430 916 etSanctorum31saiae
2449 805 2561 904 oriaff³¹
2502 811 2597 856 ”’””

1476 941 1735 1026 quinquagesimo
1757 939 1933 1008 secundo⁸:
1964 939 2096 1024 «Quam
2111 939 2214 1024 pulcri
2231 957 2328 1024 super
2342 959 2430 1006 mon-

1476 1051 1523 1114 tes
1546 1045 1641 1131 pedes
1652 1057 1653 1060 ’
1663 1045 1875 1114 annuntiantis
1892 1051 1922 1114 et
1937 1043 2147 1132 praedicantis
2162 1061 2270 1130 pacem
2280 1095 2292 1124 ,g
2307 1063 2430 1112 aunuu-

1476 1151 1581 1220 tiantis
1605 1151 1753 1232 salutern,
1779 1153 1910 1222 dicentis
1930 1153 2022 1220 Sion:
2046 1147 2197 1234 Ragnahit
2231 1147 2383 1216 Dominus
2399 1153 2427 1216 »t

1475 1255 1560 1322 Unde
1584 1255 1709 1324 Beda⁹r
1730 1283 1745 1314 «
1764 1257 1992 1324 Coicenmcata
2008 1255 2173 1342 iapudes,
2199 1253 2229 1320 id
2252 1259 2299 1320 θεῖ
2322 1273 2430 1320 exem-

1476 1361 1527 1448 pla
1549 1361 1691 1446 priorum
1726 1363 1848 1432 munile
1884 1363 1915 1432 in
1950 1363 2052 1432 ollicio
2087 1359 2304 1450 praedicandi,
2330 1363 2365 1426 ut
2400 1365 2429 1428 θῖ

1475 1483 1554 1552 opus
1577 1467 1646 1536 eius
1668 1467 1746 1534 bene
1770 1467 1903 1534 vivendo
1924 1475 2056 1536 ornetur
2073 1473 2104 1534 θῖ
2119 1483 2233 1534 θθιεθε
2249 1465 2288 1532 ad
2302 1469 2444 1532 aeterna

1475 1573 1690 1658 praeparando
1707 1601 1737 1640 a.
1762 1573 1851 1642 Unde
1870 1575 1945 1660 quia
1969 1573 2176 1642 calceamenta
2201 1575 2282 1642 frurrt
2303 1573 2343 1638 de
2364 1573 2430 1656 pel-

1476 1679 1557 1746 libus
1580 1679 1762 1748 animalium
1787 1687 1986 1748 mortuorum
2001 1687 2034 1748 et
2055 1699 2112 1766 per
2129 1683 2188 1750 hoc
2205 1687 2338 1768 possunt
2351 1677 2430 1748 desi-

1475 1801 1569 1870 gnare
1602 1785 1748 1870 aaaaptc
1778 1793 1935 1870 potrum,
1973 1785 2052 1852 siout
2091 1787 2156 1864 hic
2176 1785 2252 1854 dicit
2285 1785 2372 1858 Beda,
2398 1783 2430 1852 in

1475 1889 1581 1956 Glossa
1595 1891 1634 1968 ¹⁰;
1661 1889 1729 1956 ideo
1751 1889 1878 1970 dicitur,
1904 1891 1986 1974 quod
2013 1891 2134 1956 deatar
2161 1891 2196 1958 ia
2220 1891 2327 1978 pedes.
2351 1891 2430 1974 Quia

1475 1993 1637 2080 designare
1662 1999 1799 2080 possunt
1823 1999 2016 2060 uetustatem
2043 1997 2182 2080 peccati,
2216 1995 2284 2064 ideo
2314 1995 2430 2064 dicitur

1475 2099 1567 2186 lloyst
1587 2099 1682 2167 Exodi
1701 2101 1848 2168 tertioll:
1877 2125 1893 2158 «
1910 2099 1994 2165 Tolle
2018 2099 2263 2166 calceamentum
2285 2101 2323 2166 de
2346 2101 2430 2184 pedi-

1475 2205 1535 2274 bus
1556 2205 1620 2272 tuis
1636 2229 1668 2284 »;
1690 2213 1724 2272 θῖ
1744 2223 1844 2290 supra
1864 2203 2002 2272 decimo:
2033 2203 2164 2270 «Nolite
2186 2209 2313 2288 portare
2330 2225 2430 2290 neque

1474 2311 1634 2378 sacculum
1659 2329 1761 2398 neque
1783 2311 1989 2380 calceamenta
2004 2335 2037 2374 a.
2060 2309 2148 2376 Unde
2171 2325 2268 2394 supra
2281 2311 2305 2348 a
2330 2311 2430 2396 loqui·
2505 2349 2508 2354 -

1475 2425 1527 2484 tur
1549 2417 1589 2484 de
1612 2417 1830 2486 calceamentis
1853 2415 2282 2536 sermocinationibus
2305 2431 2415 2500 pera
2385 2417 2430 2500 oi-

1473 2525 1546 2590 atili
1546 2525 1691 2590 tadiaera
1713 2521 1844 2610 parabo
1846 2523 1954 2590 licant.
2541 2581 2543 2584 .

1560 2629 1614 2694 td.
1640 2627 1740 2710 (Vers.
1766 2629 1911 2714 aab)
1898 2629 2197 2710 taddaciteoita
2162 2629 2270 2696 hilara
2291 2627 2428 2716 supina·
2462 2647 2580 2712 napuras

1475 2743 1554 2802 t.ara
1579 2737 1652 2802 Post
1673 2733 1951 2804 misericordiam
1942 2755 1975 2802 ιθ
1998 2733 2196 2820 suscipiendo
2214 2735 2374 2820 indiguum
2399 2741 2428 2800 θῖ
2447 2701 2596 2800 ῗὲῗέἶέιῖῗέῗῖῗ

2468 2809 2568 2850 melicum

1473 2943 1611 3032 picicado
1632 2943 1875 3032 s'oraelrcaac.13
1904 2947 1935 3010 El
1952 2947 2012 3012 hoo
2030 2951 2113 3010 recto
2129 2943 2253 3024 ordine,
2272 2943 2346 3030 quia
2358 2951 2430 3028 post

1475 3049 1688 3118 remissionem
1721 3051 1886 3136 culparum
1917 3055 1947 3118 et
1979 3049 2175 3118 vestitionem
2192 3049 2357 3118 ¹virtutum
2381 3069 2442 3128 εθ,

1476 3157 1587 3244 quitur
1610 3157 1805 3224 diuiaurara
1829 3157 1994 3224 oblectatio
2020 3155 2235 3236 deliciorum,
2252 3175 2334 3242 quae
2356 3175 2429 3236 con·

1475 3261 1575 3350 surgit
1600 3281 1641 3332 ex
1665 3263 1782 3348 duplici
1804 3263 2067 3342 consideratione,
2094 3263 2211 3330 scilicet
2233 3281 2276 3328 ex
2291 3261 2430 3330 conside-

1475 3389 1509 3436 ra
1512 3371 1596 3436 tione
1619 3369 1803 3438 Sulcatoris
1826 3369 1934 3436 riustri
1956 3375 1986 3436 et
2010 3367 2154 3436 tiomtats
2123 3367 2305 3436 vsulooti.

1562 3475 1667 3542 Primo
1688 3475 1786 3562 igilur
1808 3483 1964 3562 quantum
1989 3475 2030 3542 ad
2049 3475 2249 3542 considerati
2236 3495 2342 3542 tonora
2358 3455 2429 3544 Sot—
2448 3495 2597 3592 Piiiiaii⁰

1475 3579 1602 3646 caloris
1622 3583 1732 3648 nostri
1751 3579 1866 3648 Christi
1898 3581 1989 3648 dicit:
2015 3579 2176 3646 Addaeitc
2199 3579 2342 3646 occatum
2374 3601 2429 3648 sa·
2461 3601 2586 3646 silvanus

1474 3685 1569 3772 piant
1571 3705 1629 3754 aaa
1665 3693 1692 3752 et
1728 3685 1869 3754 occidiet.
1910 3685 2112 3754 Vitalast
2071 3691 2130 3754 rste
2169 3705 2244 3772 supa
2240 3685 2347 3752 ’ῖιθθιιθ
2382 3693 2549 3758 estepanis,
2564 3707 2597 3750 a.

2438 3763 2495 3806 tulus
2511 3761 2596 3814 sagina·
2613 3793 2614 3796 .

1476 3793 1579 3858 Christ
1567 3799 1619 3860 tus
1642 3811 1699 3878 pro
1724 3793 1812 3860 nobis
1835 3793 1976 3874 θθθίειιε,
1999 3793 2053 3881 qui
2077 3793 2190 3860 nobis
2182 3811 2215 3858 ιθ
2230 3793 2412 3874 sacrament
2399 3801 2481 3862 taius

1475 3899 1517 3964 alt
1505 3899 1596 3966 laris
1613 3899 1800 3984 proponitur
1831 3901 1863 3966 in
1895 3901 2001 3968 cibum
2033 3899 2262 3966 suavissimum.
2288 3899 2431 3968 Christus

1476 4011 1579 4072 autem
1615 4005 1732 4072 dicitur
1760 4005 1907 4086 citatas,
1930 4009 2004 4092 quia
2040 4025 2099 4090 pro
2127 4005 2264 4090 peccatis
2291 4005 2429 4086 oblatus;

1476 4111 1601 4178 levitici
1619 4111 1720 4196 primo
1733 4113 1776 4178 14:
1799 4111 1999 4180 «immolabit
2015 4111 2150 4178 vitulum
2168 4129 2271 4178 coram
2289 4111 2430 4192 Domino,

1475 4225 1505 4282 et
1529 4217 1663 4284 olierent
1691 4217 1746 4284 lilii
1783 4219 1883 4284 Aaron
1919 4217 2095 4284 sacerdotes
2128 4217 2312 4304 sanguinem
2345 4217 2430 4300 aius,

1475 4321 1640 4390 inridentes
1664 4341 1722 4408 per
1742 4323 1851 4390 altaris
1866 4323 2050 4402 circuitum,
2066 4323 2153 4408 quod
2168 4329 2216 4392 θεῖ
2230 4333 2300 4392 θιιιθ
2315 4325 2431 4394 ostium

1479 4725 1599 4792 Glossae,
1618 4725 1664 4776 sed
1682 4723 1764 4788 ipsius
1785 4707 1870 4776 Bedae
1889 4723 1971 4774 altert.
1988 4723 2107 4786 drogon,
2125 4723 2245 4778 XXXlV.
2260 4725 2349 4776 bloral.
2366 4737 2390 4776 c.
2407 4723 2431 4776 3.

1478 4827 1503 4864 n.
1524 4805 1570 4864 ln:
1590 4813 1800 4866 calceamentum
1818 4813 1920 4878 quippe
1937 4811 1965 4862 in
1979 4811 2110 4876 Scriptura
2122 4825 2196 4864 sacra
2211 4813 2344 4864 munimen
2357 4827 2433 4878 prae-

1479 4903 1614 4954 dicationis
1631 4901 1772 4966 accipitur,
1792 4899 1859 4952 sicut
1875 4901 2001 4964 scriptum
2022 4905 2060 4952 est
2073 4897 2153 4970 [Eph.
2171 4901 2202 4964 6,
2223 4899 2292 4970 ld.]:
2312 4901 2430 4954 catceati

1478 4987 1556 5058 pedes
1574 4987 1604 5044 ia
1617 4987 1830 5058 praeparatione
1850 4987 1992 5056 Evangelii
2009 4985 2097 5056 pacis.
2114 4987 2166 5042 Cir.
2185 4989 2316 5056 ambros,
2336 4991 2387 5042 Vll.
2407 4989 2432 5042 iu
2506 5043 2507 5046 ,

1479 5081 1540 5132 Luc.
1554 5095 1576 5132 c.
1592 5081 1633 5134 t5.
1655 5095 1682 5132 n.
1701 5079 1761 5146 ael,
1781 5081 1942 5144 alalagma,
1964 5077 1991 5130 ll.
2009 5079 2059 5146 Qq.
2078 5079 2240 5144 Evangcllor.
2260 5095 2288 5146 q.
2306 5079 2349 5132 33.
2361 5095 2387 5132 θ.
2408 5081 2433 5132 6.

1550 5163 1572 5196 ¹⁰
1592 5167 1660 5220 Vide
1678 5173 1765 5220 notam
1788 5167 1996 5232 praecedentem.
2014 5169 2131 5230 drogon,
2146 5169 2173 5218 ll.
2186 5167 2280 5220 Hamil.
2292 5167 2318 5220 in
2332 5169 2431 5232 Evang.

1480 5257 1568 5308 homil.
1587 5257 1629 5308 aa.
1649 5271 1674 5308 n.
1693 5257 1724 5308 9:
1738 5257 1806 5322 Quid
1818 5261 1878 5308 sunt
1891 5255 1959 5308 enim
1976 5253 2057 5324 pedes
2075 5257 2157 5308 nostri
2175 5255 2224 5308 nisi
2242 5259 2343 5320 operat
2362 5257 2432 5320 Quid

1478 5359 1543 5398 vrero
1570 5345 1750 5398 cu-lccuaaeata
1775 5343 1823 5396 nisi
1847 5345 1926 5410 pelles
1945 5349 2111 5398 mortuorum
2132 5343 2304 5396 animalium?
2327 5343 2433 5398 Calcea-

1479 5439 1565 5486 ιθθιιῖιι
1577 5437 1666 5486 θθῖθιιι
1685 5435 1767 5498 pedes
1787 5433 1917 5486 muniunt.
1934 5431 2006 5498 Quae
2025 5445 2089 5484 vero
2108 5437 2169 5484 sunt
2180 5437 2283 5486 mortua
2300 5431 2432 5494 animalia,

1478 5537 1507 5576 ex
1520 5535 1635 5590 quorum
1655 5521 1766 5588 pellibus
1780 5521 1861 5574 nostri
1874 5521 2028 5574 muniuntur
2046 5521 2142 5586 pedes,
2156 5521 2205 5572 nisi
2219 5519 2315 5588 antiqui
2336 5523 2431 5584 Ρθῖιθε,

1478 5611 1524 5676 qni
1553 5623 1601 5662 uos
1625 5611 1659 5662 ad
1685 5617 1816 5662 aeternam
1847 5611 1960 5676 patriam
1983 5611 2197 5674 praecesserunt?
2227 5611 2429 5674 Quorumdam

1479 5699 1596 5764 exempla
1608 5697 1793 5764 conspicimus,
1805 5697 1884 5750 nostri
1898 5699 1986 5764 operis
1997 5699 2081 5762 pedes
2091 5701 2233 5752 monimus.
2247 5695 2432 5752 Cniceoraeato

1478 5785 1557 5850 igitur
1575 5785 1602 5836 in
1628 5783 1738 5852 pedibus
1761 5783 1860 5838 trahere
1883 5791 1923 5838 θεῖ
1946 5785 2220 5838 mortuorumvitam
2238 5785 2388 5850 conspicere
2408 5791 2432 5838 θῖ

1479 5879 1565 5930 θοεῖθθι
1585 5873 1694 5938 vestigia
1719 5887 1733 5924 a
1757 5875 1860 5938 peccati
1885 5875 1994 5926 rulnere
2021 5875 2162 5928 custodire.
2179 5903 2215 5914 -
2234 5875 2358 5938 Superius
2382 5889 2432 5938 pro

1479 5959 1620 6028 desipuere
1637 5959 1749 6014 llCEll
1767 5959 1915 6028 designari,
1933 5967 1959 6014 et
1971 5961 2082 6016 subinde
2101 5969 2160 6016 ante
2174 5965 2289 6030 patrata
2307 5963 2367 6014 Vel.
2384 5977 2434 6026 po-

1479 6049 1515 6100 uit
1533 6045 1668 6120 prioraac.

1550 6129 1570 6160 ²¹
1592 6133 1668 6184 Vcrs.
1685 6133 1709 6184 5.
1730 6139 1754 6184 θῖ
1781 6137 1844 6186 Ι.ιιθ.
1872 6135 1922 6200 tu,
1949 6133 1980 6198 l,
1998 6149 2079 6200 quern
2103 6137 2211 6200 Gregor.
2237 6133 2265 6198 (l.
2285 6133 2378 6190 Homil.
2408 6135 2430 6194 ip

1479 6223 1578 6286 Evang.
1598 6221 1688 6274 homil.
1707 6223 1749 6274 lt.
1768 6237 1794 6274 n.
1813 6221 1851 6290 5.)
1863 6223 1898 6274 ita
1912 6223 2031 6286 exponit:
2049 6223 2117 6286 Quid
2129 6235 2193 6274 vero
2207 6235 2253 6288 per
2266 6235 2364 6292 para-ra
2382 6223 2431 6274 uisi

1479 6321 1558 6360 onera
1577 6309 1687 6374 saecula
1707 6307 1815 6374 etquid
1834 6311 1882 6362 hoc
1901 6309 1958 6360 loco
1977 6321 2025 6374 per
2044 6307 2224 6366 calceamento
2240 6307 2292 6362 nisi
2318 6313 2432 6364 mortuo·

1479 6411 1539 6448 rum
1558 6409 1671 6460 operum
1697 6399 1816 6460 exempla
1845 6397 1998 6460 signantur?
2016 6425 2053 6436 —
2070 6397 2197 6460 Superius
2222 6395 2334 6448 vooibus
2362 6395 2432 6460 Qat'ct

1480 6481 1622 6550 desipuere
1640 6485 1663 6534 ll
1681 6481 1809 6534 interserit
1837 6481 1934 6550 ethna·
1955 6483 2012 6536 Vat.
2038 6481 2113 6546 tegit:
2131 6481 2202 6536 sicat
2220 6479 2262 6536 hic
2281 6479 2344 6546 dicit
2362 6481 2432 6540 liedc

1479 6571 1507 6624 ia
1528 6569 1633 6628 Glossu.
1655 6569 1725 6638 eria
1743 6585 1806 6624 cero
1824 6571 1953 6626 dauhtar
1973 6569 2037 6624 dari
2053 6569 2080 6624 ia
2096 6569 2185 6640 pedes,
2206 6569 2348 6638 desipuere
2365 6577 2424 6638 etc,¹

1552 6655 1572 6690 ¹²
1592 6659 1656 6724 Cap.
1676 6661 1719 6714 lt.
1737 6675 1760 6712 n.
1782 6663 1806 6714 8.

1551 6745 1573 6778 ¹³
1593 6749 1644 6804 Clr.
1664 6763 1743 6814 snpra
1760 6765 1788 6804 n.
1808 6749 1851 6802 33.

1551 6835 1573 6868 ¹⁴
1593 6841 1670 6916 Vers.
1688 6841 1713 6894 5.
