5900 8266
1094 553 1288 622 delinitur.
1312 555 1350 624 IN
1372 555 1614 626 exauctorati
1632 555 1755 624 'thule
1779 555 1812 624 C.
1837 555 1911 624 XIV.

441 807 442 810 Ἴ
514 733 603 814 dicit,
625 733 700 820 quia
717 739 824 800 contra
841 739 1043 820 praeceptum
1066 733 1107 800 sit
1122 731 1256 800 inritare
1280 739 1384 814 notos,
1401 749 1474 800 cum

515 841 672 906 scribatur
695 839 816 922 primae
840 839 877 906 arl
902 839 1101 904 Timotheum
1127 839 1282 924 quinto1:
1312 865 1329 898 <r
1348 837 1377 906 Si
1402 839 1474 922 quis

515 961 647 1012 suorum
670 953 700 1012 et
725 945 862 1014 maxime
884 943 1129 1012 domesticorum
1153 961 1262 1012 curam
1279 963 1341 1012 non
1364 944 1473 1024 habet,

515 1049 607 1118 fidem
631 1051 756 1138 negarit
780 1059 809 1120 et
833 1057 879 1120 est
903 1051 1021 1118 infideli
1042 1049 1179 1118 deterior
1195 1075 1230 1132 »;
1255 1057 1287 1118 61
1301 1051 1342 1120 de
1362 1051 1474 1136 loseph

515 1153 642 1222 Genesis
658 1157 898 1244 quadragesimo
913 1155 1006 1222 tertio
1031 1157 1194 1236 scribitur,
1213 1155 1296 1242 quod
1311 1155 1385 1224 fecit
1401 1173 1474 1222 ooo·

512 1261 633 1330 uirium
658 1261 808 1330 iratribus
840 1259 922 1348 suis3
947 1261 1001 1328 sed
1025 1261 1086 1330 hcc
1107 1261 1200 1342 dicit,
1224 1263 1299 1348 quia
1323 1263 1418 1330 homo
1441 1261 1473 1330 in

515 1367 696 1436 huiusmodi
719 1361 965 1446 invitationibus,
981 1367 1007 1434 si
1031 1369 1099 1436 6616
1114 1369 1209 1436 vitam
1232 1375 1394 1436 aeternam
1409 1385 1474 1436 me·

515 1473 601 1552 reri,
622 1491 685 1540 non
719 1469 809 1538 debet
833 1471 951 1540 babere
980 1473 1183 1542 intentionem
1214 1473 1389 1552 carnalem,
1419 1473 1474 1540 sed

515 1577 730 1662 spiritualem,
752 1593 814 1642 non
841 1583 1012 1660 terrenam,
1037 1579 1092 1646 sed
1106 1579 1287 1658 caelestem,
1311 1597 1373 1646 non
1391 1597 1474 1646 mer-

515 1681 686 1762 cenariam,
712 1681 765 1750 sed
790 1683 882 1768 piam.

606 1789 658 1854 26.
682 1789 811 1872 Propter
829 1789 914 1876 quod
935 1801 1025 1872 nota,
1048 1789 1133 1876 quod
1150 1797 1196 1858 est
1219 1789 1407 1858 conuiuium
1423 1789 1474 1858 iu·

365 1909 493 2008 ffiffipffl
516 1889 687 1980 differens,
714 1895 945 1982 quodquidam
979 1905 1027 1964 est
1055 1895 1276 1962 familiaritatis
1297 1897 1473 1976 humanae,

492 1993 554 2068 'de
577 2017 641 2086 quo
666 1999 719 2068 lob
747 2003 896 2086 primur:
924 2029 940 2062 6
964 2003 1049 2070 16661
1082 2001 1137 2068 lilii
1160 2001 1229 2068 eius
1258 2007 1290 2068 61
1319 1999 1474 2068 foetebant

516 2107 660 2174 convivia
680 2125 738 2192 per
768 2107 894 2186 domos,
919 2107 1140 2192 uuusquisque
1163 2107 1195 2170 in
1218 2105 1269 2172 die
1292 2125 1350 2176 suo
1368 2131 1402 2174 6.
1430 2143 1472 2156 -

352 2227 437 2304 remex
449 2237 498 2270 eon·
517 2215 553 2280 Et
567 2221 615 2282 est
629 2213 817 2280 coooioiuoo
842 2213 985 2292 muium,
1001 2221 1033 2280 et
1048 2215 1107 2280 hoc
1122 2213 1251 2298 triplex,
1269 2215 1386 2288 seilicet
1402 2233 1473 2282 666-

365 2293 442 2380 Egel
455 2293 499 2324 Μ’
516 2319 602 2398 tom,
621 2319 732 2404 peius,
749 2319 941 2404 pessimum.
968 2319 1106 2384 Primum
1129 2323 1176 2384 est
1190 2317 1472 2406 poetrimcrpice,

515 2425 555 2492 de
577 2443 641 2518 quo
665 2425 702 2492 ad
728 2427 879 2492 Romanos
911 2423 1031 2490 decimo
1053 2423 1185 2490 tertioi:
1223 2425 1325 2490 «Nou
1357 2423 1388 2488 in
1421 2443 1473 2490 co·

515 2531 754 2598 messationibos
772 2535 802 2596 66
817 2529 1053 2596 ebrietatibus»
1080 2535 1154 2608 ete.;
1175 2535 1206 2596 et
1229 2527 1473 2596 proverbiorum

515 2635 667 2722 vigesimo
688 2639 800 2704 tertio:
830 2635 927 2702 «Noli
959 2653 1027 2704 esse
1048 2635 1081 2702 iu
1114 2635 1266 2704 conviviis
1292 2641 1472 2720 potatorum

515 2759 618 2828 neque
642 2743 673 2808 ln
692 2743 972 2812 comessationibus
993 2761 1104 2812 corum
1127 2743 1182 2830 qoi
1208 2759 1317 2810 carnes
1332 2743 1408 2811 dant
1432 2743 1472 2810 ad

515 2847 721 2930 6666666666,
741 2851 825 2936 quia
856 2845 1001 2918 recantes
1032 2851 1159 2934 potibus
1187 2857 1219 2916 et
1247 2849 1358 2916 dantes
1388 2867 1473 2934 6666-

414 2961 416 2964 ’
515 2953 588 3022 6616
604 2947 828 3022 666666666666
846 2981 879 3034 »;
896 2963 929 3024 66
950 2957 1051 3022 iacobi
1067 2957 1196 3040 quinto:
1226 2983 1242 3016 <z
1259 2955 1380 3040 Epulati
1398 2957 1473 3022 estis

480 3113 481 3116 ,
516 3067 752 3146 superterram
776 3067 806 3128 et
828 3061 860 3128 in
884 3061 1025 3130 luxuriis
1040 3063 1182 3128 nutristis
1207 3061 1301 3130 corda
1323 3069 1472 3130 vestra».

515 3203 561 3216 -
575 3167 753 3234 Secundum
779 3174 824 3234 est
849 3169 1047 3248 iactantiae,
1071 3169 1110 3236 de
1133 3187 1197 3254 quo
1222 3169 1357 3236 Danielis
1380 3167 1473 3256 quiu-

516 3273 592 3340 to4:
622 3273 813 3340 6661666666
838 3291 897 3340 rex
926 3273 998 3340 iecit
1022 3275 1138 3358 grande
1166 3275 1346 3342 convivium
1372 3275 1473 3340 onini-

515 3383 576 3452 666
608 3379 809 3464 optimatibus
833 3379 899 3472 sois
916 3407 930 3438 »
960 3385 1037 3460 ete.;
1067 3387 1100 3446 66
1121 3381 1216 3446 166666
1247 3387 1356 3446 sexto:
1386 3381 1475 3450 «He-

515 3485 609 3552 rodes
630 3485 664 3550 in
693 3485 789 3550 natali
818 3503 875 3552 suo
908 3485 1084 3552 conxiriom
1116 3485 1188 3552 iecit
1217 3485 1413 3570 principibus
1442 3493 1474 3556 66

515 3589 653 3658 66666666
677 3595 706 3656 66
731 3589 842 3676 primis
863 3589 1016 3656 Galilaeae
1033 3615 1061 3654 o.
1088 3591 1176 3656 Elin
1201 3589 1302 3676 primo
1331 3591 1474 3658 convivio

515 3691 1131 3774 (1666666666166666666661666666,
1157 3697 1188 3762 in
1217 3695 1354 3762 secundo
1376 3697 1474 3764 inter-

457 3871 458 3874 ,
515 3803 685 3870 6661666661
708 3817 897 3886 praecursor
921 3799 1047 3868 Christi.
1069 3837 1114 3850 --
1138 3801 1280 3868 Tertium
1306 3807 1355 3868 est
1376 3803 1476 3868 6666·-

515 3911 593 3988 6666,
617 3907 655 3974 de
679 3925 741 3994 quc
768 3907 897 3974 secundi
920 3907 1039 3994 Regum
1060 3907 1181 3976 decimo
1209 3907 1326 3974 tertio⁵
1347 3907 1474 3988 dicitur,

515 4015 601 4102 quod
623 4015 765 4082 absalom
791 4015 913 4082 6666666
934 4015 1063 4080 dmmon
1088 4015 1220 4080 fratrem
1235 4033 1329 4080 suum
1347 4015 1385 4080 ad
1402 4033 1475 4084 con-

515 4123 652 4200 ririum,
683 4121 739 4188 ubi
770 4121 926 4206 sequitur,
961 4121 1045 4206 quod
1075 4121 1107 4186 in
1142 4119 1285 4188 convivio
1319 4121 1475 4188 interiecit

515 4245 607 4306 eom;
629 4233 661 4294 et
683 4225 776 4312 primi
807 4227 1065 4294 llaohabaeorum
1091 4225 1203 4294 ultimo
1230 4225 1364 4306 dicitur,
1388 4229 1474 4312 qood

521 4333 636 4414 «61666
660 4331 754 4398 abobi
788 4331 860 4398 lecit
889 4331 1068 4400 convivium
1092 4351 1241 4418 magnum
1274 4333 1410 4412 Simoni,
1442 4339 1475 4398 et

515 4457 587 4508 cum
605 4437 778 4506 inebriatos
794 4445 888 4518 esset,
906 4437 1017 4504 occidit
1034 4455 1105 4506 eum
1121 4445 1155 4504 et
1169 4437 1247 4514 duos
1262 4437 1345 4504 tilios
1360 4437 1428 4504 eius
1439 4465 1472 4504 o.

351 4557 501 4654 lplqpp
515 4585 559 4598 -·
574 4545 627 4612 Est
649 4545 743 4612 etiam
765 4543 955 4612 6666666666
977 4545 1097 4610 bonum
1113 4539 1252 4630 triplex,
1276 4543 1392 4612 scillcet
1421 4543 1473 4612 bc-

366 4675 426 4708 666·
514 4673 615 4732 num,
638 4651 755 4720 6661666
779 4659 810 4720 61
833 4651 1002 4738 optimum.
1029 4651 1167 4720 Primum
1190 4657 1239 4718 est
1256 4651 1411 4736 pietatis,
1433 4651 1474 4720 de

515 4777 579 4846 quo
610 4759 690 4826 infra
721 4759 828 4828 eodem
853 4759 881 4824 ⁶:
913 4759 1029 4826 «Cum
1058 4757 1133 4824 facis
1165 4757 1365 4838 convivium,
1397 4775 1474 4826 roca

515 4883 672 4952 pauperes
692 4865 903 4934 6161666166».
921 4903 965 4914 --
980 4863 1158 4932 Secundum
1175 4869 1222 4930 est
1244 4863 1411 4944 66666666,
1433 4863 1473 4932 de

516 4993 579 5060 quo
604 4973 802 5040 Canticorum
824 4975 948 5058 quinto:
979 4971 1182 5052 «Cornedite,
1205 4973 1312 5052 amici,
1330 4977 1362 5040 et
1376 4969 1474 5038 bibite

588 5355 598 5386 ¹
620 5359 694 5410 reos.
716 5359 748 5422 a,
766 5361 825 5422 post
845 5359 924 5424 6666
944 5359 1007 5410 cen.
1029 5359 1076 5422 ra,
1099 5359 1137 5410 ro.
1155 5366 1179 5412 a
1192 5359 1323 5428 areeqq.
1336 5343 1474 5412 -crossa

516 5443 659 5498 ordinarie
680 5445 721 5512 (ex
740 5445 818 5510 Beda)
841 5445 866 5498 in
884 5447 946 5500 Luc.
968 5447 1013 5510 11,
1036 5449 1085 5500 li:
1104 5449 1220 5514 FcetrcS,
1244 5449 1345 5500 amicos
1364 5453 1388 5500 et
1410 5447 1475 5500 dlvi·

516 5541 556 5588 166
574 5535 726 5584 alterutrum
746 5535 867 5588 convivia
888 5535 1020 5588 celebrare
1045 5551 1098 5588 non
1121 5537 1195 5602 quasi
1222 5539 1305 5590 scelus
1330 5535 1473 5602 interdicit,

516 5623 564 5674 sed
582 5623 707 5684 ostendit,
728 5635 778 5674 non
799 5623 885 5678 valere
905 5625 1073 5690 adpreende
1093 5623 1162 5676 ritae
1180 5631 1230 5678 etc.

587 5707 598 5740 ²
619 5713 693 5764 Vens.
713 5711 738 5764 6.
755 5711 809 5766 Cir.
827 5713 951 5780 Gregor„
971 5713 1095 5768 61116661.
1119 5725 1143 5764 c.
1169 5715 1192 5766 8.
1218 5729 1243 5766 u.
1266 5715 1307 5768 11).
1327 5729 1381 5782 seq.
1402 5717 1427 5766 et
1444 5713 1473 5764 ll.

517 5815 542 5856 c.
561 5801 602 5854 16.
621 5815 647 5854 6.
668 5803 708 5854 27.

587 5887 598 5918 ³
620 5889 693 5942 Vere.
713 5891 754 5942 13.
772 5917 809 5928 --
827 5891 884 5944 Duo
904 5905 979 5958 seqq.
996 5893 1045 5944 loci
1063 5895 1124 5944 scrut
1143 5893 1221 5944 pror.
1240 5893 1289 5956 23,
1308 5893 1351 5944 26.
1373 5899 1429 5956 seq.
1448 5893 1475 5942 et

516 5981 565 6032 lac.
584 5979 616 6044 6,
633 5977 660 6030 6.

586 6065 598 6094 ⁴
619 6067 692 6120 Vere.
712 6067 742 6130 t,
761 6067 804 6118 cui
822 6067 987 6120 subnectitur
1004 6069 1080 6120 llere.
1102 6067 1130 6130 6,
1152 6069 1193 6118 21.

587 6153 599 6186 ⁵
620 6157 693 6210 6666.
712 6157 804 6208 27-29.
822 6163 849 6208 66
867 6155 962 6208 deinde
983 6157 998 6206 l.
1016 6157 1099 6208 blech.
1120 6153 1168 6222 lb,
1188 6153 1230 6206 16.
1248 6169 1305 6220 seq.

587 6241 600 6274 ⁶
620 6245 694 6298 l'ers.
713 6247 756 6298 ra.
767 6271 804 6284 -·-
816 6243 874 6296 Duo
885 6255 961 6310 seqq.
978 6243 1025 6294 loci
1040 6249 1101 6294 6666
1113 6241 1185 6294 Cant.
1197 6241 1228 6304 5,
1242 6241 1265 6294 t.
1279 6241 1373 6294 661661.
1387 6241 1434 6302 26,
1448 6239 1473 6290 6.

587 6331 598 6362 ⁷
620 6335 677 6388 Vel.
695 6333 768 6388 addit
788 6331 814 6386 id
832 6337 872 6388 est
888 6331 1056 6400 indifferens,
1075 6339 1101 6384 et
1120 6336 1179 6392 post
1196 6329 1347 6384 ceccurdum
1369 6327 1475 6394 supplet

517 6419 546 6474 id
563 6425 603 6474 cst
620 6419 688 6474 611666
704 6419 818 6476 naulum.

2428 577 2493 644 367

1537 741 1569 802 66
1592 733 1806 816 inebriamini,
1832 733 1982 802 carissimi
2001 765 2017 798 >2
2044 745 2102 806 etc.
2123 775 2163 790 -
2190 741 2401 812 lectionesa
2423 743 2499 830 feti-

1537 841 1668 922 etruria
1701 843 1793 910 isaiae
1829 841 1977 928 vigesimo
2009 845 2141 932 quinto:
2171 873 2189 906 6
2210 847 2313 916 Faciet
2340 847 2495 918 Dominus

1536 949 1570 1014 iu
1600 955 1707 1018 monte
1736 951 1797 1018 hoc
1832 949 2011 1018 convivium
2040 953 2189 1020 omnibus
2217 955 2360 1038 populis,
2392 955 2499 1040 66666

1538 1055 1625 1122 rium
1649 1057 1833 1144 pinguium,
1862 1057 2123 1138 medullatorum,
2150 1057 2325 1126 vindemiae
2356 1059 2498 1126 defaeca-

1537 1165 1587 1228 tae
1602 1187 1634 1228 ».
1651 1163 1848 1230 -Primum
1865 1163 2043 1230 6666666666
2057 1165 2070 1204 ³
2086 1163 2298 1248 permittitur,
2324 1163 2498 1232 secuudum
2519 1207 2523 1214 -
2602 1217 2604 1222 .
2640 1189 2643 1194 ·

1536 1267 1734 1352 prohibetur,
1760 1275 1789 1336 66
1813 1269 1944 1336 tortium
1966 1269 2128 1336 suadetur.
2406 1357 2408 1362 Ι
2516 1259 2533 1330 1

1626 1375 1678 1440 211.
1712 1375 1817 1442 Τ66666
1847 1379 2004 1460 quantum
2032 1375 2073 1442 ad
2098 1375 2263 1442 66166666
2288 1375 2497 1462 6666666666-
2514 1391 2577 1438 aare
2591 1405 2640 1450 per.

1538 1483 1599 1546 tem
1627 1479 1755 1548 subdit:
1780 1479 1829 1546 Ne
1849 1477 1937 1566 forte
1960 1489 1988 1546 et
2019 1481 2087 1566 ipsi
2108 1489 2138 1546 te
2158 1483 2350 1558 6616666661,
2377 1487 2405 1546 61
2433 1477 2496 1564 piot
2527 1447 2629 1492 mm

1538 1585 1597 1650 tibi
1631 1585 1825 1662 retribuum·
1851 1585 1926 1670 quia
1961 1587 2018 1670 qui
2045 1603 2143 1670 opera
2175 1585 2250 1652 facit
2279 1603 2337 1670 pro
2369 1591 2496 1654 terrena
2515 1603 2659 1648 666666-

1538 1691 1681 1758 mercede
1706 1709 1769 1758 uon
1798 1691 1895 1758 66666
1923 1689 1982 1756 nisi
2016 1697 2172 1758 terrenam
2205 1691 2444 1758 retributionem
2465 1667 2576 1756 cliiii}
2589 1661 2659 1766 ltili?

1538 1797 1752 1882 temporalem.
1787 1797 1863 1862 Nam
1899 1813 2021 1864 merces
2053 1801 2181 1864 aeterna
2216 1803 2428 1864 commutatur
2461 1797 2495 1864 iu
2511 1773 2550 1806 ω’

1537 1903 1740 1986 temporalem
1772 1919 1830 1984 pro
1859 1919 1966 1968 amore
1994 1901 2148 1986 9666166·
2178 1903 2326 1968 Matthaei
2355 1909 2448 1970 sexto
2462 1901 2496 1968 8:

1541 2005 1744 2084 «Attendite,
1770 2023 1808 2072 ne
1832 2005 1981 2072 iustitiam
2009 2011 2143 2072 vestram
2165 2005 2285 2072 faciatis
2310 2025 2414 2074 coram
2441 2009 2497 2094 ho-

1536 2113 1689 2192 minibus,
1721 2117 1758 2176 ut
1788 2109 1957 2178 rideamini
1986 2111 2027 2176 ab
2057 2111 2119 2190 eis;
2151 2111 2288 2196 alioquin
2321 2113 2496 2182 mercedem

1536 2237 1599 2284 oon
1630 2217 1786 2286 hahebitis
1816 2215 1901 2302 apud
1922 2217 2046 2284 Patrem
2078 2223 2235 2296 vestrum,
2261 2217 2316 2302 qui
2345 2217 2497 2288 incaelis

1536 2323 1584 2392 est
1598 2349 1629 2404 »3
1662 2325 1746 2390 unde
1779 2323 1817 2390 de
1840 2321 2015 2410 hypocritis
2042 2321 2159 2390 dicitur
2191 2323 2336 2390 1116666666
2368 2323 2495 2390 eodem:

1541 2431 1664 2498 «66666
1679 2431 1749 2496 dico
1766 2431 1867 2508 robis,
1887 2433 2076 2512 receperunt
2090 2429 2266 2494 mercedem
2280 2445 2373 2494 suam
2385 2455 2413 2492 o.
2437 2429 2496 2494 Pro

1535 2553 1643 2602 amore
1666 2533 1883 2614 terrenitatis,
1906 2533 1989 2600 uude
2015 2550 2109 2620 super
2126 2533 2205 2600 illud
2226 2533 2327 2602 Exodi
2349 2533 2495 2618 primolz

1540 2641 1761 2708 «timuerunt
1783 2639 1968 2708 obstetrices
1981 2641 2096 2720 Deum,
2116 2645 2149 2708 et
2169 2639 2343 2706 aedificarit
2359 2639 2421 2706 illis
2441 2641 2497 2708 do-

1535 2765 1604 2814 mos
1620 2773 1657 2830 o,
1678 2747 1755 2814 dicit
1784 2747 1910 2830 Glossa,
1941 2749 2026 2834 quod
2054 2773 2071 2806 tc
2087 2765 2208 2816 merces
2235 2753 2364 2814 aeterna
2388 2747 2433 2814 eis
2462 2749 2496 2814 in

1535 2853 1738 2938 temporalem
1764 2859 1954 2920 commutata
1975 2859 2024 2920 cst
2039 2879 2070 2920 n.
2100 2853 2160 2920 Pro
2182 2871 2290 2920 amore
2311 2851 2497 2920 cornelita-

1537 2961 1599 3040 tic,·
1621 2961 1768 3028 Matthaei
1790 2959 1912 3028 deciano
1925 2961 1969 3028 1⁰:
1999 2987 2016 3020 e
2031 2961 2091 3046 Qui
2114 2965 2200 3028 amat
2220 2965 2343 3046 patrem
2357 2965 2414 3026 aut
2430 2979 2496 3026 ma-

1536 3075 1617 3156 trem
1634 3067 1707 3154 plus
1728 3085 1824 3154 quam
1840 3085 1890 3136 me
1905 3085 1968 3134 non
1982 3073 2031 3136 est
2052 3085 2103 3136 me
2119 3067 2232 3154 dignus
2249 3093 2279 3132 ›>.
2297 3067 2334 3132 Et
2348 3067 2408 3134 hoc
2429 3073 2495 3148 est,

1537 3175 1624 3260 quia,
1658 3173 1738 3242 sicot
1770 3173 1884 3242 dicitur
1914 3173 2058 3242 llatthaei
2091 3179 2197 3254 sexto,
2232 3199 2249 3232 <t
2273 3191 2363 3240 nemo
2393 3179 2496 3258 potest

1536 3279 1661 3348 duobus
1683 3281 1816 3346 dominis
1833 3281 2002 3360 serviro»;
2027 3285 2058 3346 et
2090 3281 2251 3348 «intentio
2279 3279 2366 3366 operi
2395 3287 2494 3362 tuo»,

1537 3393 1574 3452 ut
1596 3387 1670 3454 dicit
1694 3385 1875 3470 Ambrosios
1894 3391 1929 3466 1¹,
1961 3405 2112 3454 «666666
2136 3387 2268 3472 imponit
2290 3415 2322 3454 o.
2345 3387 2415 3454 ldeo
2439 3387 2646 3474 quilianum-

1537 3493 1610 3560 lacit
1634 3511 1704 3560 rem
1727 3511 1785 3576 pro
1807 3493 1953 3560 mercede
1979 3493 2143 3578 temporali
2168 3493 2336 3560 fraudatur
2350 3493 2496 3560 mercede

1538 3605 1681 3678 aeterna,
1696 3599 1772 3684 quia
1782 3597 1860 3666 nulli
1872 3601 1960 3682 operi
1973 3597 2104 3666 debetur
2119 3599 2238 3664 caelum
2251 3649 2259 3678 ,
2272 3599 2355 3682 quod
2371 3599 2406 3664 fit
2421 3617 2496 3682 pro·
2582 3689 2583 3692 Ἴ

1538 3709 1608 3788 pter
1623 3703 1788 3772 mrrndom.
1805 3703 1923 3772 -Sed
1940 3711 2067 3770 econtra
2093 3721 2127 3770 ea
2152 3721 2232 3788 quoe
2248 3711 2378 3790 propter
2394 3705 2493 3772 Deum
2510 3715 2643 3814 ,mii

1538 3809 1635 3890 hunt,
1660 3817 1795 3894 utraque
1817 3809 2070 3894 mercededigna
2093 3817 2180 3886 suut;
2207 3809 2292 3874 uude'
2314 3809 2433 3892 primae
2456 3809 2495 3876 ad
2544 3823 2620 3868 tronis.
2639 3783 2661 3814 ‘¹'

1538 3915 1735 3980 Timotheum
1751 3915 1921 4000 quarto1i:
1940 3913 2072 3982 «Pietas
2087 3913 2126 3980 ad
2142 3913 2244 3980 omnia
2263 3913 2359 3994 ralet,
2378 3913 2497 3982 habens

1538 4021 1777 4104 promissionem
1804 4021 1905 4100 vitae,
1928 4037 2010 4104 quae
2040 4037 2126 4086 nunc
2148 4025 2213 4100 est,
2243 4027 2275 4086 66
2304 4019 2431 4084 1666666
2457 4045 2493 4100 »3

1538 4131 1568 4190 et
1592 4123 1661 4192 ideo
1682 4125 1804 4192 dicebat
1828 4125 1978 4192 Dominus
2001 4125 2149 4192 11666666
2178 4131 2287 4192 sexto:
2318 4125 2496 4210 «Quaerite

1538 4231 1675 4316 primum
1694 4247 1827 4316 regnum
1850 4231 1905 4298 Dei
1920 4237 1953 4296 et
1975 4231 2124 4298 iustitiam
2143 4231 2227 4312 eius,
2252 4237 2283 4298 66
2297 4231 2376 4298 6666
2392 4231 2497 4298 omnia

1537 4335 1724 4402 adiicientur
1745 4335 1836 4402 robis
1850 4363 1881 4400 6.
1899 4335 2020 4402 Homini
2043 4353 2118 4402 6666
2135 4335 2294 4404 mundano
2318 4335 2433 4402 dicitur
2450 4337 2496 4404 in-

1536 4443 1587 4508 166
1608 4441 1730 4510 decimo
1745 4441 1893 4508 sexanti:
1922 4467 1938 4500 α
1955 4441 2025 4522 Fili,
2047 4441 2229 4522 recordare,
2255 4441 2331 4528 quia
2351 4443 2496 4528 recepisti

1537 4547 1619 4612 bona
1643 4547 1674 4612 iu
1698 4549 1763 4616 vita
1790 4555 1861 4626 tua,
1886 4553 1917 4614 et
1948 4549 2083 4614 Lazarus
2109 4547 2254 4614 similiter
2278 4549 2384 4628 ,mala3
2411 4565 2496 4614 nuuc

1537 4657 1643 4720 autem
1667 4651 1720 4720 hie
1742 4655 1931 4732 consolatur,
1958 4659 1991 4720 tu
2016 4671 2091 4722 xero
2113 4651 2268 4720 cruciaris
2285 4679 2317 4718 o.

1625 4757 1677 4822 30.
1697 4757 1797 4844 (Vers.
1819 4759 1893 4842 16).
1918 4759 1980 4824 Sed
1994 4777 2072 4824 6666
2087 4755 2175 4846 sucis
2199 4759 2397 4824 convivium.
2414 4759 2497 4826 Post·
2509 4771 2611 4822 seeundo
2625 4785 2660 4834 ca·

2521 4827 2574 4870 ritas
2587 4825 2659 4868 divina

1538 4881 1632 4948 quam
1659 4865 1792 4932 retraxit
1823 4883 1842 4930 a
1867 4865 2043 4932 curialitate
2073 4863 2247 4944 mundana,
2274 4863 2325 4932 hic
2355 4865 2493 4932 secundo
2525 4879 2660 4922 commcnda-

2471 4973 2476 4984 ,
2522 4937 2556 4976 tur
2570 4933 2661 4988 triplici·

1538 4971 1657 5038 tractent
1672 4973 1719 5038 661
1733 4971 1909 5038 curtiolam
1931 4971 2083 5040 diuinum
2096 4973 2132 5038 ¹4.
2157 4971 2246 5058 Quod
2271 4973 2398 5058 quidem
2420 4973 2494 5040 lacit
2522 4991 2562 5032 cr.

1538 5373 1567 5410 ex
1588 5361 1711 5424 elegea,
1730 5359 1818 5410 6666.
1839 5359 1924 5410 arola.
1951 5341 1974 5410 6.
2001 5359 2028 5410 a.
2051 5371 2077 5410 n.
2102 5357 2133 5422 6,
2154 5353 2198 5410 666
2222 5357 2274 5410 aaa:
2292 5359 2322 5410 ru
2340 5371 2393 5422 qua
2410 5359 2496 5422 magis

1538 5449 1783 5512 recompensatione
1801 5443 1972 5518 [6666666661
1982 5445 2037 5500 tlte
2048 5445 2179 5500 11666666
2193 5443 2299 5512 doctos]
2315 5447 2494 5510 cognoscitur,

1538 5537 1603 5602 quid
1622 5535 1751 5588 mendacii
1772 5537 1848 5598 culpa
1867 5539 2007 5588 mereatur.
2027 5535 2090 5588 Nem
2109 5533 2257 5598 benignitas
2274 5547 2363 5586 earum
2378 5547 2494 5598 merces,

1538 5637 1606 5690 quae
1623 5623 1663 5674 666
1680 5623 1708 5674 66
1728 5627 1833 5674 aeterna
1846 5623 1930 5688 potuit
1942 5623 1995 5674 rita
2007 5621 2130 5688 retribui,
2144 5635 2191 5686 pro
2206 5623 2320 5674 admixta
2333 5623 2407 5686 culpe
2424 5635 2496 5674 men-

1538 5711 1606 5764 dacii
1622 5711 1651 5764 in
1670 5717 1800 5764 terrenam
1819 5715 1857 5764 est
1874 5711 2148 5776 recompensationem
2171 5711 2315 5772 declinata,
2339 5715 2366 5764 ot
2391 5711 2418 5764 in
2441 5709 2494 5764 rita

1538 5813 1599 5862 sua,
1618 5813 1699 5866 quom
1718 5799 1867 5852 mentiendo
1888 5799 1954 5852 tueri
1973 5801 2124 5860 voluerunt,
2145 5813 2174 5852 ea
2194 5815 2263 5866 quae
2288 5801 2406 5852 lecerunt
2425 5797 2494 5852 bona

1536 5887 1683 5950 reciperent
1694 5893 1722 5938 et
1733 5887 1842 5940 ulterius
1853 5887 1924 5952 quod
1937 5891 2115 5950 exspectarent
2128 5887 2256 5940 mercedis
2270 5899 2334 5938 suae
2347 5887 2495 5950 praemium

1538 5989 1590 6026 non
1607 5973 1734 6026 haberent
1752 5979 1802 6028 etc.
1820 5975 1922 6028 -Pro
1940 5971 2007 6028 dicit
2025 5973 2120 6028 Glosso
2139 5977 2162 6028 ll
2179 5971 2244 6028 eloti
2266 5973 2422 6042 erepet-tos.

1609 6059 1630 6090 ¹⁰
1651 6063 1726 6118 Vens.
1745 6061 1794 6124 37,
1812 6067 1874 6124 post
1892 6075 1972 6126 quem
1990 6063 2078 6112 Matth.
2097 6063 2127 6124 6,
2148 6061 2189 6112 nl.

1608 6147 1628 6178 ²¹
1649 6149 1721 6202 Libr.
1737 6151 1755 6200 l.
1776 6149 1808 6202 de
1826 6149 1938 6210 (illiciis,
1952 6163 1975 6200 c.
1988 6149 2031 6202 30.
2049 6163 2076 6200 n.
2097 6149 2165 6202 tlt:
2186 6149 2300 6200 Allectus
2319 6153 2379 6200 toris
2399 6159 2495 6198 nomen

1537 6235 1650 6300 imponit
1667 6237 1740 6298 operi
1759 6243 1812 6288 tuo.
1833 6235 1884 6290 Clr.
1904 6247 1983 6298 sopra
2000 6249 2062 6300 pag.
2084 6235 2148 6298 att,
2166 6239 2231 6286 uota
2252 6237 2279 6288 2.
2302 6235 2361 6286 Post
2383 6231 2493 6286 intenlio

1538 6325 1563 6376 in
1582 6325 1604 6376 D
1621 6323 1737 6376 secunda
1756 6337 1851 6376 manus
1868 6321 1971 6374 eddidit
1988 6325 2043 6376 166.

1601 6409 1630 6466 ,¹²
1652 6413 1728 6472 Vers.
1745 6413 1770 6462 6.
1790 6415 1814 6464 61
1834 6411 1929 6464 deinde
1948 6413 2035 6464 llattb.
2059 6411 2092 6474 6,
2117 6411 2165 6472 33,
2192 6411 2226 6462 de
2253 6409 2388 6478 quotide
2414 6421 2495 6474 supra

589 6509 693 6562 8l'ers.
713 6511 739 6562 1.
756 6515 783 6562 61
802 6507 913 6562 subinde
940 6523 966 6562 6.
995 6511 1019 6560 2.
1048 6535 1082 6546 -
1110 6505 1199 6558 illoesa
1229 6503 1411 6558 interlinearis
1432 6501 1474 6568 (ex
1502 6515 1506 6574 Ι
1538 6497 2317 6566 6.12.6161316.66666666266,6666616666.

516 6595 618 6664 Bedelr
635 6597 672 6650 El
687 6595 737 6666 ficti
755 6595 804 6652 ribi
818 6595 975 6662 6611666166,
996 6609 1051 6648 nou
1068 6595 1120 6648 ait:
1139 6595 1170 6646 Et
1188 6593 1233 6646 hut
1250 6591 1296 6644 tibi
1320 6597 1473 6656 peccatum,

516 6685 564 6738 sed
582 6685 628 6738 liet
644 6685 692 6736 tibi
710 6685 857 6738 retributio.
875 6683 928 6738 Clr.
945 6697 1025 6750 sripra
1043 6697 1065 6738 c.
1078 6685 1104 6736 6.
1117 6695 1141 6732 6.
1155 6681 1197 6736 78.
1213 6695 1287 6748 seqq.
1299 6707 1334 6718 -
1348 6679 1474 6746 Superius

517 6775 575 6826 l'at.
593 6787 640 6842 per
661 6785 782 6828 66666666
801 6775 859 6826 1666
874 6787 928 6842 pro
945 6787 1050 6826 nonore.
1173 6823 1174 6826 ,

586 6859 598 6890 ⁹
618 6863 691 6916 vers.
712 6863 917 6916 26,-616666
935 6861 1076 6916 6666666666
1097 6865 1123 6916 66
1141 6859 1224 6914 Exod.
1246 6861 1272 6922 l,
1293 6859 1341 6922 26,
1355 6863 1475 6926 quaeest

1609 6583 1629 6618 ¹³
1652 6589 1725 6642 Vers.
1741 6589 1789 6642 26.

1609 6673 1631 6708 ¹⁴
1650 6677 1700 6732 Clr.
1721 6691 1800 6744 supra
1817 6693 1845 6732 6.
1858 6677 1901 6730 26.
1914 6705 1948 6718 -
1961 6679 2009 6730 Pro
2022 6673 2058 6732 cd
2069 6675 2211 6734 6666661666
2225 6677 2283 6730 Vct.
2294 6675 2475 6732 6666616666
2480 6693 2493 6742 ,·

1538 6769 1582 6820 cir.
1603 6781 1681 6832 supra
1701 6783 1764 6834 pag.
1784 6769 1851 6834 366,
1867 6773 1929 6820 uota
1949 6767 1974 6820 1.
