5908 8266
569 629 634 694 800
772 623 773 626 ’
1427 625 1543 694 INDEX
1564 627 1693 694 RERUM
1790 641 1791 644 ’

855 719 916 772 000
2215 715 2277 770 000

570 803 740 858 serviendum
750 805 780 858 in
789 807 896 872 negotio
909 807 1017 860 actionis
1028 809 1077 860 575
1093 809 1213 860 e-Ne-
1248 809 1363 872 populus
1382 807 1429 860 Dei
1442 809 1470 856 et
1480 805 1619 856 evaserunt
1639 803 1782 856 uindictam
1799 803 1887 854 immi·
1922 803 2077 882 solutionem
2100 799 2179 854 nubis
2204 815 2256 854 non
2282 809 2393 869 apparet
2409 807 2466 856 eius
2485 805 2562 858 vesti-

571 887 845 960 gotiatorspiritualis
863 901 903 948 est
928 895 976 962 qui
993 895 1128 960 praedicat
1152 889 1214 962 pro·
1247 899 1355 948 nentem
1373 893 1434 948 ibici.
1923 893 1997 956 giam
2018 887 2079 944 ibid.
2097 917 2133 928 ···
2149 889 2295 954 significant
2308 893 2503 956 praedicatores
2520 891 2566 944 bo·

467 1009 470 1014 ·
570 985 629 1048 pter
648 983 750 1034 lucrum
771 983 918 1040 animarum
937 983 1214 1034 01107900-000-
1301 983 1378 1034 Nauos
1399 1009 1430 1020 ··-
1451 983 1506 1032 erat
1524 991 1568 1030 rex
1595 977 1764 1046 Assyriorum
1782 977 1817 1030 01
1836 977 1887 1030 000
1923 991 1971 1030 nos
1991 979 2024 1030 90
2042 993 2070 1030 v.
2093 977 2109 1032 7
2135 1003 2169 1020 ·-
2198 977 2328 1040 siguificat
2352 977 2565 1032 blandimentum

573 1071 684 1136 gotiator
704 1069 790 1124 malus
813 1079 854 1124 est
881 1069 926 1138 qui
955 1071 1090 1136 praedicat
1106 1075 1215 1136 propter
1248 1085 1277 1122 v.
1295 1069 1329 1122 05
1923 1065 2081 1118 adulationis
2096 1063 2159 1118 ibid.
2178 1093 2214 1106 ·-
2241 1065 2373 1130 significat
2396 1065 2564 1118 obstaculum

573 1159 677 1214 lucrum
695 1161 841 1224 temporale
859 1157 922 1212 ibid.
1302 1157 1433 1210 Norrcrrts
1469 1180 1505 1192 -
1541 1153 1798 1218 consanguineorum
1836 1165 1889 1204 non
1925 1153 2026 1216 gratiae
2044 1155 2095 1208 000
2114 1153 2177 1208 ab

582 1233 584 1236 ’
626 1273 663 1286 -
680 1247 812 1310 Negotiosi
833 1247 942 1298 audiunt
961 1247 1074 1298 verbum
1097 1247 1215 1310 Domini,
1250 1243 1447 1310 praetendenda
1469 1241 1501 1292 01
1522 1241 1572 1294 068
1588 1241 1639 1292 003
1658 1267 1692 1280 ·-
1712 1241 1890 1292 nrorumlacit
1976 1255 2044 1292 -a
2065 1243 2118 1296 Deo
2138 1255 2185 1308 per
2204 1241 2293 1308 Angeli
2309 1241 2481 1292 ministerium
2503 1241 2563 1292 0000

574 1335 621 1388 sed
640 1347 693 1386 non
713 1347 804 1388 omnes
833 1335 928 1388 iaciunt
956 1337 1069 1388 trucium
1097 1335 1216 1400 spiritua·
1251 1337 1347 1384 terram
1366 1331 1471 1384 beatam
1490 1331 1524 1382 86
1542 1343 1569 1382 0.
1590 1319 1737 1382 17-0010
1751 1329 1803 1390 est,
1820 1341 1889 1394 quae
1925 1331 2011 1378 castra
2036 1329 2217 1382 Hebraeorum
2246 1327 2424 1384 obumbrabat
2455 1329 2487 1378 01
2513 1331 2564 1382 009

575 1423 642 1486 lero,
662 1413 724 1488 quia
740 1421 923 1488 impediuntur
941 1437 957 1474 a
980 1403 1050 1474 curis
1068 1421 1217 1476 carnalibus
1251 1421 1368 1472 animum
1388 1417 1507 1472 moribus
1526 1421 1600 1470 ornat
1617 1415 1679 1472 ibid.
1925 1429 1953 1468 0.
1970 1413 1986 1466 7
2006 1443 2040 1454 -
2060 1417 2201 1484 aliquando
2217 1415 2394 1484 praecedebat
2406 1415 2472 1468 ulios
2488 1417 2564 1468 lsrael

574 1509 618 1562 011
641 1507 689 1562 ret
710 1511 742 1562 00
762 1537 797 1550 -
815 1509 948 1574 Negotiosi
962 1509 1041 1562 vitam
1055 1509 1215 1574 spiritualem
1304 1509 1357 1560 Nes
1375 1511 1485 1560 -erat
1504 1503 1779 1560 000000011700.0
1799 1509 1890 1556 -100-
1925 1501 1950 1554 00
1969 1501 2094 1556 ducatum
2113 1507 2278 1570 directionis,
2307 1505 2447 1574 aliquando
2469 1517 2572 1578 seque·¹

530 1601 534 1608 ’
575 1595 690 1662 perdunt
709 1595 819 1652 1000.-
836 1597 1117 1662 Negotiosiperdendo
1134 1599 1216 1650 vitam
1253 1593 1308 1646 buit
1328 1595 1437 1658 gratiam
1458 1593 1623 1658 perfectionis
1643 1595 1684 1646 011
1704 1595 1736 1646 03
1757 1593 1890 1646 bi-est
1926 1589 2004 1642 batur
2016 1591 2039 1642 iu
2054 1595 2214 1656 praesidium
2226 1595 2408 1658 protectionis,
2423 1591 2564 1658 aliquando

574 1685 725 1736 interiorem
749 1685 864 1750 perdunt
882 1699 929 1750 per
948 1697 1112 1750 consequens
1134 1687 1217 1738 ehica·
1254 1683 1338 1748 ligura
1355 1683 1533 1746 praelatorum
1553 1681 1603 1736 070
1625 1683 1665 1734 31.
1687 1681 1737 1734 006
1751 1681 1783 1734 58
1796 1697 1890 1734 *nu
1925 1677 2012 1730 stabat
2027 1679 2055 1730 in
2074 1679 2181 1744 signum
2199 1683 2340 1736 mansionis
2360 1683 2410 1736 500
2432 1683 2446 1734 3

577 1771 645 1826 ciam
664 1771 818 1826 exteriorem
838 1771 900 1826 ibid.
1252 1769 1330 1822 datus
1346 1769 1370 1822 in
1391 1769 1559 1822 tabernaculo
1578 1773 1616 1820 est
1634 1771 1716 1834 figura
1730 1769 1825 1824 Christi
1837 1771 1889 1822 595
1979 1795 2016 1804 --
2033 1767 2145 1832 Spiritus
2162 1775 2269 1822 sanctus
2287 1771 2409 1834 apparuit
2429 1771 2454 1822 in
2477 1771 2565 1836 ligura

630 1861 775 1912 Nauarum
791 1859 943 1912 -Tribus
968 1859 1113 1924 Nephtalim
1135 1859 1181 1914 tuit
1202 1875 1215 1912 a
1254 1855 1287 1910 30
1304 1883 1341 1896 -
1358 1857 1471 1922 liguram
1490 1855 1599 1922 gerebat
1618 1855 1712 1910 Christi
1730 1857 1781 1910 000
1802 1859 1836 1910 05
1852 1887 1890 1896 -
1925 1853 2118 1908 0000001180
2137 1853 2170 1906 50
2190 1883 2223 1892 —-
2244 1861 2282 1908 est
2301 1859 2406 1910 divinae
2420 1857 2563 1910 maiestatis

578 1945 678 2000 Christo
699 1945 786 2010 primo
803 1947 908 2020 visitata
926 1947 971 2000 001
992 1945 1042 1998 100
1063 1945 1097 1998 55
1253 1945 1382 2010 significat
1394 1943 1525 2000 Christum
1537 1949 1701 2000 nontantum
1715 1947 1829 2012 nomine,
1841 1949 1889 2002 sed
1925 1943 2057 1998 ostensiva
2077 1941 2130 1994 037
2146 1943 2181 1994 63
2200 1971 2235 1980 ·-
2255 1947 2293 1994 est
2319 1943 2445 1996 iudicium
2474 1959 2564 2010 super·

630 2035 763 2088 Narrusus
780 2063 816 2072 -
835 2033 978 2090 vorabatur
1007 2047 1080 2088 mare
1098 2035 1134 2088 00
1163 2037 1215 2090 090
1253 2033 1330 2086 etiam
1348 2035 1414 2088 lacto
1434 2033 1468 2088 ib.
1486 2035 1521 2088 05
1538 2035 1772 2102 —interpretatur
1783 2037 1890 2104 requies
1925 2047 1974 2088 nae
1994 2033 2090 2100 gloriae
2109 2037 2135 2084 et
2159 2029 2301 2084 maiestatis
2319 2029 2380 2084 ibid.
2398 2061 2435 2072 ··-
2452 2033 2502 2084 Per
2518 2047 2565 2084 00-

578 2137 603 2174 0.
624 2125 640 2174 0
1253 2121 1286 2176 ib.
1307 2123 1340 2176 05
1925 2123 1988 2176 bem
2007 2121 2174 2188 spiritualiter
2192 2119 2299 2184 intelligi
2318 2125 2402 2186 potest
2416 2123 2477 2172 caro
2492 2119 2565 2172 Chri·

632 2211 767 2264 00000-
784 2217 853 2266 recte
883 2211 1005 2264 dictantur
1034 2213 1101 2264 lunis
1130 2213 1215 2266 0190
1306 2213 1889 2282 -salvavitsemenhominumperlignum
1926 2213 1958 2264 sti
1986 2213 2074 2266 multis
2099 2209 2247 2264 rationibus
2270 2207 2306 2264 ib.
2332 2209 2376 2262 60.
2403 2207 2455 2260 330
2477 2211 2509 2260 80
2527 2237 2565 2246 -

578 2313 604 2352 v·
623 2299 640 2350 6
1254 2303 1296 2354 011
1318 2301 1367 2354 000
1390 2303 1419 2354 06
1442 2315 1591 2358 -arcam
1620 2303 1757 2358 fabricavit
1774 2303 1835 2358 ibid.
1852 2333 1890 2342 -
1927 2303 2062 2366 apparitio
2078 2301 2155 2354 uubis
2175 2297 2208 2352 ab
2228 2313 2321 2354 occasu
2337 2297 2457 2366 designat
2470 2297 2565 2352 Christi

632 2389 776 2444 Niconauus
792 2421 829 2430 -—
847 2389 958 2444 idoneus
981 2395 1037 2444 erat
1064 2391 1097 2444 00
1122 2387 1216 2446 Christi
1254 2389 1380 2444 beneficio
1398 2393 1541 2456 sapientiae
1561 2393 1767 2460 interequarum
1781 2393 1890 2444 inunda-
1928 2399 2031 2474 carnem
2051 2393 2232 2456 resurgentem
2258 2393 2283 2440 et
2308 2387 2493 2442 ascendentem
2511 2387 2564 2438 330

579 2475 744 2542 010000110οι0
764 2479 1083 2544 susciptendamutars
1103 2479 1128 2542 1,
1148 2481 1162 2532 3
1181 2509 1218 2522 ·-
1254 2479 1335 2532 tiones
1352 2493 1367 2530 a
1387 2479 1569 2534 submersione
1585 2479 1710 2534 liberatus
1727 2483 1767 2534 est
1786 2481 1819 2532 00
1841 2481 1889 2532 170
1928 2481 1959 2532 80
1979 2507 2015 2518 -
2036 2483 2083 2534 Per
2112 2477 2209 2532 nubem
2237 2479 2381 2532 venientem
2407 2477 2442 2530 ab
2468 2491 2564 2530 occasu

581 2564 694 2618 habebat
712 2567 874 2620 honestatam
893 2567 963 2621 vitae
980 2573 1011 2620 ut
1026 2567 1218 2622 pharisaeuset
1255 2583 1280 2620 0.
1299 2571 1325 2634 0,
1343 2567 1359 2618 0
1379 2597 1413 2606 -
1433 2571 1550 2632 Tempus
1569 2567 1622 2620 Noe
1648 2573 1704 2620 0000
1731 2567 1889 2632 principium
1927 2567 2079 2630 intelligitur
2092 2567 2169 2618 dolor
2186 2567 2394 2630 compunctionis
2413 2565 2447 2620 ib.
2467 2567 2501 2618 83

581 2653 659 2706 cilicii
678 2655 833 2720 dignitatem
851 2657 1017 2720 utprinceps
1034 2653 1098 2708 ina
1117 2681 1153 2696 ···
1170 2657 1218 2710 sol·
1255 2655 1386 2708 secundae
1402 2657 1493 2708 aetatis
1511 2655 1603 2708 mundi
1634 2655 1684 2706 097
1702 2669 1728 2706 0.
1749 2655 1763 2706 6
1783 2683 1817 2692 ··-
1835 2655 1890 2706 Nce
1980 2655 2088 2706 Nuntius
2106 2653 2229 2704 -vitae
2248 2655 2385 2706 comitatur
2413 2655 2564 2708 caecitatem

556 2740 649 2795 ‘licite
675 2743 748 2796 venit
771 2745 804 2798 ad
833 2745 916 2796 lesum
942 2749 1029 2808 nocte,
1059 2749 1087 2796 ut
1103 2745 1218 2810 quietius
1255 2759 1314 2796 cum
1334 2747 1436 2806 septem
1454 2743 1511 2794 aliis
1527 2747 1584 2792 erat
1601 2755 1662 2808 spes
1676 2741 1749 2816 orbis
1760 2745 1888 2792 terrarum
1927 2741 2019 2804 culpae
2037 2741 2071 2792 Vl
2090 2739 2178 2792 5790
2611 2741 2612 2744 ’

581 2835 669 2894 posset
688 2831 778 2884 instrui
797 2837 823 2884 et
841 2833 930 2884 doceri
950 2829 1020 2896 ibid,
1043 2831 1060 2882 3
1079 2857 1114 2870 -·
1133 2831 1218 2896 venit,
1256 2829 1317 2882 ibid.
1980 2827 2151 2878 01000000-
2171 2825 2243 2876 idern
2261 2827 2390 2892 estquod
2411 2829 2511 2892 srrecies
2531 2831 2564 2880 Vl

550 2923 609 2970 ut
629 2917 779 2984 duceretur,
806 2925 831 2972 et
853 2919 984 2972 Christum
1013 2919 1155 2982 perlectum
1174 2919 1218 2970 do·
1306 2917 1394 2968 Nouau
1412 2943 1449 2952 -—
1466 2915 1512 2966 Dei
1530 2913 1652 2966 scribitur
1670 2915 1852 2978 superiustos,
1866 2919 1890 2964 et
1929 2913 1978 2962 080
1998 2927 2022 2964 r.
2045 2915 2072 2964 01
2096 2941 2131 2950 ··-
2147 2917 2188 2964 est
2205 2919 2275 2964 certa
2295 2915 2405 2980 qualitas
2420 2921 2562 2978 creaturae,

580 3009 678 3056 ctorem
706 3005 830 3060 credebat
856 3011 883 3058 et
905 3005 963 3056 eius
991 3003 1137 3068 discipulus
1160 3015 1217 3056 esse
1254 3015 1331 3054 neme
1349 3001 1404 3062 scit,
1425 2999 1472 3052 nisi
1492 2999 1537 3068 qui
1556 2999 1649 3066 accipit
1667 3001 1710 3052 Vll
1732 3001 1764 3052 35
1784 3001 1834 3050 010
1854 3029 1889 3036 -
1927 3013 1979 3068 000
1998 2999 2031 3052 00
2051 2999 2098 3052 0110
2119 3001 2276 3066 disiungitur
2290 2999 2352 3056 ibid.
2366 3029 2398 3038 -
2413 3003 2439 3052 ln
2451 3015 2562 3054 numero

579 3089 818 3146 00100)000”00’0.--·Ι
836 3087 972 3154 credebat,
1003 3089 1135 3142 Christum
1158 3103 1217 3142 esse
1256 3089 1299 3142 Dei
1312 3089 1491 3142 invocandum
1504 3093 1528 3140 et
1541 3085 1722 3142 venerandum
1737 3085 1890 3140 00037107.
1926 3089 2064 3152 respicitur
2090 3089 2222 3156 quantitas
2240 3087 2304 3142 ibid.
2327 3119 2364 3128 —
2389 3093 2501 3142 retertur
2528 3089 2562 3142 ad

579 3179 678 3242 aDeo,
698 3185 806 3242 propter
833 3179 908 3244 signa
927 3175 989 3232 ibid.
1016 3203 1053 3218 ·-
1078 3175 1215 3242 credebat,
1254 3179 1285 3230 39
1307 3177 1351 3230 001
1377 3205 1410 3214 -
1433 3175 1475 3228 Dei
1495 3181 1533 3230 est
1558 3173 1710 3230 admirabile
1733 3177 1765 3228 38
1788 3177 1830 3230 001
1855 3207 1889 3216 -
1928 3177 2080 3242 sapientiam
2109 3177 2254 3230 ordinantis
2282 3177 2345 3230 ibid.
2369 3165 2403 3218 ὲ-
2428 3179 2498 3230 Deus
2525 3181 2564 3232 cst

578 3267 750 3330 ponpeium,
768 3271 854 3318 tamen
875 3267 975 3320 occulte
995 3263 1044 3316 078
1067 3265 1090 3316 0.
1110 3263 1215 3318 50060
1254 3265 1312 3332 001,
1330 3279 1390 3318 ctam
1410 3265 1476 3318 inse
1490 3277 1593 3330 senrpcr
1607 3265 1782 3332 sitsanctum‚
1797 3263 1889 3330 triplici
1927 3279 2053 3318 numerus
2069 3265 2127 3316 sinc
2153 3279 2262 3316 numero
2288 3267 2360 3318 omni
2381 3269 2421 3318 rei
2447 3267 2564 3332 speciem

578 3381 612 3394 -
632 3353 704 3404 venit
721 3359 798 3406 nocte
818 3369 847 3406 ex
877 3353 1049 3416 verecundia,
1070 3353 1216 3406 infirmitate
1253 3355 1342 3408 notitia
1361 3353 1536 3406 sanctificator
1556 3353 1735 3406 1000000080
1751 3353 1776 3404 00
1796 3353 1889 3404 -000
1927 3353 2055 3420 praebens
2073 3351 2135 3408 idid.
2153 3381 2191 3392 —
2207 3353 2278 3406 Deus
2297 3355 2383 3406 omnia
2402 3355 2429 3406 iu
2454 3367 2563 3406 numero

578 3445 603 3494 et
622 3439 756 3506 diligentia
773 3441 825 3494 078
845 3443 910 3494 5·-
921 3439 1067 3510 quaerebat
1082 3443 1117 3494 de
1136 3443 1215 3494 modo
1253 3441 1331 3494 habet
1348 3447 1461 3508 quatuor
1480 3441 1641 3496 conditiones
1661 3441 1710 3494 055
1733 3443 1764 3494 03
1926 3441 2055 3508 disposuit
2072 3447 2161 3494 contra
2180 3441 2273 3495 vitium
2297 3443 2484 3506 singularitatis
2500 3441 2562 3494 ibid.

577 3525 750 3594 perveniendi
772 3531 807 3582 ad
834 3531 946 3584 salutem
971 3529 1022 3580 079
1042 3529 1059 3582 7
1078 3557 1112 3568 -
1132 3529 1215 3582 Domi·
1305 3559 1339 3568 -
1357 3529 1412 3582 Filii
1432 3534 1624 3584 consueverunt
1640 3529 1765 3596 appellari
1784 3531 1889 3584 nomine
1988 3557 2022 3568 -·
2053 3529 2259 3596 quinquenarius
2297 3531 2416 3596 quinque
2444 3531 2564 3594 corporis

577 3631 629 3670 nus
646 3617 788 3670 Nicodemo
817 3617 953 3686 quaerenti
980 3619 1058 3692 plene
1074 3617 1216 3682 respondet
1253 3625 1476 3684 subrumpatrum
1487 3615 1887 3686 Vll35lb8-llpudpatrem
1927 3631 2017 3670 sensus
2043 3613 2172 3682 signiticat
2197 3619 2242 3668 Vll
2268 3617 2318 3670 003
2339 3617 2372 3670 58
2390 3647 2427 3660 -
2444 3619 2563 3672 senarius

578 3705 775 3760 determinanda
795 3707 885 3760 salutis
902 3707 973 3760 viam
995 3711 1020 3758 et
1037 3707 1127 3758 salutis
1144 3707 1215 3770 prin·
1253 3707 1385 3760 residebat
1412 3707 1554 3760 auctoritas
1575 3691 1729 3760 nominandi
1753 3707 1833 3760 lilium
1856 3709 1887 3760 35
1927 3711 1965 3758 est
1983 3707 2085 3770 primus
2104 3719 2230 3758 numerus
2253 3709 2431 3772 perlectorum
2458 3707 2503 3758 aar
2531 3705 2562 3758 07

577 3795 675 3860 cipium
696 3797 747 3846 080
767 3797 800 3848 03
820 3823 855 3836 ··-
874 3797 906 3848 de
932 3795 1020 3848 verbis
1045 3795 1149 3848 Domini
1169 3795 1216 3848 du·
1254 3797 1299 3848 000
1324 3823 1358 3832 -
1376 3795 1484 3848 Nomina
1503 3809 1625 3860 expressa
1647 3795 1678 3848 in·
1701 3795 1827 3860 gradibus
1847 3809 1889 3860 ge·
1926 3823 1960 3832 -
1979 3795 2027 3848 000
2039 3795 2286 3848 nnmerumdecem
2299 3795 2565 3860 iudicaturperlectio

576 3881 678 3936 bitabat
695 3887 720 3934 et
732 3883 792 3936 ideo
806 3883 962 3952 quaerebat,
975 3883 1037 3952 quia
1051 3883 1215 3938 nativitatum
1253 3883 1386 3948 nealogiae
1403 3883 1499 3938 Christi
1515 3883 1664 3950 significant
1682 3883 1835 3950 mysterium
1856 3885 1888 3936 87
1926 3887 1950 3934 01
1976 3885 2127 3938 sufficientia
2160 3883 2209 3934 079
2236 3883 2266 3936 09
2297 3911 2331 3922 -·
2360 3883 2500 3936 duodecim
2528 3887 2565 3936 est

577 3971 735 4024 dilierentias
755 3971 893 4038 ignorabat
911 3973 962 4026 550
985 3975 994 4024 0
1254 3975 1296 4036 60,
1315 3973 1347 4024 63
1926 3971 2028 4034 primus
2047 3987 2174 4026 numerus
2191 3971 2328 4024 abundans
2343 3971 2387 4024 001
2408 3973 2439 4024 09
2453 4001 2487 4010 -
2501 3971 2564 4024 000-

576 4085 577 4088 ¹
628 4089 664 4098 -
684 4061 821 4114 carnaliter
837 4061 999 4128 intelligebat
1010 4061 1125 4114 verbum
1142 4059 1216 4114 Chri·
1306 4091 1339 4100 ·—
1359 4061 1467 4114 credere
1487 4061 1512 4112 in
1540 4061 1644 4114 nomina
1670 4065 1708 4112 est
1736 4061 1844 4114 credere
1862 4059 1889 4112 in
1927 4059 2012 4112 decim
2032 4061 2163 4124 signiticat
2183 4057 2371 4112 abundantiam
2397 4061 2564 4126 perfectionis

576 4147 608 4200 sti
629 4147 776 4202 010799.
797 4150 848 4202 080
869 4151 896 4202 tr
925 4179 960 4188 -κ
979 4163 1026 4214 000
1055 4151 1215 4216 diligentiam
1252 4163 1281 4202 re
1300 4149 1414 4202 nominis
1433 4149 1465 4200 01
1494 4147 1545 4200 050
1564 4149 1599 4200 07
1618 4177 1653 4188 -·
1672 4147 1744 4202 arari
1762 4163 1815 4200 uon
1832 4163 1888 4214 per·
1927 4145 2564 4214 0100000000.-00000000000000001000000·

575 4249 629 4288 non
647 4237 760 4294 00000010
777 4253 793 4290 0
813 4237 979 4304 quaerendo,
998 4237 1082 4292 donec
1094 4239 1215 4304 intellige·
1253 4235 1368 4292 manebit
1385 4237 1416 4288 st
1439 4251 1466 4290 0.
1486 4235 1501 4286 5
1517 4265 1556 4276 -
1571 4235 1674 4290 bonum
1686 4241 1726 4290 est
1739 4237 1807 4288 lama
1819 4235 1889 4290 bona
1927 4249 2015 4288 merus
2039 4235 2177 4288 abundans
2204 4233 2256 4286 000
2276 4235 2309 4288 07
2333 4263 2369 4276 -
2387 4235 2486 4300 Viginti
2504 4241 2563 4288 octo

575 4329 617 4378 ret
634 4325 686 4376 080
714 4325 1216 4392 00-0000000110000000000000-
1253 4327 1287 4380 55
1305 4341 1332 4380 0.
1355 4329 1426 4378 0-
1446 4325 1515 4378 Cura
1544 4325 1659 4392 gerenda
1683 4329 1723 4376 est
1747 4337 1796 4390 pro
1819 4323 1888 4378 bono
1926 4327 1966 4376 est
1984 4337 2110 4378 numerus
2126 4325 2258 4388 perlectus
2277 4325 2310 4376 Vl
2330 4325 2363 4376 30
2381 4339 2410 4392 q.

575 4423 636 4464 nem
656 4419 682 4466 et
698 4413 778 4466 iidem
798 4419 947 4468 meretura
974 4415 1086 4466 Domino
1115 4413 1216 4480 plenius
1252 4415 1358 4468 nomine
1384 4413 1526 4466 obtinendo
1554 4411 1616 4468 ibid.
1643 4441 1680 4454 -
1706 4413 1806 4466 bonum
1836 4427 1888 4466 non
1979 4441 2013 4450 -—
2033 4411 2269 4478 quinquagesimus
2287 4409 2565 4466 estnumerusremis·

575 4495 681 4554 edoceri
710 4499 771 4556 iord.
803 4529 838 4542 -
867 4501 978 4556 credidit
1007 4517 1056 4568 per
1081 4501 1213 4556 Christum
1250 4509 1335 4568 potest
1355 4503 1448 4556 auferri
1467 4503 1522 4556 siue
1541 4505 1649 4568 peccato
1670 4499 1702 4554 80
1722 4517 1747 4568 0.
1816 4535 1817 4538 =
1925 4499 2005 4554 sionis
2025 4501 2069 4554 uu
2090 4499 2139 4552 603
2161 4501 2193 4552 60
2207 4499 2563 4568 -quiuqoagesimuscon

576 4587 628 4642 tra
647 4589 682 4642 00
1304 4619 1339 4628 -
1358 4589 1508 4644 mutabatur
1537 4591 1563 4642 in
1585 4591 1715 4644 virtutum
1741 4591 1889 4644 incitamen·
1926 4589 2010 4642 licitur
2030 4603 2059 4642 ert
2087 4593 2187 4652 septem
2217 4589 2371 4652 septenariis
2391 4585 2452 4642 thid.
2472 4613 2507 4628 ·-
2527 4601 2563 4640 se·

628 4703 664 4718 ·-
682 4679 817 4744 redarguit
833 4679 988 4732 Pharisaeos
1006 4679 1215 4732 aeternaitatete·
1251 4685 1307 4734 tum
1325 4679 1361 4732 01
1379 4679 1432 4730 065
1450 4681 1485 4732 88
1502 4707 1540 4718 -
1556 4679 1695 4732 Christiani
1720 4683 1758 4730 est
1777 4679 1889 4732 maxime
1925 4677 2114 4742 ptuagenarius
2132 4675 2268 4742 consurgit
2285 4691 2316 4730 ex
2335 4675 2563 4744 quinquagenario

576 4765 618 4830 gis
636 4767 671 4818 Vl
689 4767 741 4820 350
760 4769 795 4820 68
815 4797 849 4806 ···
868 4769 999 4820 Pharisaei
1024 4769 1215 4820 calumniantur
1250 4769 1285 4820 ad
1304 4769 1428 4820 virtutem
1446 4767 1612 4820 incitativam
1629 4765 1691 4820 ibid.
1924 4765 2022 4818 additis
2039 4765 2147 4832 viginti,
2166 4769 2190 4818 et
2210 4765 2329 4832 designat
2347 4767 2451 4832 plenam
2472 4765 2564 4818 remis·

575 4853 748 4908 Nicodemum
772 4857 849 4924 quasi
876 4857 1033 4922 deceptum,
1058 4857 1131 4924 quod
1158 4859 1215 4922 ipse
1304 4859 1417 4910 Non-aus
1433 4885 1470 4894 -κ
1488 4855 1594 4910 Vanum
1612 4869 1677 4908 vero
1688 4853 1841 4920 oppositum
1854 4853 1889 4906 di·
1925 4853 2026 4906 sionem
2046 4853 2097 4904 006
2117 4855 2150 4904 00
2168 4881 2205 4892 --
2222 4855 2387 4920 septuaginta
2408 4853 2461 4906 000
2485 4853 2565 4906 conti-

575 4941 601 4994 in
629 4941 760 4996 Christum
789 4945 908 4998 crederet
935 4943 969 4998 ib.
997 4945 1031 4996 70
1059 4973 1095 4986 ···-
1120 4945 1215 4998 derote
1250 4943 1317 4996 citur
1336 4957 1445 4996 non-ens
1464 4943 1497 4996 01
1523 4943 1588 5010 70.
1608 4945 1622 4994 0
1640 4941 1830 4994 -Chimaera
1852 4947 1890 4994 est
1925 4949 1971 4994 net
1987 4943 2013 4994 in
2039 4955 2067 4994 se
2095 4943 2190 5006 septies
2219 4943 2355 4994 denarium
2384 4949 2410 4994 et
2431 4941 2562 4994 binarium

572 5029 693 5084 condivit
710 5045 808 5096 corpus
826 5031 921 5084 Christi
935 5033 987 5084 500
1001 5033 1045 5084 60.
1058 5033 1110 5086 503
1124 5033 1167 5096 03,
1181 5033 1214 5084 68
1250 5033 1359 5084 uon-ens
1376 5031 1439 5086 ibid.
1925 5027 1977 5082 053
1996 5031 2012 5082 0
2031 5057 2067 5070 -
2086 5035 2190 5082 centurn
2219 5029 2409 5096 quinquaginta
2427 5033 2479 5082 tres
2507 5043 2565 5092 per·

573 5147 610 5156 —
626 5119 747 5172 nondum
764 5119 889 5172 credebat
908 5121 1126 5174 resurrectionem
1144 5117 1215 5172 Chri·
1304 5123 1423 5174 Nosruuu
1440 5119 1589 5172 -dicitur
1611 5117 1683 5186 quod
1712 5117 1827 5172 anobis
1851 5123 1890 5170 est
1926 5117 2063 5170 lectionem
2093 5115 2222 5180 significat
2246 5117 2352 5170 01500
2372 5119 2402 5168 00
2424 5123 2564 5168 ·-cente·

574 5207 622 5270 sti,
640 5211 729 5260 tamen
747 5209 860 5260 multum
878 5207 985 5260 amabat
1001 5207 1055 5258 500
1073 5209 1107 5258 68
1250 5207 1410 5274 acquisitum
1428 5207 1463 5258 01
1482 5205 1536 5258 300
1553 5207 1587 5258 06
1925 5205 2013 5256 narius
2041 5209 2080 5256 est
2106 5207 2238 5268 perlectus
2270 5211 2375 5270 propter
2406 5205 2563 5258 raditionem

626 5289 755 5348 Nicerotis
773 5321 808 5334 -
826 5299 902 5348 antea
930 5295 1067 5348 dicebatur
1091 5297 1215 5346 Emmaus
1305 5295 1432 5346 Norrssrm
1449 5321 1486 5330 -
1502 5293 1568 5344 liunt
1586 5291 1667 5354 primi
1684 5291 1889 5354 propterhumi-
1925 5291 2027 5342 denarii
2045 5303 2124 5356 supra
2144 5305 2171 5344 se
2189 5291 2278 5356 ipsum
2296 5295 2341 5348 011
2360 5291 2411 5346 380
2431 5295 2447 5346 8
2471 5321 2501 5332 —·
2521 5307 2565 5348 nu·

573 5381 618 5444 Vll
637 5383 689 5434 500
710 5383 744 5432 08
762 5411 797 5420 -
815 5387 856 5434 est
881 5381 975 5434 civitas
1001 5381 1125 5432 victoriae
1153 5379 1216 5432 ibid.
1250 5359 1481 5432 10000000010353
1500 5381 1536 5432 60
1925 5379 2047 5433 ranarius
2065 5379 2192 5444 competit
2210 5381 2386 5448 designationi
2399 5381 2501 5434 numeri
2516 5385 2563 5436 00-

572 5495 610 5506 -
627 5475 667 5522 est
684 5469 769 5534 ligura
788 5469 919 5522 Ecclesiae
945 5467 1079 5528 militantis
1099 5465 1161 5522 triu.
1304 5467 1467 5520 11001000-
1485 5465 1551 5519 Nihil
1570 5465 1650 5520 habet
1676 5465 1821 5520 novitatem
1842 5479 1890 5518 nec
1925 5467 2045 5530 getarum
2063 5473 2171 5534 propter
2190 5471 2334 5522 ternarium
2352 5471 2511 5536 triplicatum
2529 5469 2562 5524 ib.
2590 5461 2592 5464 ’

628 5557 698 5608 Nran
716 5585 752 5594 -
770 5559 821 5608 Res
840 5561 942 5608 creatae
960 5561 1022 5608 sunt
1041 5555 1215 5608 denihilon
1250 5559 1380 5620 quantum
1400 5555 1434 5608 ad
1451 5569 1508 5608 esse
1528 5567 1576 5606 nec
1595 5559 1722 5622 quantum
1733 5555 1768 5608 00
1787 5555 1843 5606 heri
1856 5555 1889 5608 Vl
1925 5555 1963 5608 00
1978 5583 2013 5596 -
2031 5555 2274 5624 quinquagenarius
2291 5561 2424 5626 consurgit
2437 5565 2565 5626 0000000-

575 5643 637 5708 70.
658 5645 729 5694 0--·Ι
746 5643 870 5696 Creatura
895 5641 945 5694 sibi
974 5643 1061 5696 relicta
1081 5641 1216 5696 00001000
1253 5641 1326 5694 060.
1346 5641 1535 5696 it—-hilectus
1551 5647 1705 5696 nosternon
1718 5643 1803 5696 statim
1824 5645 1890 5696 dele·
1924 5645 1998 5698 nario
2026 5657 2106 5710 super
2133 5659 2162 5698 se
2191 5647 2280 5714 ipsura
2307 5650 2447 5714 replicato,
2474 5649 2563 5702 addita

544 5747 545 5752 ¹
572 5729 636 5782 nihil
656 5727 718 5782 ibid.
737 5727 1215 5794 -Naturaleexprima'aptitudine,
1251 5735 1335 5782 ctatur
1363 5729 1389 5782 in
1415 5731 1489 5784 novis
1513 5731 1663 5798 servandis,
1686 5731 1737 5784 nisi
1755 5731 1890 5798 pauiaiive
1925 5735 2093 5788 0001000006
2122 5735 2155 5788 00
2172 5763 2209 5774 -
2229 5737 2472 5804 quinquagenarius
2498 5735 2565 5790 dasi-

572 5831 627 5870 000
646 5831 677 5870 ex
695 5817 850 5870 necessitate
860 5817 887 5870 in
900 5817 1010 5870 nihilum
1022 5817 1118 5870 resolvi
1130 5823 1218 5882 potest
1251 5819 1444 5872 manuducatur
1465 5819 1505 5872 011
1528 5819 1576 5872 130
1597 5819 1629 5872 85
1925 5829 1988 5888 goat
1999 5823 2181 5876 remissionem
2195 5825 2353 5888 septiformis
2369 5825 2565 5878 misericordiae

575 5905 627 5958 119
645 5919 673 5956 0.
691 5905 706 5956 0
726 5907 913 5960 -Peccatum
926 5905 1097 5960 diciturnihil
1115 5909 1217 5960 ratione
1304 5909 1358 5962 Nox
1373 5939 1413 5948 —
1428 5915 1469 5962 est
1491 5911 1555 5962 hora
1580 5909 1667 5978 quieta
1694 5909 1729 5964 Vl
1747 5909 1798 5962 076
1820 5913 1836 5964 3
1853 5939 1890 5952 ···
1925 5909 1986 5966 ibid.

572 5993 729 6060 privationis
746 5995 798 6048 009
818 5995 852 6046 00
871 6023 906 6032 -
924 5993 1031 6062 Aliquid
1044 5995 1139 6050 dicitur
1158 6011 1216 6050 esse
1250 5997 1311 6052 data
1330 6003 1368 6050 est
1387 5999 1624 6066 adquiescendum
1645 5999 1735 6052 0000.
1756 5997 1789 6050 00
1801 6029 1838 6038 -
1850 6005 1890 6052 est
1979 6001 2138 6054 1100000-
2156 6007 2286 6067 quaerunt
2303 6001 2349 6070 qui
2362 6003 2471 6056 terrenis
2483 5999 2565 6054 rebus

572 6083 637 6136 nihil
657 6083 683 6134 iu
701 6083 900 6150 comparatione
914 6083 1018 6138 maximi
1039 6083 1090 6138 060
1109 6083 1143 6138 37
1251 6089 1315 6140 11000
1336 6087 1637 6140 00101000000000785
1656 6115 1690 6128 ·-
1709 6091 1747 6140 est
1766 6101 1889 6152 expressa
1925 6089 2079 6142 deserviunt
2096 6089 2129 6140 01
2149 6089 2201 6140 070
2220 6091 2254 6142 05

626 6173 700 6224 Nuus
719 6199 753 6212 -
772 6179 810 6226 est
829 6173 864 6226 de
881 6173 1036 6228 huminibus
1053 6173 1169 6238 paradisi
1183 6175 1215 6228 Vl
1250 6175 1454 6240 repraesentatio
1473 6173 1640 6228 tenebrarum
1653 6179 1817 6228 aeternarum
1838 6177 1884 6228 000
1928 6239 1931 6244 .
1977 6175 2565 6230 10000000-0000000000000000000000

575 6259 625 6314 078
645 6273 673 6314 0.
691 6259 708 6312 7
1250 6275 1279 6316 0.
1298 6265 1331 6316 00
1695 6269 1696 6272 ’
1925 6263 1961 6316 ba
1977 6263 2129 6318 nuntiorum
2149 6263 2194 6314 bei
2213 6263 2257 6318 Vll
2276 6265 2310 6316 18
2330 6265 2410 6316 30-
2423 6263 2487 6318 boni
2504 6265 2565 6318 iide-

602 6349 939 6404 γ1000000--000000000
959 6349 1044 6404 nimbi
1065 6349 1216 6416 etpluviae
1305 6381 1340 6402 ,—
1358 6355 1398 6404 est
1415 6355 1520 6422 tempus
1537 6351 1614 6416 Legis
1633 6351 1666 6406 Vl
1685 6351 1731 6404 500
1757 6353 1790 6404 10
1808 6379 1844 6390 -
1862 6351 1890 6402 in
1923 6351 1981 6404 liter
2009 6357 2034 6404 et
2063 6350 2187 6404 velociter
2214 6359 2392 6418 exsequuntur
2422 6353 2565 6420 imperium

539 6479 543 6488 .
574 6439 696 6504 designat
727 6439 884 6494 descensum
916 6439 1029 6506 Spiritus
1057 6439 1140 6492 sancti
1171 6439 1216 6492 Vll
1250 6453 1302 6506 qua
1323 6441 1394 6494 Deus
1411 6449 1464 6492 non
1481 6443 1606 6504 operatur
1623 6443 1732 6504 prepter
1750 6451 1798 6492 nos
1816 6443 1844 6490 et
1859 6437 1888 6492 in
1925 6439 2026 6494 domini
2044 6437 2096 6492 000
2116 6439 2150 6492 90
2166 6467 2204 6476 -
2222 6439 2350 6506 Sapientis
2369 6443 2452 6496 nuntii
2469 6449 2510 6496 est
2526 6455 2566 6496 re·

575 6527 627 6580 330
647 6527 680 6580 80
698 6557 735 6566 -
752 6531 801 6584 Per
818 6525 940 6582 nimbum
960 6527 1110 6592 intelligitur
1128 6521 1216 6578 imber
1251 6527 1344 6594 nobis,
1361 6527 1434 6578 venit
1452 6533 1512 6592 post
1530 6527 1601 6580 diem
1618 6533 1765 6580 0000000000
1784 6527 1837 6578 375
1855 6527 1890 6580 06
1925 6541 2023 6594 sponsa
2041 6533 2110 6582 certa
2129 6529 2226 6580 reterre
2245 6527 2280 6582 00
2297 6529 2349 6584 057
2370 6531 2403 6584 08

572 6615 751 6680 lacrymarum
771 6615 804 6672 ib.
821 6617 858 6670 63
1251 6641 1286 6654 ··-
1298 6613 1416 6668 Christus
1433 6629 1487 6668 000
1505 6615 1638 6668 invenitur
1655 6615 1681 6668 in
1700 6621 1777 6668 nocte
1796 6615 1890 6680 culpae
1979 6617 2090 6670 Nurrrsa
2102 6645 2139 6658 -
2150 6615 2305 6681 Nuptiarum
2318 6619 2494 6684 corporalium
2509 6633 2568 6672 san·

500 6697 503 6708 ’
629 6707 759 6758 Nrutvrrtr
790 6731 825 6746 —
857 6703 1077 6758 cornmendantur
1107 6707 1216 6770 propter
1252 6701 1339 6756 5700
1925 6705 2007 6758 ctitati
2025 6711 2166 6772 attestatur,
2185 6707 2397 6774 quodDeuseas
2410 6707 2565 6760 anctoritate

573 6805 652 6846 suam
671 6793 857 6858 poenitentiam
877 6793 903 6846 in
925 6791 1120 6858 praedicatione
1139 6793 1216 6846 lonae
1305 6791 1389 6846 Nuaas
1406 6819 1441 6828 -
1460 6803 1490 6842 ex
1515 6803 1614 6856 vapore
1643 6791 1768 6856 grossiori
1793 6795 1821 6842 et
1847 6791 1891 6842 de·
1927 6793 2033 6860 propria
2061 6795 2089 6846 in
2112 6795 2235 6860 paradiso
2264 6795 2373 6848 instituit
2396 6801 2422 6848 et
2447 6797 2471 6848 in
2498 6801 2566 6848 terra

571 6877 619 6930 011
639 6881 689 6932 099
710 6881 743 6932 68
762 6881 882 6934 -inter
908 6885 960 6934 tres
986 6881 1044 6934 dies
1067 6881 1127 6932 facti
1147 6885 1215 6932 sunt
1253 6881 1377 6944 pressiori
1398 6879 1513 6932 consistit
1531 6881 1564 6934 01
1585 6879 1635 6932 000
1653 6893 1681 6932 0.
1700 6881 1715 6932 3
1732 6881 1841 6932 -Post
1852 6895 1891 6934 re·
1928 6893 1974 6936 sua
1988 6881 2136 6946 praesentia
2153 6881 2317 6936 consecravit
2334 6887 2359 6934 et
2378 6881 2565 6936 miraculorum
