5900 8266
425 2977 455 3022 116
467 2977 567 3022 secondo.

591 663 652 730 188

587 834 843 922 approbationem
867 835 1025 922 diligentis
1040 835 1242 922 subiungitur
1268 835 1318 904 hie
1342 837 1434 904 tertio
1458 837 1543 904 11661-

586 929 750 1026 poissimn
782 939 944 1008 absolutio
974 939 1165 1026 6661166116.
1199 941 1287 1008 Circa
1319 961 1413 1028 quam
1442 943 1543 1028 primo

587 1045 798 1114 introducitur
822 1047 956 1114 divinoe
978 1047 1149 1132 turpiculis
1176 1049 1299 1114 donum
1328 1049 1542 1134 plenarium:

588 1153 738 1232 secunde,
760 1149 927 1218 16166666
951 1153 1131 1238 impietatis
1147 1153 1311 1220 iudicium
1331 1153 1561 1238 perversum:

588 1259 695 1336 tertie,
718 1259 849 1324 devotae
873 1259 1082 1324 credulitatis
1103 1261 1261 1324 meritum
1280 1257 1473 1344 perfectum.

674 1363 779 1428 Primo
800 1363 898 1448 igitur
914 1367 1069 1448 quantum
1091 1363 1131 1428 ad
1146 1363 1280 1428 diuinae
1302 1361 1471 1448 terpitotis
1487 1363 1543 1438 de-

587 1489 669 1534 oum
697 1467 890 1554 plenarium
923 1469 1062 1534 dicitur:
1100 1467 1191 1534 utcu
1221 1475 1332 1534 661666
1362 1469 1408 1534 ed
1441 1467 1541 1534 illam.

587 1575 651 1642 Non
675 1581 723 1642 est
745 1573 896 1656 dubium,
919 1573 996 1660 quio
1020 1573 1138 1642 dixerit
1160 1573 1305 1642 Christus
1331 1573 1371 1640 ad
1393 1573 1543 1658 peccatri-

587 1701 672 1750 cem:
698 1683 922 1750 1161611166166
953 1681 1189 1768 61166666,
1220 1701 1281 1750 non
1315 1683 1415 1750 solum
1441 1682 1543 1768 quoad

587 1791 737 1876 colpum,
761 1789 932 1858 sedetiam
956 1789 1060 1876 quoad
1079 1809 1238 1876 peccunt,
1262 1789 1435 1856 secondum
1459 1789 1543 1876 quod

587 1895 711 1980 petebat
742 1893 940 1962 Manasses1:
968 1919 984 1952 «
1003 1895 1074 1960 Peto
1097 1911 1212 1978 rogans
1243 1899 1290 1972 te,
1315 1893 1461 1974 Domine,
1495 1911 1543 1960 re-

587 2001 674 2068 mitte
698 2001 792 2080 mihi,
818 1999 942 2068 remitte
965 1999 1062 2080 mihi,
1084 2017 1125 2066 ne
1147 1999 1241 2068 simul
1265 1999 1377 2086 perdas
1403 2017 1454 2066 me
1469 2017 1542 2068 eum

586 2107 804 2194 iniquitatibus
827 2107 904 2176 16616
928 2125 1030 2192 neque
1054 2107 1084 2172 in
1109 2113 1272 2174 aeternum
1298 2123 1440 2174 reserves
1463 2107 1545 2172 mala
1572 2163 1573 2166 ,

587 2233 699 2282 toea».
723 2215 807 2282 Hanc
830 2205 1045 2280 remissionem
1069 2211 1212 2278 Christus
1235 2213 1308 2280 16611
1331 2231 1389 2280 666
1410 2213 1542 2294 virtute:
1572 2197 1573 2286 ᾗ

586 2321 731 2386 Matthaei
748 2339 851 2386 nene:
875 2347 890 2380 s
904 2319 945 2386 Ut
959 2319 1080 2398 sciatis,
1097 2317 1173 2404 quia
1188 2319 1282 2386 Filius
1299 2319 1434 2386 hominis
1449 2321 1544 2386 habet

586 2433 770 2512 potestatam
793 2427 825 2494 io
841 2433 928 2494 terra
950 2419 1125 2494 dimittendi
1144 2433 1299 2510 peccata»
1320 2433 1393 2506 etc.;
1411 2427 1542 2494 1616616

584 2533 723 2598 decime:
754 2531 858 2600 «11616
882 2551 990 2600 omnes
1012 2532 1186 2618 Prophetae
1202 2533 1414 2600 testimonium
1439 2533 1545 2620 perhi-

586 2639 679 2716 bent,
701 2637 917 2732 remissionem
948 2647 1148 2736 peccatorum
1172 2641 1314 2726 accipere
1344 2659 1400 2728 per
1431 2659 1544 2710 nomen

587 2745 655 2812 eius
679 2763 802 2824 616666,
824 2747 880 2830 qui
905 2745 1039 2814 eredunt
1062 2747 1092 2812 in
1118 2765 1189 2814 eum
1208 2773 1239 2812 s.

677 2851 728 2920 83.
754 2851 948 2938 (11666191.
972 2853 1115 2920 Secundo
1137 2859 1293 2938 quantem
1314 2855 1353 2920 ad
1376 2851 1545 2920 11666666

587 2959 765 3044 trepidetis
790 2959 953 3026 iudicium
974 2977 1170 3044 perversum
1193 2959 1359 3028 subditur:
1383 2961 1425 3026 Et
1438 2977 1545 3046 coepe-

587 3073 670 3130 61161
690 3067 751 3154 qui
771 3065 874 3130 simul
896 3063 1143 3142 assuescebant,
1167 3065 1275 3130 elicere
1298 3063 1389 3130 iutro
1411 3085 1460 3142 sc,
1484 3065 1546 3130 sei·

586 3171 659 3238 licet
682 3171 762 3238 male
785 3170 950 3238 iudicando
974 3177 1005 3236 61
1028 3171 1132 3254 ipsum
1156 3169 1370 3254 despiciendo:
1397 3169 1479 3252 Quis
1498 3177 1545 3236 cst

588 3277 654 3356 laic,
678 3277 740 3364 qui
751 3277 852 3342 etiem
868 3283 1007 3360 peccota
1030 3275 1191 3342 (limittitl
1214 3275 1303 3362 quasi
1323 3275 1444 3342 dicant:
1471 3293 1542 3342 cum

587 3383 627 3448 sit
649 3401 767 3468 parvus
799 3389 828 3450 et
853 3381 978 3462 661166,
1007 3381 1166 3466 quemodo
1196 3383 1251 3448 sihi
1286 3381 1430 3448 attribuit
1460 3383 1545 3470 qued

588 3493 689 3574 petest
712 3489 798 3556 sotus
827 3489 933 3556 Deus?
956 3487 1049 3556 iuxta
1070 3487 1150 3554 illud
1180 3487 1274 3556 Isaiae
1304 3481 1545 3574 quadragesimo

588 3593 720 3688 certici:
749 3619 765 3652 «
783 3595 843 3678 Ege
866 3611 951 3674 sum,
970 3613 1026 3680 ege
1050 3613 1119 3660 sum
1140 3593 1221 3680 ipse,
1245 3593 1299 3678 qui
1318 3595 1407 3660 deleo
1430 3593 1545 3680 iniqui-

1172 663 1365 730 COMMENT.
1392 663 1428 730 ΙΝ
1452 661 1691 728 tunberctum
1714 661 1887 728 6116166.
1911 661 1984 726 Vlll.

1607 841 1687 904 tates
1711 841 1781 902 tuas
1811 841 1941 922 propter
1963 853 2014 902 me
2029 859 2060 898 6.
2076 847 2077 850 ’
2093 835 2130 900 Et
2151 833 2197 898 sie
2219 831 2414 904 verificatum
2447 839 2499 908 661
2524 829 2562 898 11-

1606 941 1661 1008 lud
1684 941 1888 1008 Ecclesiastici
1904 939 2151 1008 decimotertio:
2181 965 2197 998 6
2213 939 2334 1024 Pauper
2358 941 2484 1006 locutus
2500 943 2562 1018 est,

1606 1051 1639 1114 61
1665 1045 1791 1114 dieunt:
1824 1045 1900 1130 Quis
1931 1053 1977 1114 est
2009 1043 2061 1112 hie
2084 1043 2320 1118 »astuciam
2350 1045 2383 1114 io
2414 1043 2563 1114 cordibus

1607 1153 1673 1222 suis
1703 1153 1758 1238 qui
1788 1151 1885 1220 simul
1910 1153 2141 1222 manducabant
2171 1151 2277 1218 dolum
2301 1151 2496 1236 cogitabant,
2525 1157 2564 1218 ut
2671 1213 2673 1218 ,

1605 1259 1792 1344 impleretur
1816 1261 1893 1326 illud
1914 1261 2044 1326 Psalmi:
2075 1285 2088 1318 6
2106 1259 2135 1324 Si
2159 1257 2262 1342 isqui
2287 1257 2404 1324 oderat
2420 1275 2486 1336 me,
2508 1277 2562 1324 su-

1607 1383 1663 1450 per
1689 1381 1738 1432 me
1761 1383 1875 1450 magna
1897 1367 2159 1444 16661661616661,
2180 1363 2409 1432 abscondissem
2433 1381 2484 1432 me
2499 1363 2562 1430 ier-

1607 1471 1686 1536 sitan
1710 1469 1752 1536 ab
1772 1489 1821 1534 co.
1836 1471 1886 1536 Tu
1899 1489 1983 1536 sero
2000 1471 2093 1538 berno
2117 1469 2307 1538 unanimis»
2326 1475 2385 1536 etc.
2408 1469 2496 1536 Unde
2510 1467 2562 1536 isti

1606 1573 1689 1642 male
1710 1573 1877 1642 iudicando
1895 1571 1935 1642 de
1957 1575 2088 1642 sanitate
2104 1575 2189 1642 iliius
2210 1575 2463 1654 infirmabantur,
2482 1575 2563 1644 61661

1606 1681 1682 1748 dicit
1704 1681 1821 1748 Bedai:
1847 1681 1989 1748 «Sancta
2009 1689 2149 1768 aegrota,
2174 1681 2211 1750 de
2229 1673 2298 1750 eius
2319 1681 2421 1750 salute
2436 1681 2489 1750 alii
2510 1699 2562 1750 ae

1607 1793 1777 1872 ι6661661».
1806 1787 1839 1854 Et
1864 1787 1906 1854 sic
1928 1787 2123 1854 teristratum
2144 1794 2193 1853 est
2215 1788 2293 1855 illud
2309 1787 2387 1856 Osee
2411 1789 2561 1874 septime:

1613 1917 1629 1950 a
1643 1891 1721 1958 Cum
1751 1909 1863 1960 sanare
1892 1891 2003 1958 vetlem
2034 1891 2144 1970 lsrael,
2178 1893 2314 1958 revelata
2344 1899 2391 1960 est
2414 1895 2563 1978 iniquitas

1608 1995 1754 2082 Ephraim
1778 2005 1810 2064 et
1830 1995 1949 2062 malitia
1971 1995 2142 2074 Samariae,
2168 1997 2242 2080 quia
2264 1997 2460 2064 mendacium
2489 2017 2562 2082 ope-

1607 2105 1666 2170 rati
1691 2110 1764 2171 sont
1779 2131 1811 2170 a.
2251 2161 2252 2164 ,

1695 2209 1749 2276 st.
1785 2209 1884 2292 (Vere.
1919 2209 1995 2292 io).
2028 2209 2132 2278 lertio
2168 2217 2320 2296 quantum
2356 2209 2394 2278 ad
2429 2211 2562 2278 61666166
2579 2227 2697 2276 oetam.

1607 2315 1815 2384 credulitatis
1829 2315 1987 2382 meritum
1999 2311 2181 2402 perfectum
2198 2315 2365 2382 subditur:
2389 2315 2484 2382 Dicit
2498 2329 2562 2382 66-

1609 2431 1670 2490 om
1686 2425 1734 2490 od
1748 2423 1937 2492 mulierem:
1955 2417 2127 2526 Fides-tuo
2145 2431 2174 2490 16
2187 2423 2318 2490 salvom
2334 2421 2423 2510 (emt,
2443 2423 2562 2490 seilicet

1607 2551 1626 2598 a
1648 2531 1798 2618 peccatis:
1820 2529 1919 2616 16166,
1942 2531 2088 2618 inquam,
2113 2531 2246 2610 Christi,
2270 2531 2308 2598 de
2331 2549 2394 2618 qua
2417 2529 2562 2598 Matthaei

1605 2637 1748 2724 primol:
1769 2665 1787 2698 6
1803 2641 1870 2724 Ipse
1889 2641 2010 2704 salvum
2031 2639 2122 2706 166161
2139 2639 2292 2722 populum
2313 2655 2442 2718 souma
2458 2655 2562 2722 pecea-

1608 2747 1647 2814 tis
1670 2763 1780 2812 eorum
1797 2769 1833 2824 »3
1859 2753 1887 2812 et
1913 2745 1972 2812 hoc
1994 2745 2182 2828 6661111666
2207 2743 2246 2810 ad
2270 2745 2422 2810 Romanos
2450 2745 2559 2810 tertio:

1613 2851 1899 2918 «1)6661661111661
1921 2869 1992 2916 oum
2017 2849 2070 2934 qui
2095 2869 2136 2916 ex
2160 2849 2221 2916 fide
2243 2857 2292 2916 661
2312 2851 2381 2916 1666
2398 2851 2513 2916 Christi
2530 2877 2559 2916 ».

1607 2959 1642 3024 111
1666 2957 1741 3042 quia
1763 2957 1881 3022 iustitia
1917 2955 1988 3022 iacit
2010 2973 2118 3040 pacem
2150 2947 2223 3022 cum
2244 2957 2308 3022 Deo
2333 2961 2459 3022 etcum
2489 2973 2562 3022 oen-

1607 3061 1752 3142 seientia,
1784 3061 1853 3130 idco
1883 3061 2004 3130 subdit:
2038 3063 2122 3130 Vade
2155 3063 2189 3130 iu
2209 3081 2310 3148 peca;
2342 3061 2379 3130 ad
2409 3063 2574 3130 Romanosw

1607 3169 1759 3254 quinte⁵:
1784 3169 1805 3226 '«
1821 3167 1980 3236 iustificati
1995 3185 2072 3254 ergo
2094 3187 2136 3234 ex
2156 3169 2233 3246 fide,
2258 3187 2364 3254 pacem
2382 3169 2562 3236 ¹habeamus

1605 3273 1646 3340 ad
1669 3275 1769 3340 Deum
1784 3297 1818 3352 »;
1844 3281 1873 3340 61
1898 3273 1990 3340 isaiae
2014 3273 2274 3360 quinquagesimo
2292 3275 2441 3360 septimo:
2471 3275 2562 3342 «Ve-

1606 3379 1673 3446 niat
1694 3397 1758 3464 pax
1775 3387 1806 3448 61
1823 3379 1997 3466 requieseat
2014 3379 2045 3446 in
2058 3379 2154 3448 cubili
2171 3397 2230 3448 sue
2241 3405 2274 3462 »;
2291 3387 2328 3448 61
2342 3381 2381 3448 de
2397 3381 2450 3448 illa
2465 3381 2562 3466 possit

1606 3487 1668 3556 dici
1684 3487 1762 3554 illud
1778 3487 1944 3554 Malachiae
1961 3487 2113 3556 secundo:
2138 3513 2154 3548 c<
2168 3487 2202 3554 16
2219 3505 2293 3574 paee
2309 3487 2388 3556 etin
2404 3487 2561 3574 aequitate

1608 3593 1783 3660 ambulavit
1805 3611 1928 3662 mecum
1952 3601 1985 3662 ct
2008 3595 2123 3660 multos
2147 3595 2261 3662 avertit
2285 3595 2327 3660 ah
2349 3595 2559 3680 iniquitate».

1437 3915 1620 3986 Cremonen
1646 3915 1719 3982 tul.

601 4217 630 4270 16
650 4215 760 4270 secunda
778 4215 853 4302 paris
870 4215 987 4288 Apostoli
1006 4215 1176 4270 16616666166
1194 4215 1344 4288 specialiter
1360 4215 1389 4270 16
1406 4217 1527 4272 doctrina

896 4305 1009 4378 mystica
1030 4303 1233 4376 scripturarum.
1456 4315 1457 4318 ’

679 4539 707 4604 1.
732 4535 1360 4624 611661666161666666616866661
1377 4537 1477 4624 posita
1495 4543 1545 4606 est

523 4627 526 4636 ¹
588 4645 753 4712 instructio
773 4645 949 4712 communis
964 4645 1189 4730 discipulorum
1214 4645 1245 4710 in
1271 4645 1411 4712 doctrina
1430 4663 1542 4714 eorum

491 4741 492 4744 '
586 4769 668 4838 quae
692 4751 903 4838 requiruntur
917 4753 956 4818 ad
979 4751 1111 4822 salutem
1129 4751 1279 4820 omnium.
1301 4741 1334 4816 ln
1355 4759 1446 4836 parte
1469 4771 1544 4820 cero

476 5203 566 5248 Divisio.

588 4861 647 4926 ista
660 4857 808 4926 subditur
824 4859 990 4926 instructio
1013 4859 1167 4946 specialis
1181 4859 1218 4926 in
1230 4859 1389 4926 doctrino
1403 4861 1545 4948 tapsum

587 4965 855 5050 Scripturoreua.
874 4967 911 5034 Et
931 4965 1083 5052 queniam
1099 4967 1176 5034 haee
1192 4965 1334 5034 doctrina
1349 4965 1454 5034 turbis
1471 4987 1544 5052 pre

587 5073 771 5160 punitorio
794 5073 952 5158 parabolis
974 5079 1005 5140 et
1028 5073 1170 5158 aperitet
1193 5071 1353 5158 discipulis
1375 5077 1408 5140 et
1431 5075 1545 5140 coudr-

588 5183 693 5246 matur
715 5179 895 5260 miraculis,
918 5179 987 5246 ideo
1011 5197 1086 5264 pars
1107 5179 1167 5246 ista
1191 5171 1285 5246 hebet
1309 5185 1391 5244 tres:
1415 5179 1448 5244 in
1471 5197 1545 5266 qua·

587 5303 660 5352 rum
683 5285 786 5370 prima
797 5281 942 5372 ‘penitas
953 5287 1128 5374 instructio
1146 5285 1345 5372 6666661166
1361 5285 1395 5350 16
1410 5285 1545 5352 omeliis

588 5391 764 5478 mysteriis:
796 5393 933 5458 secunde
964 5411 1057 5472 vero,
1089 5389 1284 5480 1616666116
1310 5391 1490 5476 apostolico
1513 5393 1544 5458 16
1606 5447 1608 5452 ,

585 5497 705 5584 apertis
724 5497 878 5584 eloquiis,
908 5499 952 5566 ibi
966 5499 996 5564 ⁷:
1022 5501 1079 5566 list
1106 5505 1219 5564 entem
1251 5495 1331 5566 boec
1355 5497 1551 5584 percheto:

588 5605 681 5672 tertio
704 5615 798 5684 vero,
823 5603 1125 5690 cresconiadem
1145 5599 1337 5670 6611661166
1359 5605 1392 5670 16
1414 5605 1515 5670 manif
1530 5643 1546 5652 -

589 5713 645 5780 stis
666 5709 845 5792 miraculis,
869 5711 930 5776 ibi:
954 5713 1096 5778 Furtum
1121 5715 1167 5776 ast
1190 5717 1302 5776 661666
1324 5709 1359 5776 in
1382 5729 1454 5776 666
1478 5711 1544 5778 dic-

589 5837 667 5884 rum
690 5823 749 5884 ete.
1443 5843 1444 5846 ¹

658 6193 668 6224 ²
694 6197 720 6244 16
747 6205 793 6246 666
823 6193 941 6248 oratione
965 6193 1046 6262 (orat.
1074 6193 1235 6262 lleoessoe);
1260 6195 1341 6250 cedd.
1367 6199 1482 6262 allegant
1508 6199 1543 6250 ll.

587 6281 708 6352 Porutip.
728 6281 832 6336 6111166.
852 6313 888 6322 -
905 6285 962 6336 [too
983 6301 1056 6352 seqq..
1078 6285 1208 6338 16616661
1232 6287 1320 6338 Matth.
1335 6287 1368 6352 a,
1388 6287 1417 6338 1.
1437 6291 1461 6338 61
1487 6285 1544 6340 dot.

590 6373 636 6434 to,
655 6373 699 6424 aa.

659 6457 669 6490 2
691 6463 765 6514 Vers.
788 6463 834 6526 25,
853 6469 1011 6530 postquem
1031 6463 1108 6518 Ecdi.
1129 6463 1177 6530 13,
1196 6465 1239 6516 29.
1256 6469 1284 6516 et
1302 6461 1343 6516 Ps.
1361 6463 1407 6532 ct,
1425 6465 1468 6516 13.
1489 6479 1544 6532 seq.

656 6547 758 6604 ”Libo
782 6553 821 6604 111.
846 6551 877 6602 16
903 6553 966 6604 Luc.
988 6553 1019 6616 i,
1050 6551 1091 6604 ti.
1118 6551 1204 6604 Verba
1228 6553 1371 6616 allegantur
1393 6551 1551 6604 secondom

587 6639 705 6692 Glossam
726 6635 897 6692 ordinarium
916 6639 940 6690 in
953 6639 1016 6690 Luc.
1030 6637 1062 6700 t,
1078 6637 1120 6688 ta.
1133 6665 1169 6676 -
1181 6637 1306 6704 Sequilm
1323 6637 1389 6690 0666
1401 6637 1428 6702 i,
1448 6637 1473 6688 t.
1487 6639 1547 6690 Vat.

586 6727 709 6792 adiungit
728 6741 753 6778 v.
774 6727 816 6778 13.

656 6813 671 6846 ⁴
692 6817 764 6868 Vens.
791 6815 832 6868 et.
852 6843 887 6854 -
907 6813 1024 6868 Subinde
1044 6815 1173 6878 allegator
1196 6815 1274 6866 Rom.
1294 6817 1324 6878 3,
1349 6815 1389 6866 tta
1409 6841 1443 6852 ·-
1463 6815 1546 6878 Supe-

586 6907 643 6958 rius
662 6911 721 6972 post
746 6901 859 6970 scilicet,
876 6905 951 6972 qnod
970 6907 993 6956 11
1017 6903 1125 6970 emittit,
1148 6903 1307 6956 :minuimus
1322 6917 1385 6956 cuns
1407 6905 1464 6956 Vat.
1481 6907 1508 6954 61
1524 6903 1549 6954 F¹

589 7011 607 7050 6
622 6993 753 7066 mame,
771 6993 846 7060 qood
864 6993 908 7046 alii
928 6995 1005 7046 codd.
1022 6993 1154 7046 omitttmt.

1654 4217 1737 4274 Primo
1755 4219 1860 4290 ponitur
1879 4217 2020 4276 1661666116
2036 4219 2184 4292 parabolica
2204 4219 2230 4276 16
2249 4219 2358 4276 occultis
2376 4219 2511 4292 mysteriis

2020 4325 2065 4382 per
2083 4309 2146 4366 tria

1697 4539 1785 4606 Circa
1799 4541 1986 4634 doctrinam
1998 4539 2241 4628 6666161666,
2256 4561 2339 4626 quae
2354 4543 2563 4620 communiter

1607 4645 1693 4714 omni
1714 4647 1824 4732 penori
1847 4647 2010 4714 hominum
2033 4647 2220 4734 proponitur
2245 4647 2397 4732 audienda
2424 4653 2456 4714 et
2484 4649 2571 4736 dpe-¹

1604 4753 1697 4822 stolis
1724 4753 1938 4840 intelligenda,
1968 4755 2215 4822 introducuntur
2248 4753 2318 4822 tria.
2345 4753 2484 4822 Primum
2513 4759 2564 4822 est

1604 4861 1810 4928 moderantia
1832 4861 2057 4930 mollitudinis
2086 4861 2126 4928 ad
2144 4861 2355 4942 audiendum;
2387 4861 2562 4930 secundum

1604 4975 1655 5036 est
1675 4967 1859 5052 propositio
1889 4965 2120 5034 sinaititudinis
2140 4967 2181 5032 ad
2210 4965 2500 5046 manuducerdum,
2528 4973 2563 5034 et

1607 5075 1668 5142 hoc
1692 5073 1732 5140 ibi
1747 5073 1777 5140 8:
1804 5073 1895 5140 Eaiit
1915 5071 1974 5160 qni
1996 5071 2139 5140 66611661
2159 5079 2237 5150 616;
2254 5071 2383 5138 tertium
2406 5077 2453 5138 661
2476 5071 2564 5138 asci-

1605 5181 1690 5248 totio
1715 5179 1948 5246 sollicitudinis
1970 5179 2010 5244 ad
2025 5177 2277 5264 intelligendum,
2300 5177 2386 5262 quod
2413 5177 2565 5246 describi·

1608 5295 1661 5356 tur
1685 5286 1745 5353 ibi:
1770 5287 1859 5352 Haec
1883 5285 2008 5364 diceus,
2031 5283 2200 5350 6161661161
2221 5289 2278 5350 616.

1696 5391 1856 5474 (16661661
1875 5389 1914 5456 ad
1930 5389 2069 5476 primum
2091 5389 2277 5470 notandum,
2293 5389 2379 5476 qued
2396 5389 2437 5458 ad
2449 5389 2728 5476 doctri-renosco

1607 5517 1680 5566 6616
1702 5489 1820 5564 Christi
1853 5501 1923 5562 erat
1946 5515 2129 5564 6666666616
2150 5497 2439 5566 6616661666
2470 5515 2565 5566 causa
2591 5467 2729 5620 griffi}

1609 5601 1824 5688 quadruplici,
1849 5601 2020 5670 6666661616
2048 5603 2131 5690 qued
2165 5623 2205 5672 ex
2230 5603 2334 5670 littera
2357 5611 2461 5688 potest
2491 5621 2564 5670 cen-
2591 5575 2715 5682 ‘pistura

1609 5709 1681 5776 iici:
1711 5709 1786 5794 quia
1820 5709 1946 5796 quidam
1984 5709 2212 5778 comitabantur
2246 5709 2407 5778 Christum
2443 5711 2563 5780 ratione
2621 5695 2703 5728 causat.

1571 5851 1573 5856 ·
1607 5815 1751 5912 susecpti
1768 5815 1885 5906 offleii,
1909 5823 1947 5884 61
1967 5817 2117 5902 Apostoli:
2136 5817 2278 5904 quidam,
2303 5817 2424 5886 ratione
2439 5819 2565 5906 accepti

1680 6193 1784 6250 ὅ11616.
1812 6199 1835 6248 1.
1855 6223 1889 6236 -
1910 6199 1965 6248 Duo
1994 6209 2067 6262 seqq.
2094 6195 2142 6248 leci
2169 6201 2229 6248 suut
2252 6195 2309 6246 lsai.
2334 6193 2382 6256 57,
2407 6197 2434 6244 1.
2462 6201 2487 6246 61
2510 6195 2562 6248 1116-

1607 6287 1676 6338 666.
1691 6287 1724 6348 6,
1742 6285 1768 6334 a.

1679 6371 1690 6402 ⁶
1708 6373 1759 6428 Cir.
1772 6387 1796 6426 6.
1808 6373 1833 6424 t.
1848 6373 1929 6424 6.·21.
1947 6401 1982 6412 -·-
2000 6373 2109 6424 lnterios
2124 6379 2185 6436 post
2196 6371 2226 6426 in
2237 6369 2362 6426 16616166
2380 6375 2471 6424 contra
2482 6373 2562 6426 codd.

1608 6467 1633 6514 61
1653 6463 1709 6514 vat.
1729 6463 1749 6514 A
1767 6461 1864 6515 emittit
1880 6461 1994 6532 mystico
2013 6461 2048 6528 (c.
2066 6463 2091 6514 6.
2111 6475 2136 6512 6.
2156 6461 2197 6514 ut.
2218 6457 2361 6530 mysterii).

1679 6547 1689 6578 a
1710 6551 1784 6602 vers.
1805 6551 1851 6612 li;
1869 6551 1974 6604 tertium
1992 6551 2104 6604 trahetur
2118 6565 2145 6602 v.
2165 6553 2208 6602 11.

1679 6635 1783 6688 “Vetat
1800 6637 1832 6702 53
1852 6637 1956 6690 tertium
1977 6637 2130 6702 proponitur
2150 6653 2175 6688 6.
2193 6639 2220 6688 8.
2234 6665 2268 6676 -
2292 6637 2351 6692 Met.
2369 6639 2443 6704 legit:
2464 6639 2563 6694 Scenit-

1607 6725 1674 6778 ctmo
1687 6727 1726 6778 est
1740 6727 1881 6792 proportio
1894 6725 2078 6782 similitudinis
2088 6725 2127 6780 od
2141 6725 2388 6796 manifestandam,
2403 6745 2472 6796 quae
2481 6729 2561 6796 611661

1605 6811 1722 6866 subinde
1742 6813 1801 6866 voci
1817 6811 2005 6868 sollicitudinis
2027 6813 2060 6882 [C
2072 6817 2096 6866 H
2113 6813 2304 6886 multitudinis]
2321 6817 2442 6882 praefigit
2460 6821 2562 6886 apuam-

1610 6899 1683 6956 11666.
