5908 8266
701 619 769 676 MOA
1084 535 1120 602 IN
1145 531 1439 600 cuuuuuvtulus
1462 535 1491 602 S.
1516 533 1740 604 sublevante
1898 507 1900 512 ,
2055 623 2125 678 ΜΘΗ
2339 535 2403 602 795

415 713 554 774 praecepta
576 707 695 776 decalogi
716 709 767 764 479
787 713 818 764 49
839 741 871 750 -
893 713 939 764 999
965 711 1056 764 decem
1095 725 1154 764 sum
1174 707 1319 762 babentib.
1331 725 1356 760 9.
1372 709 1437 760 5-
1450 713 1475 762 ln
1496 714 1554 764 actu
1574 711 1731 776 cognitionis
1770 713 1812 764 vel
1832 717 1952 776 tempore
1969 711 2019 764 sibi
2037 725 2052 764 a
2072 713 2127 766 lieo
2144 713 2280 776 praefinito
2301 715 2328 764 64
2349 713 2404 780 (9.3

416 809 490 850 mnas
509 797 656 852 insinuatur
673 797 843 866 intelligentia
859 801 975 864 perlecta
990 797 1056 852 Scri·
1094 797 1215 850 viventes
1231 797 1395 862 praeceliunt
1412 803 1530 850 mortrvos
1547 795 1610 852 9949.
1769 827 1805 840 -
1824 801 1955 866 Tempore
1972 815 2036 852 suae
2056 801 2144 854 salutis
2156 801 2304 854 moriuntur
2317 813 2406 854 omnes

415 889 551 950 ptulerunt
572 883 633 940 9999.
1146 917 1182 926 -
1202 884 1316 954 Quilibet
1334 887 1425 938 vivens
1439 891 1683 952 quantolocumque
1697 887 1731 938 vi·
1769 887 1833 938 boni
1850 893 1878 938 et
1895 887 1956 938 nulli
1973 887 2083 938 finaliter
2100 887 2163 938 mali
2183 885 2247 938 9999.

469 1001 501 1012 -
523 973 687 1040 spiritualiter
708 973 785 1026 datur
801 975 838 1026 ad
865 973 1056 1040 negotiandum
1094 973 1125 1026 lis
1145 975 1234 1028 melior
1255 979 1293 1028 est
1311 979 1415 1028 mortuo
1429 971 1510 1024 94173
1529 987 1556 1024 9.
1577 973 1591 1024 4
1610 1001 1647 1012 --
1663 973 1731 1026 ltlor-
1824 1001 1854 1012 -
1877 973 1926 1040 Qui
1946 987 1998 1026 non
2015 987 2043 1026 se
2064 979 2222 1040 praeparant
2241 977 2273 1028 ad
2294 982 2404 1029 mortem
2435 999 2442 1014 ·

415 1061 593 1128 praedicando
609 1067 636 1112 et
655 1061 835 1114 bucdflcando
848 1061 891 1114 vlt
905 1061 956 1114 479
974 1063 1009 1114 96
1022 1091 1055 1100 --
1094 1067 1155 1116 tuus
1184 1065 1333 1128 praefertur
1363 1061 1425 1114 vivo
1452 1061 1476 1112 in
1503 1061 1730 1124 exaggerationem
1769 1063 2028 1126 comprehenduntur
2048 1067 2166 1126 tempore
2192 1061 2261 1116 malo
2284 1065 2328 1116 Vll
2353 1063 2405 1116 397

415 1151 511 1202 dicitur
530 1149 654 1214 scientia,
671 1147 754 1212 gratia
776 1153 800 1202 et
819 1151 935 1202 doctrina
957 1151 1008 1202 485
1023 1151 1054 1202 36
1093 1151 1272 1214 praesentium
1290 1151 1449 1204 malitiarum
1466 1155 1490 1202 et
1510 1147 1683 1202 miseriarium
1698 1149 1729 1200 38
1769 1151 1803 1202 59
1823 1177 1857 1190 --
1879 1151 1907 1202 444
1926 1163 2031 1216 semper
2051 1151 2134 1202 simus
2151 1151 2406 1214 parati,noloitDo·

414 1265 450 1278 -·
468 1241 506 1292 est
526 1237 636 1304 pecunia
655 1235 731 1288 nobis
749 1251 871 1292 concessa
893 1237 927 1290 ad
948 1239 1052 1290 49999496-
1093 1253 1119 1304 q.
1135 1241 1145 1292 l
1160 1241 1366 1308 -Simpliciter
1386 1239 1675 1306 loquendopraeiertur
1693 1237 1730 1290 vi·
1769 1237 1872 1302 miuus,
1890 1251 1941 1290 nos
1952 1239 2075 1304 ignorare
2086 1239 2180 1290 boram
2193 1239 2283 1292 mortis
2298 1243 2323 1292 et
2333 1239 2405 1292 diem

416 1325 531 1380 candum
548 1323 660 1380 9999-
623 1325 765 1388 —magis
782 1325 828 1378 dat
817 1331 859 1378 tur
877 1325 901 1376 ei
918 1325 1056 1394 quibabet
1093 1343 1158 1382 vens
1166 1333 1293 1398 mortuo,
1313 1331 1362 1382 nisi
1382 1329 1493 1382 addatur
1520 1325 1635 1380 conditio
1652 1325 1731 1378 beati·
1769 1325 1859 1380 iudicii
1879 1325 1940 1380 99994.

415 1415 508 1468 decem
528 1411 561 1466 99
581 1413 668 1466 37-
693 1413 739 1478 qui
767 1413 845 1466 babet
868 1415 980 1468 decem
990 1415 1056 1468 desi·
1093 1395 1312 1472 (9999999999
1278 1415 1731 1484 -Upraeterturvitaerationecon
1796 1441 1856 1454 ¹-
1876 1415 1923 1466 Per
1943 1421 2053 1468 mortem
2073 1413 2156 1466 carreis
2180 1414 2273 1468 tollitur
2293 1419 2405 1468 bomoa

416 1509 479 1566 goat
495 1501 553 1554 illos
572 1499 616 1568 qui
637 1501 739 1554 ludaico
760 1505 858 1568 populo
888 1505 1055 1570 praedicar-e
1091 1505 1224 1572 sequentis
1242 1505 1323 1572 58q.
1343 1507 1406 1556 Ι--Ι
1417 1519 1471 1556 non
1494 1507 1639 1570 praefertur
1659 1505 1729 1556 vitae
1769 1503 1867 1556 muodo
1887 1503 1917 1554 vl
1939 1503 1990 1554 473
2010 1501 2093 1556 97-
2105 1503 2405 1556 Denativitatevenitur

415 1595 477 1642 runt
493 1587 556 1644 ibici.
1092 1595 1191 1646 ratione
1210 1595 1250 1646 sui
1270 1591 1302 1646 99.
1325 1595 1351 1646 4
1768 1593 1803 1646 ad
1822 1597 1932 1644 mortem
1951 1591 2029 1642 999.
2050 1593 2115 1642 9-
2126 1589 2163 1642 De
2183 1589 2235 1642 9949
2249 1591 2281 1644 ad
2294 1597 2405 1644 mortem

362 1663 364 1668 ’
469 1705 503 1718 ·-
522 1677 612 1732 decem
634 1679 774 1734 drachmas
794 1683 921 1748 appendit
941 1683 983 1734 Vll
1004 1681 1054 1736 479
1145 1711 1180 1718 -
1199 1683 1291 1734 ilortui
1312 1683 1378 1734 mala
1397 1687 1422 1734 ct
1442 1683 1605 1736 crudelitates
1619 1697 1671 1736 uon
1691 1681 1731 1736 vi·
1768 1681 1908 1734 transimus
1940 1679 2034 1732 9499.
2057 1679 2142 1732 45-
2161 1677 2239 1744 Quod
2262 1691 2316 1732 non
2339 1679 2406 1730 99994

417 1767 505 1818 49-
469 1781 576 1818 —uua
596 1769 656 1820 laert
672 1769 765 1822 decem
785 1769 832 1824 489
857 1773 945 1822 96-
963 1775 1002 1822 est
1015 1783 1055 1822 re-
1092 1769 1153 1820 dent
1171 1769 1304 1822 944379.
1325 1771 1389 1820 3-
1400 1769 1494 1822 llortui
1513 1783 1565 1822 non
1583 1771 1730 1824 babent
1767 1785 1821 1824 non
1838 1775 1879 1824 est
1895 1771 2006 1822 mortale
2024 1769 2122 1820 908
2141 1765 2175 1820 47

415 1855 498 1922 posita
519 1857 544 1908 io
563 1857 683 1922 sudario,
704 1859 810 1926 quando
831 1859 930 1912 allectio
951 1865 1055 1910 mortua
1092 1857 1230 1908 lectionem
1260 1857 1293 1908 ad
1323 1859 1457 1910 rmmdana
1478 1859 1514 1910 75
1531 1873 1559 1924 q.
1579 1859 1593 1910 4
1614 1889 1648 1898 —-
1666 1859 1730 1910 lllor-
1826 1885 1862 1900 -
1880 1857 2029 1910 Formidare
2059 1863 2169 1910 mortem
2194 1857 2326 1910 voluntate
2352 1871 2407 1908 sen

415 1943 447 1998 ad
469 1945 617 2012 proximum
644 1946 780 2000 abscondit
806 1949 938 2016 loqtvelam
968 1951 993 1998 99
1012 1945 1056 1998 do·
1077 1949 1152 1994 tuus
1168 1957 1222 1996 non
1240 1943 1351 1996 9999994999
1371 1949 1399 1996 ut
1415 1945 1491 2008 prius
1510 1945 1535 1996 in
1556 1945 1607 1998 viia
1626 1945 1660 1996 74
1673 1947 1729 1998 996
1768 1947 1893 2000 sualitatis
1910 1959 1962 1998 non
1982 1951 2022 1998 est
2039 1947 2137 1998 malum
2157 1943 2262 1998 94449
2282 1943 2405 1998 494*-

415 2035 524 2088 ctrinam
543 2039 652 2098 propter
669 2035 766 2086 malam
789 2037 888 2096 vitam,
906 2035 948 2084 vel
967 2033 1055 2086 cordis
1093 2059 1127 2068 -·
1145 2031 1262 2082 Mortuus
1288 2037 1358 2082 tenet
1385 2031 1516 2096 quidquid
1543 2033 1635 2084 aetatis
1659 2039 1729 2084 retro
1768 2039 1809 2086 est
1826 2039 1915 2084 contra
1935 2035 2092 2086 voluntatem
2123 2033 2265 2086 naturalem
2288 2033 2340 2086 597
2362 2033 2403 2084 49.

416 2123 550 2174 dissidium
572 2123 621 2172 484
643 2123 673 2174 33
695 2147 729 2160 -·
747 2121 1055 2184 absconditumcompu-
1092 2123 1132 2170 est
1150 2117 1201 2168 588
1222 2117 1237 2168 4
1256 2145 1291 2158 -
1314 2117 1407 2170 ltlortui
1433 2121 1497 2168 baec
1520 2119 1653 2170 mundana
1678 2133 1729 2172 non
1769 2123 1821 2172 598
1840 2119 1874 2172 48
1892 2147 1929 2160 -
1946 2121 1974 2172 in
1994 2121 2117 2186 paradiso
2135 2135 2189 2174 non
2206 2117 2403 2174 eratexne'ces·

414 2209 477 2260 truit
494 2207 555 2262 9999.
576 2235 610 2246 -
629 2207 656 2258 in
674 2207 781 2260 sudario
800 2221 852 2260 nou
867 2207 1055 2270 multiplicatur
1091 2213 1221 2260 noverunt
1239 2203 1275 2258 75
1293 2219 1321 2272 q.
1341 2205 1356 2258 4
1376 2233 1409 2244 -
1428 2207 1522 2258 Mortui
1550 2219 1602 2258 non
1623 2207 1728 2258 suntin
1768 2207 1842 2258 silete
1865 2207 1933 2258 sicut
1958 2219 2045 2270 nune,
2066 2207 2112 2260 sed
2131 2223 2160 2258 ex
2179 2209 2346 2272 possibilitate
2360 2209 2403 2262 Vll

416 2293 478 2348 99999.
1093 2297 1220 2348 memoria
1239 2295 1436 2348 mundanorum
1455 2291 1518 2346 9999.
1769 2293 1821 2348 545
1840 2293 1875 2346 49
1893 2295 2082 2346 -Hominem
2103 2295 2190 2348 taedet
2207 2297 2274 2348 vitae
2295 2305 2403 2360 propter

470 2383 633 2436 blano-est
646 2381 728 2446 figura
743 2385 886 2436 carnalium
900 2383 1008 2436 9444539
1022 2383 1054 2436 57
1144 2413 1179 2420 -
1199 2385 1316 2436 lllortuus
1333 2381 1454 2434 laudatur
1474 2381 1669 2446 comparatione
1694 2381 1730 2434 vi·
1768 2381 1860 2434 mortis
1879 2381 2039 2434 imminentis
2058 2385 2194 2434 horrorem
2218 2381 2254 2434 Vl
2271 2383 2307 2434 95
2324 2399 2352 2436 v.
2373 2385 2404 2436 47

470 2471 597 2524 Monesen
614 2501 651 2508 -
668 2471 717 2522 Per
735 2471 892 2526 modestiam
917 2487 1056 2526 conversa-
1092 2471 1210 2526 rentium
1239 2473 1272 2526 944
1301 2471 1335 2522 49
1352 2485 1382 2540 q.
1400 2473 1414 2522 9
1435 2499 1469 2510 -
1488 2471 1551 2522 99999
1579 2471 1668 2524 utilius
1693 2473 1731 2522 est
1767 2497 1805 2510 -
1822 2471 1941 2534 corporis
1959 2483 2013 2522 uon
2031 2475 2071 2522 est
2088 2469 2217 2532 timenda,
2233 2471 2292 2536 quia
2308 2475 2406 2536 tempo-

416 2559 492 2612 tionis
512 2561 658 2613 custoditur
675 2561 756 2612 bonno
775 2575 854 2614 sanus
868 2563 900 2616 Vl
913 2561 960 2613 561
978 2577 1005 2614 9.
1021 2561 1053 2614 44
1091 2561 1167 2614 malis
1186 2573 1266 2628 quam
1284 2561 1377 2612 999999
1396 2559 1429 2612 68
1450 2573 1475 2612 9.
1502 2561 1541 2612 49.
1562 2559 1594 2612 69
1615 2573 1641 2626 q.
1660 2561 1676 2610 9
1696 2585 1731 2598 ·-
1768 2559 1829 2612 ralis
1847 2565 1875 2612 et
1891 2565 2074 2612 momentanea
2093 2557 2137 2610 Vll
2156 2559 2208 2610 349
2229 2561 2245 2610 8
2261 2565 2349 2612 -est
2363 2561 2407 2612 tri-

470 2649 603 2702 lloesrrrn
623 2649 719 2702 -Pec
731 2651 888 2704 moestitiam
902 2651 988 2704 cordis
1002 2651 1054 2704 dia·
1092 2651 1155 2702 llori
1183 2655 1221 2702 est
1240 2649 1277 2702 ire
1295 2651 1322 2702 in
1340 2649 1452 2702 dolitum
1479 2649 1640 2702 aeternitatis
1667 2661 1730 2700 suae
1768 2646 1881 2710 stabilis,
1908 2647 1985 2700 cuius
2010 2647 2064 2698 9949
2088 2651 2129 2698 est
2150 2647 2262 2700 multum
2287 2647 2406 2700 amabilis

416 2735 492 2790 bolus
512 2739 618 2792 dilaniat
638 2742 661 2791 et
686 2739 839 2806 praecipitat
865 2741 893 2792 in
920 2741 1054 2804 impatien-
1092 2739 1263 2792 949-5
1280 2739 1433 2804 temporalis
1451 2743 1521 2790 extra
1540 2737 1682 2790 terminum
1695 2753 1730 2788 vr
1768 2735 1913 2790 99975
1929 2735 2056 2800 unigeniti
2074 2741 2186 2788 estcum
2205 2735 2406 2802 magnodolore

416 2825 478 2878 liam
499 2827 541 2880 Vll
561 2827 606 2878 944
632 2827 664 2878 76
1091 2835 1134 2882 tae
1151 2833 1260 2882 naturae
1277 2829 1351 2892 ponit
1372 2827 1467 2880 4479.
1487 2827 1568 2880 44-
1580 2825 1730 2892 temporalis
1766 2823 1884 2878 ibid-
1899 2825 1949 2876 Per
1976 2825 2097 2876 accidens
2126 2827 2150 2876 et
2179 2837 2208 2876 99(
2237 2825 2405 2894 consequenti

470 2915 610 2968 lloene-
629 2891 775 2980 spirituales
791 2923 852 2972 sunl
865 2931 926 2984 spes
940 2923 964 2970 et
976 2917 1056 2972 tunor
1092 2923 1132 2970 est
1149 2917 1225 2984 quasi
1246 2915 1339 2970 umbra
1359 2917 1451 2970 mortis
1469 2917 1568 2970 4959.
1587 2917 1655 2966 4-
1668 2919 1730 2968 tem·
1767 2913 2103 2980 appetuutmortemqui
2096 2917 2222 2978 appetunt
2241 2919 2340 2978 acturm,
2360 2915 2405 2982 qui

349 3041 350 3044 ¹
416 3003 585 3056 Virtutes
1093 3007 1189 3072 pornlis
1206 3009 1245 3058 est
1263 3007 1373 3074 quidam
1391 3005 1514 3060 transitus
1526 3005 1653 3058 9949949999
1667 3001 1730 3058 999
1768 3009 1809 3056 est
1824 3017 1902 3056 causa
1922 3003 2012 3056 mortis
2030 3003 2065 3056 Vl
2084 3003 2134 3054 446
2154 3017 2183 3072 v,
2200 3003 2234 3054 49

469 3091 673 3144 4499999999-
683 3091 795 3146 9999499
825 3095 996 3148 amovendo
1022 3095 1129 3148 Vl-
1130 3095 1299 3158 gehennalis
1318 3095 1472 3158 ponitexua
1487 3095 1612 3146 termines
1632 3095 1731 3158 gloriae
1820 3119 1857 3132 --
1875 3095 1913 3144 est
1933 3105 2016 3158 poena
2034 3097 2061 3144 et
2077 3107 2142 3156 pura
2163 3069 2265 3146 allliclio
2281 3093 2315 3146 944
2334 3093 2401 3144 699

418 3179 468 3230 483
488 3193 516 3230 v.
534 3179 568 3230 99
683 3221 684 3224 ,
816 3179 818 3182 ’
1094 3181 1144 3234 447
1162 3195 1191 3234 9.
1210 3181 1245 3234 44
1767 3183 1891 3234 -Deus
1912 3179 1977 3232 ruste
1992 3185 2103 3234 mortem
2118 3179 2209 3246 rnllrgrt
2222 3179 2405 3246 peccatoribus

335 3251 353 3258 ”
470 3267 539 3318 lions
557 3293 593 3306 —
611 3271 651 3318 est
667 3265 740 3320 locus
761 3269 877 3320 optinens
901 3275 926 3322 et
945 3283 959 3320 a
978 3275 1056 3320 terre·
1145 3297 1182 3308 -
1200 3269 1558 3332 nibilest,etideocausam
1576 3271 1731 3324 allicientem
1768 3269 1862 3320 merito
1881 3275 2049 3332 peecatorum
2069 3281 2179 3320 suorum
2198 3269 2249 3320 949
2267 3285 2295 3322 v.
2315 3269 2346 3320 l3
2370 3297 2404 3308 -

293 3373 297 3386 ·
356 3407 357 3410 ,
416 3353 458 3408 nis
475 3353 510 3406 ad
528 3355 648 3408 caelestia
666 3361 804 3418 porrectus
833 3357 878 3410 Vll
897 3357 944 3408 934
968 3355 1001 3408 46
1022 3385 1056 3394 -
1093 3355 1257 3418 nonhabet,
1276 3355 1508 3410 seddetlcientem
1526 3359 1561 3410 Vl
1580 3359 1632 3410 949
1650 3373 1677 3410 v.
1698 3357 1729 3408 43
1767 3359 1853 3410 Homo
1873 3357 1964 3410 merito
1984 3361 2151 3422 peccatorum
2174 3369 2280 3410 sitorum
2298 3359 2404 3410 inmor-

416 3443 465 3494 Per
488 3449 604 3496 montem
635 3443 784 3508 intelligitur
812 3445 960 3500 excellentia
986 3445 1057 3496 vitae
1092 3471 1129 3482 --
1146 3449 1186 3494 esi
1204 3457 1252 3508 per
1270 3443 1451 3508 impotentiam
1470 3447 1615 3498 naturalem
1633 3445 1686 3498 300¹
1697 3443 1731 3496 74
1768 3451 1821 3498 tem
1840 3459 1871 3496 se
1888 3445 1992 3498 reducit
2012 3445 2064 3496 906
2082 3461 2110 3498 v.
2129 3447 2142 3496 8
2162 3473 2199 3484 --
2217 3447 2244 3498 lo
2261 3447 2404 3500 damnatio·

416 3531 452 3584 Vl
471 3533 556 3584 6933
586 3559 621 3572 -
645 3536 684 3584 cst
708 3531 819 3584 idoneus
844 3533 1057 3598 contemplationi
1093 3559 1130 3572 -
1148 3533 1216 3584 Deus
1235 3545 1287 3584 non
1307 3537 1345 3584 est
1364 3545 1443 3586 catrsa
1461 3533 1593 3584 meritoria
1613 3545 1660 3584 nec
1681 3533 1731 3584 eili-
1768 3545 1828 3584 nem
1848 3533 1941 3584 mortis
1958 3533 2055 3586 cecidit
2072 3533 2154 3584 Adam
2176 3545 2237 3585 cum
2255 3547 2303 3586 sua
2320 3543 2406 3598 poste·
2461 3521 2464 3530 '

416 3625 443 3674 et
462 3621 572 3674 orationi
596 3621 641 3674 Vll
665 3621 712 3672 934
746 3621 778 3674 46
806 3647 841 3660 -
870 3621 942 3686 ripen
961 3619 1056 3674 montis
1093 3621 1165 3674 ciens
1185 3621 1290 3684 mortis,
1305 3619 1483 3674 babettamen
1498 3627 1649 3686 potestatem
1664 3635 1731 3674 mnr-
1767 3621 1842 3674 ritate
1862 3621 1893 3672 73
1915 3621 1976 3674 9.4
2005 3651 2040 3660 ψ
2068 3623 2191 3674 Peccator
2218 3621 2297 3676 debet
2322 3623 2403 3688 mori,

417 3709 540 3774 competit
570 3709 804 3772 contemplantibus
833 3711 884 3762 939
910 3709 945 3760 79
969 3709 1056 3762 -ln
1093 3711 1126 3762 tis
1145 3711 1196 3762 949
1214 3725 1241 3762 9.
1262 3701 1294 3762 43
1315 3737 1348 3748 -
1371 3715 1479 3762 naturae
1507 3723 1560 3762 uon
1578 3715 1650 3762 esta
1679 3711 1732 3762 Deo
1768 3711 1830 3776 quia
1851 3709 1946 3762 meruit
1964 3709 2015 3762 446
2036 3709 2068 3762 49
2089 3709 2118 3762 9*
2134 3709 2285 3774 —Corpus
2297 3719 2404 3776 propter

416 3811 526 3850 ascensu
544 3797 641 3850 trientis
663 3797 801 3860 designaut
804 3813 834 3852 ur
851 3803 964 3866 quatuor
983 3803 1056 3850 actus
1091 3803 1220 3864 quantum
1235 3797 1472 3860 adpcivationem,
1487 3797 1533 3852 sed
1552 3803 1679 3866 quantum
1698 3797 1733 3850 ad
1768 3803 1861 3864 peccat
1862 3811 1905 3850 um
1935 3797 2081 3852 necessitati
2103 3799 2240 3856 moriendi
2269 3799 2403 3854 addictum

402 3885 486 3940 'vitae
507 3887 735 3950 contemplativae,
756 3901 782 3938 m
794 3887 922 3940 descensu
943 3891 1056 3954 quatuor
1092 3899 1199 3938 sensum
1217 3887 1320 3940 doloris
1343 3887 1393 3938 446
1422 3903 1449 3940 9.
1472 3889 1557 3938 43-
1579 3901 1633 3938 non
1660 3891 1733 3940 esta
1769 3893 1809 3938 est
1827 3887 1874 3938 454
1898 3899 1925 3938 9.
1945 3887 1954 3938 4

345 3995 346 3998 ¹
416 3977 486 4028 vitae
515 3975 612 4028 activae
632 3971 748 4028 9999.-
768 3981 807 4028 est
833 3977 946 4028 idoneus
963 3977 998 4028 ad
1016 3975 1056 4028 di·
1091 3975 1146 4028 Deo
1163 3989 1213 4028 nec
1232 3989 1247 4028 a
1267 3981 1371 4040 natura,
1398 3977 1445 4028 sed
1472 3975 1507 4028 ab
1525 3975 1647 4028 iniustitia
1676 3987 1733 4040 per·
1822 4005 1858 4012 -κ
1877 3941 2406 4030 99999499999494944499999949999499999-

416 4065 491 4116 vinas
518 4061 712 4132 apparitiones,
732 4063 915 4118 instructiones
945 4069 969 4116 et
993 4077 1055 4116 con
1091 4077 1185 4116 versae
1203 4065 1343 4118 voluntatis
1368 4049 1460 4116 9479.
1481 4067 1568 4118 Ι--45
1585 4065 1732 4118 secuudum
1768 4063 1974 4116 4999944609.
1995 4065 2089 4114 48-
2120 4063 2245 4116 venenuo
2271 4071 2298 4118 et
2319 4065 2405 4118 delen

416 4151 598 4216 templationes
617 4151 662 4202 934
689 4151 720 4202 46
740 4177 776 4192 -
794 4151 923 4218 significat
942 4151 1056 4204 9999999999-
1091 4151 1120 4204 id
1145 4153 1217 4220 quod
1240 4157 1292 4216 est,
1322 4157 1360 4204 est
1387 4167 1400 4204 a
1430 4155 1484 4204 Deo
1507 4153 1655 4220 inlligente,
1685 4165 1733 4218 pec
1768 4151 1857 4204 dendo
1877 4151 2028 4205 iniustitiam
2048 4155 2127 4206 bomo
2154 4153 2184 4206 64
2205 4153 2303 4216 dignus
2320 4161 2406 4208 ntorte

416 4241 477 4292 liam
490 4241 568 4294 vitae
594 4241 813 4306 contemplativae
838 4243 889 4294 939
908 4241 943 4294 56
962 4269 996 4280 -
1016 4247 1056 4296 est
1091 4255 1171 4308 quam
1193 4243 1321 4306 contingit
1339 4241 1434 4294 mereri
1449 4241 1500 4294 389
1519 4241 1554 4292 55
1770 4241 1821 4294 448
1840 4255 1867 4292 9.
1889 4241 1975 4292 46-
1995 4241 2070 4306 impii
2093 4255 2141 4306 per
2161 4241 2340 4296 obstinationis
2361 4243 2406 4296 im·

416 4331 489 4382 locus
510 4329 663 4394 magisterii,
693 4331 825 4398 sacrificii,
844 4329 970 4394 incendii,
989 4333 1056 4384 99999-
1146 4359 1182 4370 -·-
1200 4339 1239 4384 est
1259 4319 1393 4396 multiplex
1412 4331 1447 4384 Vl
1465 4331 1516 4382 588
1538 4331 1563 4394 4,
1582 4331 1597 4382 9
1619 4359 1653 4372 -
1672 4329 1733 4396 Qni-
1768 4329 1953 4394 poenitentiam
1994 4337 2180 4394 percusserunt
2215 4331 2308 4384 foedus
2343 4345 2404 4384 cum

416 4417 467 4482 gii,
485 4417 588 4480 silentii,
605 4429 727 4482 pascuae,
747 4419 903 4486 eminentiae
920 4417 982 4472 9999.
1092 4419 1153 4470 dam
1174 4419 1323 4472 moriuntur
1340 4425 1470 4484 egestate,
1499 4419 1608 4484 quidam
1628 4419 1733 4472 9994999999-
1769 4423 1854 4472 morte
1868 4415 1978 4472 9999-
1993 4417 2115 4472 iniustitia
2132 4423 2173 4472 est
2189 4421 2325 4484 acquisitio
2338 4433 2406 4472 mor·

468 4505 608 4558 llonsvnuu
628 4533 662 4542 —-
680 4505 775 4558 dicitur
802 4521 855 4558 non
878 4507 963 4558 solum
989 4505 1054 4574 quid
1091 4511 1156 4572 4949,
1176 4507 1284 4574 quidam
1305 4507 1462 4560 adversitate
1482 4507 1531 4560 559
1547 4523 1574 4560 v.
1588 4505 1731 4558 49-4490
1768 4505 1802 4558 tis
1820 4505 1971 4572 tentporalis
1991 4511 2014 4558 et
2033 4512 2153 4558 aeternae
2174 4505 2224 4556 447
2243 4523 2267 4560 9.
2290 4509 2321 4560 45

312 4665 315 4670 ,
416 4591 549 4658 mirabile,
569 4593 614 4646 sed
635 4591 711 4646 etiam
730 4593 855 4646 borcibile
875 4589 907 4646 vl
926 4595 978 4646 939
998 4595 1054 4646 v.8
1091 4595 1215 4646 omnibus
1234 4595 1386 4648 viventibus
1412 4601 1452 4648 est
1478 4601 1583 4658 tempus
1601 4595 1732 4648 moriendi
1822 4607 1977 4660 -puenae
1997 4599 2035 4646 est
2054 4595 2187 4658 multiplex
2212 4595 2315 4646 V1588
2334 4595 2349 4646 8
2368 4623 2405 4634 -

415 4707 453 4720 -
469 4685 558 4734 eontra
572 4685 679 4734 naturae
692 4695 858 4736 communem
872 4695 977 4736 cursum
992 4683 1057 4734 9499994
1092 4685 1127 4734 99
1145 4697 1171 4734 9.
1192 4685 1207 4734 9
1225 4711 1261 4724 -
1277 4685 1350 4736 Unus
1371 4689 1408 4736 est
1434 4683 1554 4754 interitus
1572 4683 1686 4740 bominis
1704 4689 1730 4736 et
1767 4697 1870 4748 poenae
1887 4683 2040 4748 temporalis
2059 4681 2149 4748 triplex
2170 4681 2328 4736 9949499.-
2341 4697 2406 4748 poe-

417 4771 468 4822 469
488 4785 515 4822 v.
533 4771 557 4822 8,
1092 4771 1271 4826 iumentorum
1290 4773 1317 4826 in
1335 4775 1421 4826 morte
1435 4771 1467 4824 35
1487 4787 1514 4826 9.
1536 4773 1625 4824 49-
1642 4771 1732 4824 Nullus
1767 4785 1818 4824 nac
1835 4775 1986 4826 contractae
2003 4778 2042 4825 est
2060 4771 2195 4834 deflenda,
2215 4785 2316 4836 poenae
2338 4773 2406 4826 inill-

468 4859 645 4912 llonunsmun
662 4887 699 4900 -
716 4857 863 4914 Claustrnm
878 4866 987 4914 vocatur
1001 4875 1054 4912 mo-
1092 4865 1203 4916 mortem
1232 4861 1320 4914 evadit
1346 4861 1398 4914 374
1428 4859 1523 4912 77-
1549 4859 1673 4914 Viventes
1697 4859 1732 4912 de
1767 4863 1824 4912 ctae
1851 4859 2016 4926 sustinenda,
2047 4871 2146 4924 poenae
2174 4867 2305 4916 assumtae
2329 4877 2404 4914 assu-

415 4951 571 5000 numentum
589 4947 722 5012 spirituale
750 4949 782 5000 vl
801 4949 851 5002 649
882 4963 906 5000 v.
928 4947 955 5000 44
993 4947 1056 5000 Vide
1091 4955 1178 5002 morte
1196 4951 1260 5004 certi
1278 4955 1338 5004 sunt
1329 4949 1509 5002 47395-
1521 4949 1732 5002 Omoesdebent
1767 4947 1864 5000 menda
1882 4945 1916 5000 49.
1936 4949 1950 4998 9

414 5051 439 5090 9.
459 5033 630 5104 Sepulcrum.
656 5065 693 5074 -
719 5037 815 5090 dicitur
841 5039 917 5104 quasi
944 5051 1056 5090 monens
1090 5039 1158 5090 mori
1178 5039 1229 5090 598
1252 5039 1338 5090 47-
1357 5039 1447 5090 Nullus
1471 5037 1561 5090 evadit
1578 5037 1672 5090 mortis
1690 5037 1731 5090 iu·
1823 5063 1858 5072 -
1876 5041 1985 5088 99949999
2011 5041 2051 5088 est
2076 5037 2205 5090 horrenda
2235 5039 2322 5100 uvalis,
2342 5039 2404 5104 qula

413 5129 529 5178 mentem
548 5125 609 5180 9999.
629 5155 663 5166 -
683 5129 729 5178 Per
750 5135 948 5180 nronumeutum
962 5127 1055 5180 intelli·
1091 5117 1191 5180 dicium
1208 5125 1244 5180 73
1264 5141 1289 5180 9.
1311 5125 1335 5180 4.
1353 5127 1387 5180 74
1406 5127 1469 5180 9.5
1766 5123 1838 5188 ipsos
1868 5123 1974 5188 spoliat,
1994 5125 2106 5188 99999994,
2124 5123 2250 5176 annihilat
2268 5125 2401 5178 9445889

416 5215 486 5278 gitur
506 5215 621 5268 studium
641 5195 834 5282 scripturarum
853 5215 915 5270 9999.
1144 5243 1180 5256 -
1199 5217 1296 5270 Doctus
1316 5219 1340 5268 et
1359 5215 1480 5270 indoctus
1493 5215 1518 5266 iu
1533 5213 1671 5268 moriendo
1684 5227 1730 5280 pa·
1766 5239 1803 5252 -
1820 5213 1935 5278 optanda
1947 5219 1988 5264 est
2000 5213 2084 5276 iustu,
2105 5213 2167 5280 quia
2179 5213 2235 5264 illos
2247 5213 2319 5276 ditat,
2332 5213 2404 5280 quie·

470 5303 540 5354 lions
557 5309 646 5356 —est
656 5303 769 5366 privatio
782 5305 851 5358 vitae
865 5305 898 5358 Vl
911 5307 1005 5358 9499.
1021 5305 1054 5356 43
1090 5317 1134 5356 res
1151 5309 1211 5358 sunt
1229 5303 1264 5356 Vl
1283 5303 1318 5356 95
1330 5319 1356 5356 9.
1373 5303 1413 5370 44,
1429 5303 1470 5356 46.
1485 5303 1516 5358 96
1530 5303 1731 5372 qi-Ncmo
1766 5305 1818 5366 494,
1835 5299 1979 5356 9999449499.
1998 5303 2061 5354 3--
2082 5307 2122 5354 est
2138 5303 2320 5366 praecavenda
2344 5315 2404 5354 cun-

416 5417 453 5426 -
470 5391 586 5442 carentia
604 5391 750 5456 appellatur
769 5393 820 5444 589
840 5393 875 5444 49
893 5421 929 5432 -
947 5397 986 5446 est
1005 5393 1056 5458 pri·
1091 5393 1185 5458 effregit
1202 5393 1296 5446 mortis
1314 5393 1468 5446 sententiam
1483 5397 1590 5458 propter
1604 5405 1680 5446 suam
1693 5405 1731 5444 sa·
1766 5389 1827 5454 ctis,
1847 5389 1908 5458 quia
1928 5391 2086 5452 necessaria,
2101 5391 2256 5456 propinqua,
2269 5389 2405 5456 repentina

416 5475 487 5528 vatio
508 5477 539 5528 56
560 5493 585 5544 q.
605 5479 615 5528 4
640 5483 732 5532 -ast
752 5481 884 5546 corruptio
902 5481 971 5534 949499
990 5479 1055 5534 9499.
1091 5481 1214 5546 pientiam
1236 5481 1278 5534 95
1305 5497 1330 5534 v.
1352 5481 1386 5534 44
1403 5511 1440 5520 -
1458 5483 1484 5534 ln
1503 5481 1620 5546 periculo
1637 5481 1731 5534 mortis
1766 5483 1807 5532 est
1823 5477 1887 5534 994
1907 5507 1941 5520 ·-
1960 5477 2069 5546 regibus
2081 5483 2134 5530 tam
2154 5491 2247 5544 aspera
2264 5485 2304 5534 est
2320 5491 2403 5546 quam

416 5569 511 5616 -est
528 5563 663 5618 dissolutio
684 5565 747 5618 9999.
764 5597 797 5606 -
818 5573 856 5620 est
875 5569 956 5620 linaiis
969 5569 1056 5620 4999999-
1090 5583 1143 5622 nou
1163 5575 1203 5624 est
1220 5571 1356 5624 fidendum
1375 5571 1409 5624 de
1430 5571 1534 5632 ingenio
1561 5571 1605 5624 Vll
1625 5569 1679 5622 345
1697 5571 1730 5624 49
1765 5567 1878 5622 subditis
1897 5569 1947 5620 459
1967 5583 1995 5622 v.
2013 5567 2029 5618 6

416 5667 467 5706 nus
484 5653 555 5704 vitae
575 5655 616 5704 vel
635 5653 771 5706 dissolutio
784 5655 887 5708 animae
898 5661 924 5706 et
937 5657 1056 5720 corporis
1143 5687 1181 5696 -
1198 5657 1279 5708 Nemo
1295 5661 1379 5722 potest
1391 5657 1547 5720 pronibere,
1565 5659 1631 5724 quin
1642 5657 1731 5712 vemat
1818 5683 1856 5696 «-
1874 5657 1934 5708 Dies
1946 5657 2038 5708 mortis
2051 5657 2142 5708 melior
2156 5661 2194 5708 est
2208 5657 2250 5708 die
2262 5655 2405 5709 nativitatis

418 5741 470 5792 397
491 5741 524 5792 44
542 5767 579 5776 „..
596 5741 721 5792 Praesens
740 5741 794 5792 vita
815 5755 885 5792 mors
903 5741 1002 5794 994344
1020 5741 1053 5792 48
1091 5747 1196 5806 tempus
1223 5745 1316 5796 mortis
1343 5747 1377 5796 Vl
1396 5745 1431 5794 66
1449 5759 1475 5796 v.
1497 5747 1565 5794 8-
1583 5747 1731 5798 Necessitas
1767 5745 1802 5796 Vl
1829 5733 1920 5798 559.
1939 5747 1953 5796 9
1973 5771 2008 5782 -
2027 5745 2112 5796 Homo
2135 5743 2247 5796 moritur
2272 5745 2305 5798 ad
2330 5743 2405 5810 quie-

416 5859 453 5868 -
470 5831 552 5882 440949
571 5833 708 5892 separatur
719 5827 827 5892 spiritus
845 5843 860 5878 a
880 5841 990 5894 corpore
1003 5831 1055 5880 949
1090 5829 1189 5882 intirmi
1206 5835 1247 5882 est
1269 5831 1431 5882 imminentia
1460 5831 1552 5884 mortis
1578 5831 1629 5884 559
1649 5849 1677 5884 9.
1697 5831 1730 5884 49
1766 5831 1893 5884 scendum
1913 5829 1976 5886 9999.
1995 5859 2029 5870 -
2049 5831 2166 5884 llortuus
2188 5845 2238 5884 uon
2263 5831 2342 5886 babet
2366 5836 2404 5884 tot

416 5933 446 5972 v.
464 5917 498 5970 44
517 5945 552 5954 -
571 5915 714 5982 corporalis
731 5921 771 5968 est
788 5915 918 5980 separa-tin
936 5915 1056 5982 corporis
1089 5945 1127 5954 -·
1144 5913 1259 5982 Quilibet
1271 5919 1351 5968 bomo
1366 5917 1476 5968 moritur
1489 5917 1653 5980 necessitate,
1668 5919 1731 5968 lilar-
1766 5919 1919 5972 occasiones
1937 5919 2064 5984 peccandi
2092 5925 2118 5972 et
2135 5921 2253 5972 tristandi
2282 5925 2347 5988 quot
2366 5921 2405 5972 vi-

416 6009 452 6062 ab
470 6007 558 6058 anima
579 6005 628 6056 446
647 6017 674 6056 9.
696 6005 727 6056 49
747 6031 781 6044 -
802 6005 849 6056 Per
877 6009 987 6056 mortem
1012 6017 1057 6056 na·
1090 6009 1132 6068 tyr
1149 6005 1301 6070 voluntate,
1319 6001 1438 6056 Christus
1455 6005 1590 6056 voluntate
1610 6005 1687 6056 simul
1704 6011 1731 6058 et
1765 6017 1830 6056 vens
1851 6007 1883 6056 38
1903 6007 1956 6072 ql
1981 6035 2017 6044 —
2037 6007 2128 6058 llortui
2147 6007 2199 6058 iam
2219 6007 2325 6060 iudicati
2345 6013 2405 6060 sunt

417 6103 492 6150 turae
506 6097 641 6160 separatur
653 6093 740 6146 anima
754 6106 892 6158 acorpore
904 6093 948 6146 Vll
959 6091 1009 6144 449
1020 6091 1055 6144 47
1091 6095 1218 6156 potestate
1239 6091 1290 6144 389
1310 6091 1343 6142 39
1767 6091 1813 6142 444
1831 6107 1847 6142 9
1860 6121 1894 6132 -
1904 6093 1997 6146 lllortui
2009 6107 2061 6144 non
2074 6099 2185 6158 possunt
2196 6093 2328 6158 poenitere
2343 6093 2404 6146 9499.

469 6213 507 6226 -
524 6189 564 6236 est
589 6189 671 6236 status
699 6183 808 6236 bomani
834 6181 1001 6236 deterioratio
1019 6181 1055 6236 Vl
1144 6209 1180 6218 -
1197 6179 1263 6232 Nulli
1276 6179 1481 6232 determinatum
1495 6183 1548 6242 est,
1560 6193 1609 6234 nec
1622 6179 1729 6248 quando
1818 6209 1854 6218 -
1866 6179 1990 6236 Homines
2000 6185 2109 6246 propter
2126 6179 2322 6234 mutabilitatem
2337 6197 2405 6236 mor·

417 6273 452 6324 73
462 6271 726 6338 v.l-temporalis
740 6277 849 6326 vocatur
862 6273 1056 6336 exterminium,
1089 6283 1140 6322 nec
1158 6269 1295 6338 quomodo
1321 6269 1417 6322 debeat
1444 6267 1510 6322 mori
1535 6269 1623 6320 9476
1642 6281 1668 6320 9.
1696 6271 1729 6322 49
1765 6269 1915 6344 tui-merito
1934 6269 2150 6334 appellantuer
2172 6269 2203 6320 44
2223 6285 2248 6336 q.
2267 6273 2286 6322 9
2305 6299 2339 6308 -
2360 6271 2405 6322 de-

417 6361 612 6428 qulaexcludit
631 6375 645 6412 a
663 6361 716 6412 vita
737 6361 868 6426 praesenti
887 6361 938 6414 496
950 6377 976 6414 v.
991 6363 1056 6414 8—-
1092 6359 1245 6410 ——bomini
1271 6363 1379 6424 repente
1406 6357 1575 6422 superveniet
1604 6355 1666 6412 9999.
1691 6385 1728 6396 ·-
1765 6357 1852 6422 signat
1878 6355 2078 6410 obdurationem
2109 6357 2253 6422 peccatoris
2271 6359 2298 6410 in
2315 6365 2405 6412 conte·

417 6449 486 6500 lilers
505 6449 628 6501 naturalis
646 6433 687 6502 est
703 6461 751 6514 per
771 6449 984 6502 consumtionem
1009 6453 1056 6502 bu·
1090 6449 1155 6500 Nibll
1175 6453 1213 6502 est
1233 6449 1329 6502 certiirs
1348 6455 1444 6514 morte,
1463 6453 1491 6502 et
1508 6447 1570 6500 nibil
1589 6453 1629 6500 est
1646 6447 1729 6502 incer·
1764 6447 1878 6500 mnendo
1897 6447 1950 6500 Vll·
1971 6443 2020 6500 477
2051 6445 2083 6498 46
2109 6473 2142 6484 «—
2169 6445 2255 6500 llortis
2276 6447 2403 6500 memoria

417 6537 482 6588 999499
502 6537 627 6590 naturalis
645 6537 673 6588 64
698 6553 726 6604 q.
745 6539 759 6590 3
778 6539 957 6592 -naturalis
971 6539 1056 6592 aulert
1090 6537 1141 6590 tius
1160 6539 1225 6590 bora
1254 6537 1344 6590 mortis
1364 6539 1407 6590 Vll
1427 6535 1478 6590 397
1499 6537 1531 6590 59
1550 6563 1585 6578 -·
1605 6537 1728 6606 Videtur,
1763 6535 2267 6602 signifieaturperiellisamaritudinem
2280 6537 2404 6590 9445897

380 6647 381 6650 ¹
419 6635 540 6686 sensum,
560 6623 688 6690 verbum,
707 6639 828 6690 gressum
848 6629 898 6680 589
912 6625 930 6676 7
944 6653 977 6664 —-
991 6627 1056 6678 ilor-
1090 6625 1164 6692 quod
1184 6641 1255 6680 mors
1277 6627 1335 6680 talis
1354 6627 1395 6680 vel
1415 6625 1472 6680 talis
1491 6627 1678 6680 casuveveniat
1695 6629 1727 6678 Vl
1817 6653 1853 6664 -
1871 6629 1898 6680 lu
1918 6631 2021 6678 mortuo
2042 6631 2113 6678 erant
2130 6625 2226 6690 ligatae
2244 6613 2335 6692 faciae,
2361 6639 2405 6690 pe·
2441 6675 2443 6680 ,

417 6717 478 6764 tuns
499 6725 549 6762 non
569 6711 648 6764 babet
666 6719 753 6766 actum
772 6713 915 6788 antenoris
928 6713 1056 6780 operatio·
1090 6713 1125 6766 76
1144 6729 1170 6766 v.
1192 6717 1224 6766 49
1244 6743 1278 6754 -
1297 6719 1323 6768 ln
1344 6719 1461 6780 tempore
1481 6731 1528 6768 suo
1549 6715 1616 6768 mori
1634 6717 1728 6768 estvel
1763 6713 1824 6782 des,
1844 6727 1937 6768 manus
1956 6713 1990 6766 Vl
2008 6713 2060 6764 593
2078 6727 2106 6766 v.
2125 6713 2160 6764 44
2178 6741 2212 6752 -
2232 6713 2348 6768 llortuus
2368 6713 2405 6766 in·

416 6799 459 6852 nis
475 6797 511 6852 74
530 6813 557 6852 v.
576 6799 1055 6854 61—lttortoi.necmotumnccsen·
1089 6801 1589 6868 intemporesuaesalntis,velmorte
1607 6803 1728 6868 naturali,
1764 6803 1921 6856 volvebatur
1938 6803 1965 6854 in
1985 6801 2091 6854 sudario
2111 6801 2162 6854 484
2182 6803 2214 6854 33
