5900 8266
503 535 569 602 alt

503 709 656 776 Dominus
673 707 752 776 dicet
764 705 843 774 illud
859 709 1002 778 Matthaei
1017 709 1168 794 vigesimo
1179 711 1306 796 quinto:
1325 735 1343 770 e
1355 709 1463 778 Nescio

503 833 560 882 vos
575 841 591 872 a
620 823 678 884 etc.
701 815 789 882 Unde
812 831 910 900 supra
932 835 1030 882 nono:
1059 815 1152 898 «Qui
1176 835 1228 884 me
1249 817 1416 884 erubuerit
1430 819 1464 880 et

503 937 781 1000 meos-sermones,
805 921 890 988 bunc
906 921 1000 988 Filius
1025 919 1161 988 hominis
1182 921 1349 988 erubescet
1364 949 1380 982 ε
1403 927 1461 988 ειε.

503 1027 540 1090 Et
569 1027 629 1092 boo
660 1025 758 1112 exigit
789 1027 930 1110 aequitas
960 1025 1083 1092 divinae
1115 1025 1304 1106 sententiae,
1333 1027 1371 1094 de
1399 1043 1463 1110 quaa

503 1131 595 1216 primi
622 1133 741 1216 Regum
770 1131 951 1198 secundo1:
983 1129 1074 1214 «Qui
1109 1147 1159 1198 me
1187 1129 1461 1210 honorificaverit,

504 1237 718 1304 honorificabo
742 1255 831 1316 eum;
858 1237 912 1324 qui
935 1243 1042 1304 autem
1064 1241 1270 1302 corrtemnunt
1294 1241 1463 1302 mearunt

353 1365 485 1414 rounam.
504 1344 654 1428 ignobiles
673 1371 700 1408 u.
719 1381 762 1390 -
788 1345 821 1410 Et
847 1349 933 1424 nota,
956 1341 1043 1430 quod
1065 1343 1120 1426 qui
1145 1343 1309 1408 veritatem
1334 1343 1463 1408 conlite-

504 1459 572 1530 tur‚
596 1469 690 1536 quam
713 1449 860 1516 Christus
881 1449 1002 1530 docuit,
1027 1447 1187 1516 Christum
1213 1449 1380 1516 confitetur
1397 1449 1462 1516 sive

503 1557 533 1622 in
559 1555 636 1636 fide,
662 1555 727 1622 sive
749 1555 780 1622 in
799 1555 957 1634 moribus;
983 1555 1037 1640 εει
1061 1563 1168 1622 autem
1184 1555 1266 1620 illem
1294 1560 1384 1640 negat
1406 1573 1462 1640 per

503 1680 698 1748 consequens
722 1669 814 1748 negat
828 1669 861 1730 et
882 1661 1056 1728 Christum.
1079 1661 1267 1746 Quidicit2,
1293 1659 1377 1726 illam
1394 1677 1463 1728 esse

503 1769 628 1846 lalsam,
651 1767 727 1834 elicit
749 1767 909 1835 Christum
923 1769 991 1852 'per
1020 1783 1217 1852 consequeus
1240 1783 1307 1834 esse
1336 1765 1462 1834 menda-

503 1891 584 1952 cem,
611 1891 645 1938 aa
670 1891 726 1958 per
749 1873 827 1952 hoc,
854 1875 951 1940 Deum
977 1891 1039 1940 uon
1063 1891 1149 1952 esse,
1175 1873 1229 1940 sed
1252 1871 1460 1938 seductorem.

593 1981 642 2044 ld.
679 1979 712 2044 tr
745 1985 834 2058 nota,
868 1977 950 2064 qnod
984 1975 1143 2066 eortfessio
1173 1977 1309 2044 nominis
1346 1977 1460 2044 Christi

354 2105 486 2170 eueueua
504 2101 647 2170 magnam
685 2083 1003 2170 recompensationem
1037 2083 1147 2164 babet,
1181 2083 1255 2170 quia
1291 2083 1461 2164 confessio,

344 2165 566 2276 illlillliiqua
596 2189 743 2256 Christus
771 2189 975 2256 eorrblebitur
1004 2191 1203 2260 condientem
1230 2207 1280 2270 se,
1310 2191 1372 2256 erit
1403 2211 1463 2278 up-

429 2313 430 2316 ’
500 2295 694 2384 probatica,
719 2293 975 2382 lecatorificatiua
998 2305 1028 2364 et
1056 2299 1244 2378 surerenas,-
1267 2315 1339 2364 nam
1371 2297 1461 2364 Chri-

503 2410 570 2470 stus
588 2409 636 2470 est
656 2421 731 2482 rev,
752 2403 849 2470 iudan
872 2409 903 2470 et
924 2403 1073 2490 pontilev.
1097 2405 1254 2472 Confessio
1275 2403 1370 2470 etiam
1393 2405 1462 2472 eius

503 2515 551 2578 est
568 2509 720 2596 publiea,
741 2511 923 2596 praeclara
943 2517 973 2578 et
989 2521 1165 2596 perpetum·
1184 2517 1293 2578 nostra
1308 2529 1383 2578 vero
1399 2529 1461 2578 mo-

502 2617 594 2684 dica3
619 2623 648 2684 ει
665 2625 888 2684 momentanea.
908 2619 944 2684 Et
965 2617 1109 2684 similiter
1124 2635 1181 2708 per
1204 2617 1397 2684 eontrarium
1415 2617 1461 2682 iu-

503 2721 652 2806 telligitur
677 2723 713 2790 de
739 2723 908 2808 negatione
932 2743 1005 2802 sua;
1030 2725 1115 2810 qvvod
1144 2721 1307 2788 manifeste
1330 2727 1461 2806 apparet

503 2827 531 2894 in
559 2827 778 2912 disceptatione
803 2827 984 2896 iudiciali4:
1012 2853 1029 2886 e
1046 2827 1174 2906 Venite,
1204 2827 1359 2892 benedicti
1376 2853 1407 2906 a,
1431 2833 1460 2892 ct

338 2953 488 3000 colurnam.
508 2959 522 2992 a
542 2935 597 3014 lte,
616 2933 767 3004 maledicti
785 2961 816 2998 a.
833 2971 876 2980 -
893 2935 972 2998 Haec
991 2933 1157 3016 igiturest
1180 2931 1372 2998 nobilissima
1388 2949 1461 3014 pro-

503 3039 630 3126 positio,
660 3031 743 3124 quae
765 3043 885 3104 arentes
915 3043 1041 3104 nostras
1069 3037 1163 3122 erigit
1196 3035 1235 3102 ad
1276 3037 1458 3102 Veritatem.

505 3145 589 3214 ilatio
614 3151 717 3210 autem
737 3143 831 3210 buins
855 3149 901 3210 est
926 3143 1019 3208 baec:
1039 3143 1113 3228 qula
1128 3141 1251 3208 Veritas
1273 3151 1320 3208 εει
1345 3159 1458 3220 verax,

506 3249 574 3316 ideo
596 3267 657 3316 non
684 3255 783 3334 potest
815 3265 930 3334 negare
952 3265 987 3316 se
1015 3265 1073 3316 nec
1097 3247 1298 3316 confitentem
1321 3265 1373 3328 se,
1401 3265 1458 3314 neo

503 3355 644 3420 conliterl
677 3355 856 3420 mendacem
887 3373 944 3420 neo
975 3361 1083 3420 contra
1109 3373 1158 3432 se;
1191 3353 1274 3418 unde
1305 3355 1459 3420 secundae

504 3459 540 3526 ad
566 3459 762 3530 Timotheum
787 3459 963 3526 secundun
995 3461 1057 3526 eSi
1079 3459 1318 3544 negaverimus,
1343 3465 1374 3526 ει
1404 3459 1472 3526 ille

504 3565 630 3650 negabit
650 3583 721 3644 nos3
748 3565 769 3632 si
797 3583 858 3632 non
882 3565 1056 3646 credimus
1078 3565 1131 3632 ille
1153 3563 1254 3640 fidelis
1277 3571 1458 3650 permanet,

503 3689 618 3758 negare
640 3691 674 3738 se
696 3673 799 3756 ipsum
823 3691 885 3738 non
908 3679 1010 3758 potest
1025 3697 1058 3738 a.

593 3781 644 3844 lh.
669 3779 768 3862 (v'ers.
799 3779 873 3860 lh).
900 3777 1044 3844 Secundo
1067 3797 1142 3844 vero
1166 3783 1270 3844 monet
1302 3777 1341 3844 ad
1364 3777 1458 3844 deeli-

337 3905 489 3970 uememeu.
502 3883 651 3950 uaudam
675 3883 855 3970 falsitatem
879 3889 1008 3970 propter
1023 3881 1350 3950 irrevuissibilitutern
1374 3883 1458 3950 blas-

343 3961 668 4078 ililiiilltpaeuuue,
692 4007 790 4076 quae,
816 3991 887 4058 licet
919 3989 1115 4058 remissibilis
1137 3991 1196 4072 sit,
1229 4009 1303 4058 εεε]
1331 3991 1368 4058 lit
1402 4009 1458 4076 per

343 4067 413 4120 ΝΜ
502 4097 746 4182 ignorantiam&
768 4097 995 4166 irremissibilis
1024 4105 1129 4164 tamen
1151 4107 1214 4178 est,
1247 4115 1320 4164 curn
1352 4099 1386 4164 fit
1418 4117 1458 4164 cs

503 4209 587 4270 certa
611 4205 738 4270 malitie.
764 4205 892 4288 Propter
908 4207 995 4292 qrvod
1016 4205 1106 4274 dicit:
1133 4207 1173 4270 Et
1188 4205 1311 4286 oraturis,
1334 4205 1395 4294 ptri
1410 4205 1458 4270 di-

503 4311 546 4378 et't
569 4309 703 4378 acriam
729 4311 765 4378 iu
789 4309 916 4378 e'tttum
937 4309 1103 4396 ,leporium
1127 4313 1313 4378 rcurittetur
1335 4311 1393 4378 etti.
1421 4313 1459 4378 In

359 4437 392 4484 m
404 4439 482 4492 praua.
503 4417 628 4484 Filium
650 4415 794 4484 leoruainis
819 4417 953 4484 verbam
977 4417 1059 4486 dicit
1088 4417 1143 4504 qui
1174 4417 1287 4486 salsum
1310 4417 1458 4504 imponit,

499 4543 561 4610 per
583 4523 813 4608 uglvorantiarn
827 4523 978 4608 eleceptus
986 4547 999 4600 ,·
1013 4529 1046 4590 ct
1061 4525 1131 4592 talis
1150 4523 1326 4608 ignorantia
1351 4523 1459 4588 remis-

503 4629 622 4696 sionem
652 4635 755 4714 potest
776 4631 936 4716 consenui.
967 4629 1055 4696 Unde
1076 4631 1261 4698 rernittetur
1294 4649 1356 4696 non
1385 4629 1460 4696 dicit

503 4743 632 4814 oetam,
654 4735 729 4820 quia
753 4753 815 4802 noo
830 4753 939 4804 omnes
961 4737 1135 4822 poenitent,
1153 4735 1206 4804 sed
1229 4735 1459 4822 aptitudinem,

379 4917 380 4920 Ἴ
503 4841 576 4928 qnia
602 4841 777 4926 ignorantia
809 4849 949 4908 excusat.
974 4843 1137 4910 Peccatum
1169 4847 1276 4908 autem
1310 4861 1351 4910 aa
1374 4841 1460 4926 iguo-

474 4979 476 4984 ·
503 4947 603 5014 nantia
620 4947 735 5014 dicitur
758 4965 825 5014 esse
848 4949 885 5014 iu
901 4945 1037 5014 Filium.
1064 4947 1098 5014 lit
1125 4949 1184 5014 hoc
1199 4945 1292 5014 modo
1315 4947 1460 5030 blaspbe-

503 5051 597 5117 mavit
630 5053 762 5130 Pardua,
793 5051 863 5116 ideo
886 5051 945 5116 luit
974 5051 1223 5124 misericordiam
1254 5057 1458 5128 consecutum

503 5155 586 5224 unde
610 5155 729 5242 primae
753 5155 791 5224 ad
815 5155 1014 5222 Timotheum
1029 5155 1174 5240 permut:
1200 5179 1216 5212 a
1232 5153 1287 5220 Fui
1312 5155 1457 5238 blasphe-

503 5281 575 5330 mus
596 5269 628 5326 et
650 5267 833 5346 persecutor
856 5269 895 5328 et
911 5259 1176 5340 contumeliosuS,
1200 5259 1254 5326 sed
1281 5257 1459 5326 misericor-

575 5677 584 5710 ¹
604 5681 681 5734 Vers.
700 5681 742 5734 30.
762 5709 796 5718 -
815 5681 903 5734 Glossa
917 5679 1116 5734 interlinearis:
1137 5679 1293 5746 Qaeiautern
1312 5679 1461 5750 rregucerit,

504 5769 609 5832 timore,
629 5783 684 5836 ane,
704 5769 786 5822 Deum
807 5769 847 5822 vel
868 5769 1002 5822 homiuem
1020 5783 1092 5832 esso,
1112 5781 1206 5824 aarum
1229 5767 1396 5834 hominihus,
1418 5767 1462 5822 ubi

503 5859 632 5926 prodesse
649 5857 727 5912 debet
747 5857 799 5912 mei
818 5857 932 5912 nominis
950 5859 1091 5922 consessio,
1108 5857 1284 5926 denegabitur
1303 5869 1396 5930 aaran
1412 5861 1463 5912 Αε-

504 5947 571 6018 pelis
587 5947 649 6016 Dei,
668 5963 720 6004 non
741 5949 900 6014 perducetur
918 5949 953 6002 ud
970 5947 1099 6002 visionem
1127 5947 1221 6012 Patris,
1250 5961 1302 6016 quau
1326 5947 1462 6012 pertruun-

504 6049 546 6092 tur
566 6039 660 6092 Sancti.

575 6123 652 6180 ²liro
674 6125 727 6190 Qut
745 6125 808 6182 dicit
826 6127 846 6180 A
867 6123 990 6192 dicendo,
1009 6125 1058 6180 CF
1076 6125 1110 6194 (b
1128 6125 1260 6194 primitus)
1281 6123 1335 6192 Qui
1352 6123 1461 6178 dicendo

505 6217 571 6286 (lle
590 6217 706 6270 secunda
729 6229 813 6268 aranu
836 6215 900 6284 grain
925 6215 1058 6282 diceudo).
1080 6215 1191 6268 interius
1212 6221 1272 6280 post
1295 6217 1383 6270 Deam
1406 6229 1461 6268 non

504 6319 561 6360 esse
579 6305 638 6358 Vat.
655 6303 728 6358 addit
746 6319 850 6360 nerum.

575 6389 585 6422 ³
603 6391 668 6446 Cod.
689 6393 710 6446 il
728 6391 803 6446 addit
821 6389 936 6446 occulta.

575 6477 585 6510 ⁴
602 6481 693 6532 lllutth.
710 6481 760 6550 25,
778 6479 824 6532 34.
846 6487 874 6532 ει
891 6481 935 6532 ll.
953 6507 989 6520 -·
1007 6481 1115 6534 interius
1127 6493 1176 6546 pro
1190 6477 1227 6554 ud
1243 6479 1385 6534 Veritatem
1403 6481 1461 6534 Vat.

503 6583 564 6626 eum
582 6565 704 6634 pluribus
720 6569 798 6622 codd.
818 6565 853 6622 ad
871 6565 1054 6622 edacitatem.

540 6643 542 6652 ”
574 6655 680 6712 lvere.
700 6657 741 6710 ln.
761 6663 785 6710 et
805 6657 852 6720 le,
870 6655 917 6730 ubi
938 6669 986 6722 pro
1001 6655 1029 6714 si
1046 6671 1101 6712 non
1125 6655 1261 6712 credimus
1277 6655 1422 6712 ACDFG
1439 6655 1464 6712 si

503 6749 593 6800 cautem
611 6743 747 6798 credimus
767 6743 934 6814 (almachius
953 6745 978 6796 in
992 6745 1151 6810 expositione
1170 6745 1251 6798 buius
1265 6745 1315 6798 loci
1332 6745 1383 6800 ait:
1402 6745 1462 6800 Sive

439 6859 440 6862 ι
505 6833 651 6896 dedimus,
668 6831 726 6884 sire
745 6847 795 6886 non
815 6835 1035 6904 credimusne).

1095 533 1289 610 COMMENT.
1312 531 1614 620 subvehentium
1637 531 1755 612 bacae
1781 531 1810 598 C.
1837 531 1897 598 llll.

1526 707 1607 774 diam
1631 715 1820 778 consecutus
1844 725 1931 788 sum,
1958 707 2032 796 quia
2046 709 2194 794 ignorans
2210 707 2287 774 haec
2301 705 2358 774 leri
2385 709 2415 774 in
2443 707 2485 772 in·

1527 813 1755 880 credulitate».
1774 849 1816 862 ·-
1837 813 1903 880 Nou
1925 813 1971 882 sic
1992 821 2099 880 eutem
2122 821 2186 892 εει,
2212 831 2284 880 εεε]
2305 811 2379 898 quis
2402 813 2483 880 blas·
2507 829 2649 874 asserenda.

1526 919 1654 1006 phemat
1670 939 1710 988 era
1726 927 1814 988 certa
1831 919 1963 986 malitia
1973 943 1986 998 ;
2008 905 2236 1006 propterquod
2253 917 2418 986 subditur:
2445 921 2473 988 Ε
2479 919 2486 934 ‘

1528 1033 1658 1104 arrian,
1680 1027 1740 1114 qui
1762 1027 1799 1092 iu
1823 1011 1987 1112 Spiritum
2010 1033 2164 1092 sunctum
2187 1021 2480 1112 blasphemaberit,

1527 1151 1593 1198 non
1615 1131 1809 1198 remittetur.
1835 1135 1873 1198 ln
1900 1131 2061 1218 Spiritum
2094 1139 2246 1198 sanctam
2277 1129 2481 1216 blasphemat

1530 1237 1584 1324 qui
1607 1255 1650 1302 err
1673 1245 1758 1304 certa
1783 1237 1900 1304 malitia
1925 1237 2089 1306 veritatem
2111 1237 2276 1324 impugnat
2297 1243 2330 1302 et
2355 1237 2395 1304 de
2417 1237 2481 1306 Deo

1525 1343 1653 1428 indigna
1673 1343 1764 1422 dicit3
1782 1349 1811 1408 et
1828 1341 1866 1408 de
1883 1343 1933 1408 lali
1952 1345 2085 1424 dicitur,
2102 1341 2183 1428 quod
2201 1363 2268 1410 uon
2284 1343 2478 1422 remittetur,

1526 1465 1589 1514 non
1611 1449 1685 1534 quia
1708 1469 1881 1536 nunquam
1908 1450 1977 1516 telis
2006 1455 2220 1536 consequatur
2249 1449 2483 1532 remissionem,

1527 1555 1579 1622 sed
1597 1555 1671 1640 quia
1685 1555 1814 1640 irreptus
1838 1561 1884 1620 est
1907 1555 1943 1620 sd
1970 1555 2199 1636 remissionem,
2224 1555 2298 1642 arria
2318 1555 2397 1622 illud
2411 1573 2482 1640 pec·
2499 1567 2648 1624 nationum·

1526 1665 1629 1726 catum
1655 1659 1786 1726 caulium
1808 1657 1906 1724 dubet
1919 1659 2055 1724 colorem
2074 1661 2306 1726 excusationis.
2333 1659 2418 1728 Unde
2435 1661 2481 1726 Ri-

1526 1761 1708 1830 cbardus⁸:
1730 1791 1743 1822 «
1762 1763 1894 1848 Quidam
1919 1765 2113 1848 blasphemat
2129 1781 2170 1828 ea
2186 1765 2359 1846 coactione,
2384 1773 2415 1834 ει
2431 1765 2481 1834 bio

1525 1875 1632 1954 peccat
1653 1869 1683 1936 in
1708 1869 1849 1948 Patrem3
1871 1867 1953 1936 avius
1976 1887 2018 1936 ea
2041 1869 2235 1952 deceptione,
2261 1877 2291 1936 et
2315 1873 2364 1936 hic
2387 1873 2417 1936 in
2434 1873 2482 1936 Fi-

1526 1977 1621 2056 lium;
1650 1975 1731 2044 alius
1753 1993 1796 2044 ex
1818 1977 1884 2044 sola
1910 1975 2117 2062 rnalignitate,
2142 1982 2172 2042 ει
2195 1975 2245 2042 bic
2275 1977 2303 2042 in
2331 1975 2479 2062 Spiritum

1526 2089 1680 2150 sanctum.
1699 2083 1749 2150 list
1766 2089 1871 2150 autem
1889 2083 1920 2148 in
1937 2081 1995 2148 hoc
2012 2097 2126 2168 genere
2144 2081 2432 2160 sceleratissimum,
2450 2083 2481 2148 in

1526 2209 1590 2278 quo
1614 2191 1731 2258 malitia
1753 2191 1854 2258 crevit
1874 2209 1978 2276 usque
2000 2189 2040 2256 ad
2062 2205 2237 2268 summum,
2261 2187 2387 2274 parando
2411 2189 2482 2274 puis

1526 2299 1556 2364 in
1581 2297 1745 2384 vituperiis
1765 2297 1818 2364 Dei
1845 2297 2027 2364 delectatur.
2051 2295 2130 2380 Quid
2150 2313 2223 2380 ergo
2246 2295 2333 2362 aliud
2355 2295 2481 2362 videtur

1526 2405 1658 2490 spiritus
1679 2405 1890 2488 blasphemiae
1915 2423 2008 2490 quant
2033 2403 2223 2470 desiderium
2242 2403 2482 2488 vituperationis

1525 2511 1673 2578 divinae?
1696 2513 1742 2578 Ex
1766 2511 1825 2578 boc
1850 2529 1941 2596 ergo,
1968 2509 2049 2596 quod
2078 2511 2138 2576 boo
2169 2507 2288 2576 malum
2318 2507 2404 2576 ailad
2425 2509 2481 2576 ha-

1525 2617 1577 2682 bat
1601 2617 1631 2680 in
1657 2633 1689 2682 se
1718 2617 1958 2692 excusationis,
1988 2617 2063 2680 nibil
2097 2621 2236 2680 rueretur
2268 2617 2408 2698 recipere
2431 2633 2481 2680 re-

1526 2721 1682 2788 missionis
1698 2747 1730 2786 ».

1616 2827 1667 2890 le.
1691 2825 1816 2908 ineptus
1832 2825 1925 2890 ctiam
1949 2827 1995 2890 εει
2012 2823 2050 2888 ad
2074 2821 2303 2902 remissionem,
2329 2821 2404 2908 quia
2419 2823 2481 2890 im-
2501 2839 2609 2938 afflu-

1523 2937 1656 3016 pugnat
1685 2929 1839 2996 alduinum
1863 2929 2031 3016 pralium,
2061 2947 2118 3014 per
2148 2947 2240 3016 qrravn
2276 2935 2481 3016 praeparatur
2587 2925 2592 2938 '

1526 3035 1599 3120 quis
1621 3035 1661 3100 ad
1682 3035 1919 3118 poenitentiam
1942 3035 2027 3102 vande
2049 3035 2119 3102 talis
2138 3043 2230 3120 aptus
2245 3043 2293 3102 est
2308 3037 2346 3102 ad
2362 3037 2481 3120 invpoe·

1523 3139 1700 3220 nitentium,
1726 3141 1754 3208 in
1781 3159 1845 3228 qua
1866 3139 1890 3208 si
1917 3139 2085 3226 perduret,
2114 3159 2277 3226 nunquam
2300 3141 2480 3210 remittetur

1524 3247 1625 3330 culpa.
1643 3247 1731 3314 Unde
1746 3247 1863 3316 Bedal:
1885 3247 1974 3330 «Qui
1988 3249 2120 3332 gretiam
2138 3247 2272 3334 Spiritus
2289 3247 2402 3328 sancti,
2417 3269 2481 3334 qua

1523 3353 1713 3436 poenitentia
1736 3351 1911 3436 inspiratur
1940 3361 1973 3418 et
2005 3353 2045 3418 ad
2072 3355 2322 3420 commansionem
2348 3355 2480 3434 reditur,

1523 3477 1584 3524 non
1618 3475 1823 3544 cognoscens,
1859 3459 2071 3544 impoenitenti
2098 3461 2188 3526 corde
2214 3459 2479 3544 perseveraverit,

1523 3583 1596 3634 cum
1621 3565 1682 3632 iam
1706 3565 1765 3634 hoc
1790 3567 1908 3634 nonsit
1929 3569 2118 3646 humanum,
2143 3567 2196 3636 sed
2221 3567 2423 3646 diabolicum,
2440 3567 2481 3634 ir·

1523 3673 1710 3740 remissibile
1735 3673 1795 3740 erit
1814 3701 1845 3740 a.
1877 3673 1915 3740 lit
1939 3673 1980 3742 de
2001 3676 2053 3741 tali
2078 3673 2292 3760 blasphemia,
2313 3693 2396 3760 quae
2425 3675 2480 3742 ad-

1522 3777 1662 3844 iunctam
1686 3781 1781 3844 babet
1802 3777 1934 3862 ducalem
1960 3779 2256 3864 irvvpoeniteutium,
2283 3797 2393 3844 vorum
2418 3785 2479 3858 est,

1523 3883 1609 3968 quod
1641 3903 1806 3970 nunqnam
1841 3885 2031 3970 remittetur.
2061 3885 2149 3952 Unde
2181 3884 2327 3952 llattbaei
2362 3885 2480 3952 duode-

1523 3991 1605 4056 cimo
1622 3991 1647 4030 1⁰
1671 3991 1804 4072 dicitur,
1827 3991 1913 4076 quod
1938 4017 1955 4048 <t
1980 4009 2041 4058 εεε
2063 3991 2304 4070 remitteturei,
2329 4009 2431 4076 nequae
2447 3991 2480 4056 in

1523 4095 1582 4162 hoc
1607 4095 1733 4162 merulo
1759 4113 1862 4180 neque
1888 4095 1922 4162 in
1943 4095 2097 4162 loturo»,
2114 4133 2157 4144 --
2173 4095 2299 4180 ineptus
2321 4095 2480 4162 nihilomi-
2493 4111 2555 4158 natu
2570 4115 2643 4160 εεε.

1524 4217 1584 4266 εεε
1601 4201 1705 4278 tertio,
1731 4201 1817 4288 quia,
1835 4201 1907 4268 licet
1923 4219 1979 4284 per
1994 4201 2279 4288 appropriationem
2295 4201 2480 4288 approprie-

1523 4313 1577 4372 tur
1602 4305 1732 4390 Spiritui
1756 4313 1878 4386 sancto,
1911 4307 1982 4372 talis
2002 4309 2140 4372 manime
2172 4303 2350 4372 ivtbonorut
2377 4315 2480 4372 toturn

1531 4413 1737 4480 Treiuitutem.
1761 4413 1819 4498 Qui
1845 4413 1927 4480 enim
1951 4413 2085 4480 scienter
2108 4421 2138 4480 et
2170 4411 2343 4498 prudenter
2366 4413 2481 4480 verita-

1523 4529 1585 4588 tem
1604 4519 1772 4588 salutarem
1790 4521 1950 4606 impugnat
1967 4527 1997 4588 et
2012 4539 2055 4588 ex
2075 4527 2162 4588 certe
2183 4519 2301 4588 malitia
2320 4521 2482 4588 maximus

1523 4633 1570 4696 est
1593 4635 1793 4712 coratemptor
1814 4627 1937 4696 divinae
1952 4627 2095 4708 virtutis,
2120 4627 2282 4694 unanimus
2297 4627 2481 4692 catalaunia·

1524 4741 1575 4800 tor
1600 4735 1722 4800 divinae
1752 4735 1912 4810 vestratis,
1938 4731 2099 4798 maxianus
2126 4741 2315 4816 persecutor·
2340 4751 2481 4798 summae

1523 4837 1685 4918 bonitatis,
1709 4837 1882 4906 secundnm
1900 4837 1979 4902 illud
1994 4837 2047 4904 lob
2061 4837 2181 4904 decimo
2202 4835 2312 4922 quinto
2327 4841 2368 4904 ²¹:
2389 4865 2406 4896 ε
2422 4837 2482 4904 Cu·

1523 4945 1627 5010 currit
1648 4943 1801 5010 adversus
1832 4945 1932 5010 Deum
1964 4951 2067 5010 erecto
2096 4945 2174 5010 collo
2208 4951 2239 5008 et
2269 4943 2376 5028 pingui
2414 4961 2482 5010 cer-

1524 5049 1592 5116 vice
1616 5055 1755 5116 armatus
1771 5053 1818 5116 est
1832 5077 1865 5116 ».
1895 5047 1980 5116 Unde
1995 5051 2069 5134 quia
2090 5049 2160 5116 talis
2179 5055 2397 5134 contemptus,
2426 5067 2482 5116 ea-

1524 5153 1655 5218 tamnia
1679 5161 1708 5220 et
1730 5153 1915 5238 persecutio
1931 5173 1992 5218 εεε
2009 5159 2193 5238 potestesse
2219 5155 2285 5222 sinc
2301 5155 2405 5222 cordis
2426 5155 2482 5222 ob·

1523 5259 1705 5340 duratione;
1742 5267 1772 5326 et
1809 5261 1887 5326 banc
1924 5259 2151 5328 concomitatur
2175 5261 2425 5350 impoenitentia,
2450 5271 2483 5332 et

1596 5679 1609 5712 ⁶
1627 5683 1709 5736 Codul.
1729 5681 1779 5738 AC
1799 5681 1860 5736 licet
1869 5681 2038 5736 remissibilis
2056 5681 2091 5736 sit
2105 5695 2157 5752 per
2170 5681 2369 5752 ipveoruutiam,
2388 5679 2484 5740 Dlicet
2539 5677 2540 5680 ’

1525 5769 1693 5828 εεεεέειεειιε
1710 5773 1760 5838 sit,
1781 5771 1887 5842 quando
1906 5773 1937 5842 fit
1949 5785 2002 5840 per·
2021 5771 2216 5842 ignoruntium.

1597 5857 1608 5890 ‘³
1629 5861 1703 5914 Vers.
1723 5863 1764 5914 l3.
1777 5859 1863 5914 -De
1881 5861 2028 5926 ignorantia
2047 5869 2184 5914 excusante
2203 5863 2250 5914 etr.
2261 5862 2292 5914 ll.
2309 5861 2379 5914 Sent.
2393 5861 2420 5914 d.
2438 5861 2484 5914 22.

1526 5951 1686 6016 aaa&

1597 6035 1609 6066 ⁸
1628 6039 1653 6090 ln
1676 6039 1760 6092 Tenet.
1779 6041 1813 6094 de
1831 6037 1926 6104 spiritu
1939 6037 2125 6106 blasphemiae.
2138 6041 2279 6100 Nolumus,
2297 6037 2368 6104 quod
2387 6051 2484 6100 propo·

1526 6127 1633 6178 sitiones
1651 6127 1694 6180 hie
1711 6127 1803 6180 allatae
1820 6141 1873 6178 non
1890 6127 1987 6180 eodem
2004 6127 2098 6182 ordine
2116 6127 2141 6180 in
2162 6133 2229 6180 testu
2243 6127 2363 6190 originali
2381 6139 2483 6190 ponun-

1526 6221 1578 6270 tur.
1595 6217 1645 6270 Clr.
1666 6217 1693 6268 ll.
1712 6217 1782 6270 Sent.
1803 6217 1827 6270 d.
1848 6217 1890 6270 43.
1911 6217 1976 6270 dub.
1994 6219 2018 6268 n.
2038 6245 2073 6258 -
2091 6221 2118 6270 ln
2135 6217 2187 6270 tine
2213 6217 2355 6268 sententiae
2372 6215 2392 6266 B
2411 6213 2485 6270 addit

1525 6305 1562 6360 El
1579 6303 1644 6358 ltuec
1663 6307 1702 6358 est
1715 6303 1810 6372 prima
1826 6305 1898 6360 ratio
1919 6305 2111 6374 ineptitudiut's.
2189 6323 2190 6326 ¹

1597 6389 1609 6422 ⁹
1628 6393 1758 6446 Sententia
1770 6395 1858 6448 Bedae
1870 6395 1976 6446 attertur
1989 6395 2076 6448 verbis
2090 6395 2194 6448 Glossae
2213 6391 2370 6448 ordinariae
2381 6391 2409 6444 in
2422 6391 2484 6448 Lde.

1527 6483 1576 6546 ιε,
1597 6483 1639 6536 tu.
1657 6485 1706 6536 Pro
1719 6481 1756 6536 nd
1772 6481 1989 6538 communionem
2001 6481 2038 6552 [H
2051 6497 2112 6536 cum
2126 6487 2195 6536 teuta
2208 6481 2327 6546 originali
2341 6493 2487 6550 congrego·

1526 6571 1638 6634 tionem,
1656 6571 1711 6626 seit.
1731 6571 1856 6624 uanitatem
1876 6571 2016 6640 Ecclesiae]
2038 6575 2094 6624 vat.
2114 6569 2150 6624 ud
2168 6571 2375 6626 concursionem.
2447 6603 2451 6610 »

1598 6655 1622 6688 ¹⁰
1639 6659 1714 6712 Vens.
1735 6661 1777 6712 32.
1797 6659 1879 6714 Coeld.
1892 6673 1942 6724 pro
1955 6661 2005 6714 boc
2016 6661 2129 6724 allegant
2140 6659 2228 6712 Marc.
2241 6655 2270 6724 5,
2286 6661 2331 6714 ubi
2345 6673 2372 6714 v.
2390 6661 2433 6712 29.
2445 6659 2487 6714 di·

1526 6751 1608 6802 uitur:
1624 6747 1681 6802 Non
1698 6745 1806 6802 babebit
1821 6749 2004 6802 remissionem
2022 6747 2050 6802 in
2066 6753 2216 6814 aeternum,
2235 6749 2283 6802 sed
2300 6765 2363 6808 retus
2379 6751 2429 6804 erit
2444 6763 2487 6804 ae·

1526 6835 1592 6890 terni
1610 6835 1702 6890 delicti.
2307 6837 2327 6870 ¹¹
2349 6839 2487 6896 versae.
