5900 8266
948 583 949 586 ¹
1045 555 1240 624 COMMENT.
1265 555 1302 624 lN
1325 553 1564 624 uvluauututu
1585 551 1703 622 Lucan
1728 553 1759 620 C.
1784 553 1820 622 X.

449 731 570 798 decimo
593 731 705 798 tertio:
734 757 752 792 e
767 731 866 800 Ontne
888 731 1004 800 animal
1025 733 1128 818 diligit
1148 733 1251 802 simile
1271 731 1346 812 sibi,
1363 733 1405 800 sic

324 883 330 892 -
369 847 370 850 ’
449 841 478 904 θῖ
494 835 595 904 omnis
611 835 705 904 bomo
715 837 898 923 proximum
911 835 967 904 sibi
982 865 1013 902 e.
1027 837 1065 904 Et
1076 837 1306 924 Augustinus:
1323 837 1405 904 «No-
1431 855 1432 858 ¹

449 943 531 1008 mine
554 941 704 1028 proximi
723 941 909 1026 intelligitur
926 943 1026 1008 omnis
1052 943 1191 1010 bomo»,
1206 981 1251 994 --
1267 941 1304 1009 ut
1325 941 1404 1022 ideo,

449 1045 522 1132 quia
544 1045 677 1114 dubium
702 1053 787 1126 erat,
813 1051 844 1114 et
872 1047 1039 1132 multiplex
1064 1053 1133 1114 erat
1152 1045 1290 1134 proximi
1316 1045 1405 1114 intel-

449 1151 588 1238 ligentia,
612 1159 781 1238 propterea
797 1151 1008 1238 indagandum
1031 1159 1100 1220 erat
1124 1159 1153 1222 θῖ
1178 1153 1404 1240 requirendum

447 1277 510 1324 non
533 1261 636 1326 solum
657 1267 788 1344 propter
819 1259 908 1324 illurn
941 1259 1173 1346 legisperitum,
1198 1261 1253 1328 sed
1274 1266 1404 1346 propter

447 1363 613 1432 utilitatem
637 1365 795 1444 fidelium,
821 1383 838 1432 a
861 1363 978 1450 quibus
1002 1365 1195 1450 implendum
1217 1371 1285 1434 erat
1316 1381 1404 1450 prae·

447 1469 579 1538 missum
601 1470 802 1550 mandatum,
826 1469 909 1554 quod
945 1477 992 1538 θεῖ
1026 1471 1254 1536 consummatio
1276 1469 1404 1536 manda-

449 1581 554 1643 terum
571 1577 592 1642 ².

535 1683 588 1750 52.
613 1681 828 1768 Suspiciens³
852 1687 961 1748 autem
989 1683 1096 1760 les-us,
1115 1681 1208 1748 dicit.
1225 1683 1297 1748 Post
1313 1699 1403 1768 prae·

199 1801 200 1804 ’
281 1795 574 1874 oseaeuna-ceptum
602 1789 753 1874 regularis
782 1789 822 1856 ad
853 1787 1024 1856 vivendum
1058 1787 1205 1854 subditur
1227 1789 1402 1864 documen-

288 1861 434 1972 ibidii‘eiiii
447 1901 518 1960 tum
539 1891 689 1960 eucitans
710 1895 758 1960 ad
779 1881 1042 1980 iutellipendum,
1068 1899 1098 1960 et
1122 1893 1182 1960 hoc
1204 1911 1262 1978 per
1283 1891 1402 1960 dictum

289 1965 678 2088 rtattltttpeaeaeee,
710 2005 742 2068 a
771 2001 831 2068 noe
866 2007 966 2080 notae,
992 2017 1065 2068 :aa
1094 1999 1188 2068 etate:
1212 1999 1403 2086 stupeum

313 2075 409 2128 qm
430 2113 558 2194 *autem
581 2107 692 2184 lesus,-
713 2107 747 2172 in
770 2125 834 2190 quo
857 2107 1011 2186 ostendit,
1033 2105 1119 2190 quod
1142 2107 1197 2190 qui
1219 2105 1289 2172 vult
1313 2105 1402 2172 intel-

446 2214 541 2300 ligere
566 2215 728 2280 veritatem
754 2213 846 2280 debet
868 2229 996 2280 sursum
1019 2211 1178 2296 aspicere,
1201 2209 1284 2278 unde
1309 2211 1401 2278 micat

446 2335 558 2386 verum
583 2319 707 2398 lumen;
731 2317 828 2386 isaiae
849 2317 1086 2404 sexagesima
1117 2319 1263 2400 «Surge,
1286 2317 1401 2382 illelmi-

446 2441 531 2500 nare‚
543 2422 738 2488 ierusalem»
760 2427 834 2502 etc.;
850 2423 936 2506 quia,
954 2421 1154 2488 Ecclesiastici
1173 2421 1287 2506 primo,
1307 2421 1401 2488 «fons

446 2529 613 2614 sapientiae
637 2529 771 2596 verbum
800 2527 855 2596 Dei
889 2527 919 2596 in
951 2515 1132 2596 excelsis».
1148 2529 1190 2594 ln
1212 2527 1272 2596 boc
1296 2535 1400 2596 autem

335 2647 423 2696 nervae.
445 2635 526 2704 dioto
548 2635 726 2722 parabolica
752 2641 888 2720 quatuor
909 2635 1165 2702 introducuntur.
1193 2635 1329 2700 Primum
1355 2641 1401 2702 θεῖ

441 2759 587 2828 persona
621 2739 772 2826 indipens
802 2759 841 2806 ea
873 2737 1030 2816 miserim
1056 2739 1228 2808 secundum
1254 2747 1301 2806 θεῖ
1327 2757 1401 2824 per-

331 2935 333 2944 ‚
444 2867 528 2914 sona
550 2845 732 2932 despiciens
757 2865 795 2914 eu
820 2845 968 2924 duritia,
994 2845 1080 2912 ibi⁵:
1111 2845 1240 2914 decidit
1270 2853 1399 2926 autem,

443 2961 480 3020 ut
504 2955 659 3022 sacerdos
695 2959 772 3034 etc.;
808 2953 939 3020 tertium
972 2959 1020 3020 est
1038 2971 1187 3038 persona
1208 2949 1401 3034 subveniens

443 3079 481 3124 ere
506 3059 693 3140 clarentio,
716 3061 776 3128 ibi:
803 3061 1042 3128 Samaritanus
1073 3067 1183 3126 autem
1206 3065 1281 3138 etc.;
1307 3077 1401 3144 quar·

444 3171 512 3230 tum
534 3173 582 3232 est
603 3165 759 3232 doctriua
773 3167 971 3254 subsequens
988 3185 1026 3232 ea
1040 3165 1221 3252 parabola,
1241 3165 1301 3232 ibi:
1320 3165 1402 3246 Quis

443 3267 564 3336 dorum
587 3271 692 3338 trium
714 3271 845 3340 uidetur
868 3279 927 3340 etc.

357 3395 358 3398 ¹
469 3393 470 3396 ¹
530 3377 621 3442 Circa
641 3397 822 3462 personam
844 3379 1043 3464 trucidentem
1060 3397 1098 3446 err
1115 3379 1254 3446 miseria
1274 3379 1338 3446 duo
1354 3379 1401 3444 in-

287 3497 320 3560 ne
334 3507 423 3558 cersona
445 3483 656 3550 traducuntur
680 3485 719 3550 ab
744 3485 952 3568 Evangelista:
986 3485 1197 3568 primumesl
1217 3483 1400 3550 subtractio

301 3551 411 3700 ῖῖέῖῖῖῖῖ
446 3589 538 3668 boni,
565 3589 737 3656 secundum
762 3595 810 3656 est
831 3589 968 3674 indictio
992 3589 1083 3658 mali.

347 3667 384 3700 ¹²⁰⁴
533 3697 585 3764 53.
610 3697 711 3782 (llere.
737 3697 816 3778 36).
840 3697 945 3762 Primo
966 3697 1065 3782 igitur
1087 3703 1242 3782 quantum
1265 3697 1305 3764 ad
1326 3697 1401 3764 boni

218 3827 219 3832 ¹
320 3813 422 3878 Primum,
444 3801 702 3868 subtractionem
723 3801 813 3868 dicit:
838 3801 944 3868 Homo
966 3801 1105 3888 quidam
1130 3801 1338 3868 descendebat
1359 3801 1399 3868 ab

443 3907 626 3976 Ierusalem
654 3907 693 3972 in
725 3905 852 3974 Ieriobo
881 3913 909 3974 et
941 3907 1058 3974 incidit
1085 3909 1123 3976 iu
1152 3907 1312 3988 latrones,
1342 3907 1401 3998 qai

443 4013 543 4082 etiam
567 4013 832 4100 despoliaverunt
862 4033 947 4080 erem.
971 4013 1041 4080 Ideo
1070 4013 1210 4080 fortassis
1239 4015 1299 4082 hoc
1321 4011 1401 4082 lecc-

443 4127 536 4200 runt,
562 4119 637 4206 quia
657 4119 750 4186 solus
765 4127 857 4198 erat,-
881 4117 965 4204 qnod
981 4125 1070 4186 notat
1084 4119 1117 4186 in
1134 4121 1194 4186 boc
1208 4121 1293 4204 quod
1310 4119 1398 4186 dicit:

443 4227 546 4294 Homo
564 4225 720 4314 quidam,
746 4231 781 4294 ut
804 4243 915 4294 verum
938 4231 1085 4310 appareat
1105 4225 1185 4292 illud
1199 4225 1400 4294 Ecclesiastae

442 4341 555 4420 quarto
569 4333 598 4420 ⁶¹:
629 4359 645 4390 e
656 4333 724 4410 ¹Vae
749 4333 822 4400 solit
846 4333 940 4418 quia,
956 4349 1027 4398 cnm
1046 4331 1209 4412 ceciderit,
1226 4351 1290 4398 non
1307 4333 1400 4400 babet

440 4439 659 4506 cataractam
676 4465 709 4518 s,
734 4439 831 4506 immo
852 4437 958 4524 potius
982 4437 1053 4504 talis
1076 4439 1400 4524 habetdepraedon·

443 4553 496 4612 tes.
521 4545 606 4614 Unde
631 4545 690 4614 iste
711 4545 807 4612 bomo
831 4549 954 4632 poterat
975 4543 1081 4612 dicere
1103 4545 1183 4612 illud
1205 4545 1258 4612 lob
1279 4545 1400 4614 decimo

375 4711 376 4714 ,
440 4671 537 4720 nono:
571 4651 751 4740 «spoliavit
773 4671 825 4720 me
845 4651 947 4738 gloria
967 4669 1037 4720 mea
1062 4658 1092 4720 et
1107 4651 1237 4720 abstulit
1253 4669 1399 4720 eoronam

441 4759 478 4828 de
495 4759 594 4844 capite
611 4777 681 4828 meo
695 4787 723 4826 e.
747 4759 876 4828 «Simul
893 4765 1049 4826 venerunt
1067 4759 1203 4826 latrones
1214 4765 1247 4824 θῖ
1258 4759 1400 4826 lecerunt

441 4865 499 4934 sibi
524 4865 605 4932 viam
631 4883 688 4950 per
710 4885 761 4934 me
775 4891 807 4932 e.
832 4866 865 4932 ln
889 4867 948 4932 bos
969 4866 1107 4932 latrones
1130 4865 1237 4932 incidit
1259 4863 1399 4932 fortassis

440 4977 571 5058 propter
592 4971 802 5040 solitudinem
818 4971 910 5050 uiae,
936 4969 990 5038 tibi
1015 4977 1248 5038 consueverunt
1262 4969 1398 5038 latrones

440 5081 552 5160 latere,
577 5079 750 5148 secundnm
783 5079 862 5146 illud
896 5077 1044 5146 ieremias
1079 5075 1171 5146 tertio
1186 5077 1214 5142 ⁷:
1253 5077 1317 5144 «ln
1340 5077 1398 5146 viis

441 5171 588 5266 sedebas,
612 5193 800 5272 exspectans
824 5205 877 5254 eos
899 5185 989 5272 quasi
1014 5186 1094 5252 latro
1119 5185 1149 5250 in
1186 5183 1351 5252 solitudine
1367 5211 1397 5252 s.

501 5437 521 5482 '¹
541 5455 625 5508 Serm.
646 5455 688 5506 30.
709 5455 782 5524 (alies
802 5453 842 5506 ll.
863 5453 990 5506 creditis
1009 5467 1023 5506 a
1043 5453 1194 5522 sirmondo)
1214 5467 1240 5506 o.
1259 5453 1289 5506 7:
1310 5453 1398 5506 Omnis

441 5545 520 5594 lromo
539 5541 675 5608 proximus
695 5549 756 5596 tetus
773 5549 821 5596 est.
838 5543 954 5596 Enarrat.
983 5543 1010 5594 iu
1037 5541 1080 5596 Ps.
1100 5543 1158 5594 lli.
1179 5557 1257 5596 serm.
1277 5543 1303 5596 8.
1322 5557 1345 5594 n.
1369 5545 1397 5594 2:

395 5695 396 5698 Ἴ
439 5629 531 5684 Omnis
549 5631 651 5698 quiippe
668 5633 750 5686 bomo
777 5641 818 5686 θεῖ
842 5631 916 5684 omni
937 5629 1035 5686 bouiini
1055 5631 1202 5698 proximus,
1220 5645 1269 5684 nec
1289 5633 1339 5684 uella
1358 5645 1398 5684 co·

442 5719 547 5784 gitanda
567 5725 605 5772 est
623 5719 799 5788 longinquitas
819 5721 937 5788 generis,
955 5719 1001 5772 ubi
1020 5725 1163 5772 cstnatnra
1177 5719 1332 5772 corbeianis.
1346 5717 1399 5772 Cli.

444 5809 561 5860 Enarrat.
581 5809 609 5858 iu
628 5809 668 5860 Ps.
690 5809 731 5860 tl.
753 5825 777 5862 n.
798 5811 824 5864 3.
841 5815 867 5862 et
885 5809 910 5860 in
932 5795 969 5862 Ρε.
996 5809 1038 5862 25.
1064 5813 1176 5862 enarrat.
1196 5811 1220 5860 2.
1241 5825 1267 5862 n.
1286 5809 1314 5860 2.
1331 5809 1398 5860 Vide

386 5919 387 5922 ¹
441 5895 478 5946 ltl.
499 5897 570 5946 sent.
588 5895 614 5948 d.
643 5895 757 5950 XXl'lll.
775 5899 813 5950 lit.
836 5899 959 5962 Magistri,
989 5911 1012 5950 c.
1040 5899 1071 5966 3,
1098 5897 1144 5950 ubi
1172 5899 1299 5962 allegatur
1324 5899 1340 5948 l.
1366 5897 1398 5950 de

442 5983 528 6036 Docte.
553 5983 642 6036 christ.
659 5997 685 6036 c.
704 5985 748 6040 36.
773 5999 800 6038 n.
820 5987 867 6052 323
887 5983 952 6040 ibid.
981 6001 1006 6040 c.
1033 5987 1059 6040 l.
1086 5991 1270 6052 proponuntur
1299 5987 1396 6040 diversi

441 6073 528 6136 modi,
546 6071 645 6140 qrribus
662 6073 759 6126 dicitur
773 6073 930 6142 promimus.

512 6157 617 6214 'llam
638 6161 683 6226 l3,
703 6163 733 6214 3:
753 6163 782 6214 Et
800 6163 915 6228 siquod
945 6169 983 6214 est
1012 6163 1090 6218 eliud,
1111 6163 1278 6230 mandatum,
1298 6163 1324 6214 in
1347 6165 1398 6216 boc

440 6249 524 6304 verbo
542 6251 714 6304 instauratur:
733 6249 832 6314 Diliges
850 6251 1000 6316 proximum
1019 6257 1093 6304 tttutm
1114 6253 1222 6304 sicutte
1242 6253 1336 6316 ipsum.

512 6337 593 6394 ³Cir.
611 6351 692 6404 supra
711 6353 774 6404 pag.
792 6337 853 6402 266,
874 6343 936 6390 nota
956 6337 980 6392 ῖ.

511 6427 522 6458 ⁴
542 6431 614 6482 Vere.
636 6429 664 6490 l,
684 6427 726 6482 cui
755 6425 917 6480 subnectitur
945 6427 1074 6496 licelil,
1092 6427 1173 6480 5.-
1193 6429 1320 6494 Superius
1337 6433 1398 6494 nost

441 6521 516 6574 lesus
534 6521 592 6572 Vat.
611 6517 686 6572 addit
703 6515 731 6570 id
748 6519 787 6572 est
804 6531 917 6572 seersum
936 6511 1077 6586 aspiciens,
1096 6523 1123 6570 et
1135 6531 1184 6584 pro
1197 6519 1398 6574 verumtamen

440 6607 651 6670 abbreviatione,
664 6619 746 6674 qoam
760 6605 864 6658 exbibet
882 6607 915 6670 Α,
936 6603 1059 6658 substitui
1076 6605 1182 6658 videtur
1199 6603 1320 6672 Spiritus
1336 6619 1397 6658 sou·

440 6695 476 6748 cti
494 6693 585 6748 lumen
603 6691 777 6758 (abbreviatio
797 6693 825 6744 in
851 6691 872 6748 C
896 6699 922 6744 et
941 6695 962 6746 D
980 6693 1069 6760 eliqua
1087 6707 1119 6746 ex
1136 6699 1209 6758 parte
1235 6697 1273 6746 est
1292 6693 1396 6746 diverse

440 6781 474 6834 ab
493 6781 691 6836 abbreviatione
708 6781 735 6834 in
745 6775 797 6850 Ἀ).
818 6775 882 6838 Cod.
899 6783 938 6846 H,
956 6783 1003 6850 qui
1020 6795 1071 6848 pro
1088 6781 1244 6852 suspiciens
1256 6795 1317 6836 curn
1336 6781 1396 6834 Vul-

440 6877 500 6934 gata
521 6871 598 6928 babet
617 6869 786 6942 Suscipiens,
809 6873 884 6940 plere
902 6873 1006 6926 omittit.

2364 565 2428 630 269

1561 733 1613 798 at.
1646 731 1789 800 Secundo
1824 737 1980 816 quantum
2016 733 2056 798 ad
2094 733 2180 800 ntuli
2215 733 2428 818 indictionem
2444 751 2574 798 seeundum.

1469 839 1592 906 subdit:
1611 841 1651 904 Εῖ
1662 839 1775 926 plapis
1800 837 1973 924 impositis,
1991 835 2155 916 abierunt,
2173 839 2325 906 semivivo
2351 841 2427 908 reli-

1469 953 1539 1024 cto:
1564 945 1651 1030 quasi
1678 945 1771 1024 dicat,
1805 945 1889 1031 quod
1912 963 2013 1030 usque
2038 943 2076 1012 ad
2099 951 2235 1012 mortem
2257 961 2331 1012 eum
2355 945 2427 1010 oul-

1468 1059 1689 1132 mraoeruut,
1720 1051 1893 1118 secundum
1923 1051 2007 1138 quod
2042 1051 2079 1118 de
2108 1049 2282 1116 latronibus
2312 1051 2428 1118 dicitur

1469 1157 1712 1224 Proverbiornm
1746 1157 1847 1242 primo
1861 1159 1887 1224 8:
1930 1155 2058 1224 «Pedes
2092 1175 2203 1224 corum
2239 1155 2276 1222 ad
2308 1157 2427 1224 malum

1468 1269 1606 1330 currunt
1632 1269 1664 1330 et
1697 1263 1863 1344 festinant,
1886 1269 1925 1330 ut
1955 1263 2118 1330 adundant
2139 1261 2322 1348 sanguinem
2340 1287 2372 1342 »;
2395 1267 2428 1330 θῖ

1467 1367 1500 1432 in
1517 1369 1661 1434 Psalmo:
1691 1393 1707 1428 (ι
1724 1369 1867 1454 Quorum
1888 1387 1926 1438 os
1940 1369 2154 1436 maledictione
2172 1375 2201 1438 θῖ
2217 1369 2427 1436 amaritudine

1468 1475 1596 1560 plenum
1622 1483 1686 1556 θεῖ,
1709 1475 1830 1542 veloces
1866 1477 1958 1562 pedes
1991 1493 2100 1542 eorum
2129 1477 2168 1542 ad
2201 1475 2427 1542 effendendum

1466 1579 1651 1664 sanguinem
1670 1605 1699 1646 s.
1737 1579 1803 1646 Non
1837 1581 1940 1648 solum
1970 1579 2247 1660 verberaverunt,
2271 1597 2311 1648 ne
2345 1581 2427 1648 forte

1466 1685 1617 1770 proderet
1638 1703 1708 1764 eos,
1735 1685 1817 1752 sicut
1838 1687 1953 1752 dicitur
1978 1687 2016 1752 de
2045 1685 2152 1752 ismael
2178 1687 2323 1754 Ieremiae
2348 1705 2426 1772 qua-

1466 1789 1642 1876 dragesimo
1666 1789 1769 1876 primo
1782 1789 1806 1870 ⁹,
1829 1791 1915 1876 quod
1943 1817 1959 1850 <c
1975 1791 2060 1858 viros
2081 1791 2243 1860 venientes
2264 1793 2305 1858 ad
2326 1791 2427 1858 Gade-

1465 1897 1540 1962 liam
1565 1897 1719 1964 interiecit
1744 1897 1871 1976 ismael,
1886 1897 1971 1962 lilius
1994 1897 2182 1978 Nathaniae,
2205 1897 2271 1984 ipse
2297 1903 2326 1966 et
2352 1899 2426 1980 viri,

1465 2003 1521 2090 qui
1546 2009 1635 2072 erant
1658 2023 1731 2070 curn
1756 2022 1793 2070 eo
1827 2003 1911 2070 circa
1934 2003 2072 2070 medium
2096 2003 2154 2068 laci
2173 2027 2202 2084 e;
2228 2011 2258 2072 et
2282 2005 2362 2086 hoc,
2384 2023 2426 2074 ne

1466 2109 1637 2194 proderent
1660 2129 1752 2190 eum,
1767 2111 1851 2178 siout
1874 2117 1903 2176 et
1928 2109 1990 2176 bic.

1558 2219 1609 2284 55.
1634 2217 1736 2302 (Vera
1760 2215 1836 2292 3l.l.
1859 2215 1986 2284 Accidit
2002 2223 2177 2296 autemut
2193 2217 2350 2282 sacerdos
2366 2225 2424 2284 etc.
2462 2233 2589 2290 uetuere

1465 2323 1537 2388 Post
1561 2339 1726 2414 personam
1750 2305 1946 2408 indigentem
1961 2341 2004 2388 ex
2027 2319 2143 2406 duplici
2170 2319 2296 2388 miseria
2318 2321 2425 2388 subdi·
2441 2287 2589 2392 biblici·

1465 2433 1520 2494 tur
1544 2423 1595 2494 bic
1616 2445 1761 2514 persono
1784 2425 1964 2512 despiciens
1988 2447 2026 2494 ero
2045 2425 2184 2494 detritio.
2210 2425 2424 2500 introducitur¹

1464 2539 1572 2602 autem
1595 2533 1646 2602 bic
1670 2533 1789 2620 duplex
1813 2523 1964 2618 persona,
1988 2533 2142 2620 superior
2172 2533 2289 2602 scilicet
2318 2539 2350 2600 et
2372 2533 2424 2600 iu·-

1463 2637 1572 2728 ferior
1583 2641 1621 2706 in
1632 2639 1781 2728 dignitate
1798 2641 2013 2708 ecclesiastice.
2033 2673 2073 2690 -
2091 2641 2194 2708 Primo
2210 2641 2308 2728 igitar
2323 2659 2424 2726 quan·
2438 2653 2532 2718 vertera
2546 2669 2580 2700 a.

1466 2754 1533 2814 tum
1559 2747 1596 2812 ad
1619 2765 1797 2834 personam
1829 2749 2037 2832 superiorem
2066 2747 2163 2816 dicit:
2198 2747 2329 2814 Accidit
2360 2765 2424 2812 aa·
2468 2719 2548 2764 peren.

1465 2861 1547 2934 tom,
1571 2861 1609 2920 ut
1634 2853 1791 2922 sacerdos
1814 2853 1951 2942 pauidam
1975 2855 2181 2920 descenderet
2208 2853 2321 2920 eudem
2345 2853 2422 2934 oia,

1465 2959 1648 3028 occluserat
1681 2961 1779 3046 legem
1811 2959 1865 3028 bet
1896 2959 2009 3030 docere
2045 2966 2074 3028 θῖ
2098 2959 2218 3040 lacere,
2249 2959 2423 3028 secundum

1465 3067 1545 3136 illud
1567 3069 1735 3136 Malachiae
1757 3067 1893 3136 secundo
1908 3069 1950 3136 ²⁰:
1982 3069 2106 3136 «Labia
2126 3067 2296 3136 sacerdotis
2318 3073 2424 3136 custo-

1464 3175 1552 3244 dient
1574 3175 1753 3256 scientiam,
1776 3183 1809 3244 θῖ
1830 3175 1930 3262 legem
1961 3175 2126 3262 requirent
2161 3175 2198 3240 de
2230 3191 2284 3240 ore
2307 3173 2374 3242 eius
2390 3201 2422 3242 s.

1465 3281 1524 3368 lpsi
1557 3288 1662 3350 autem
1694 3281 1849 3350 debebant
1883 3301 1950 3350 esse
1987 3281 2102 3362 sancti,
2133 3281 2308 3348 secundum
2345 3281 2424 3348 illud

1465 3387 1592 3454 levitici
1617 3389 1755 3456 decimo:
1785 3415 1803 3448 ι(
1817 3387 2040 3456 sanctificabor
2062 3387 2093 3454 in
2118 3385 2168 3454 bis
2184 3387 2239 3472 qui
2254 3387 2424 3472 appropin-

1465 3499 1566 3580 quant
1587 3493 1686 3574 mibi,
1708 3499 1741 3562 et
1763 3493 1796 3560 in
1820 3501 1989 3578 conspectu
2011 3493 2114 3562 omnis
2134 3493 2242 3580 populi
2267 3493 2424 3578 glorifiea-

1464 3597 1523 3664 bor
1540 3625 1570 3664 a.
1595 3599 1683 3666 Unde
1712 3597 1910 3666 sacerdotum
1944 3603 2012 3664 erat
2048 3599 2207 3684 potissime
2238 3599 2335 3682 legem
2367 3598 2423 3664 Dei

1465 3707 1592 3770 servare
1617 3709 1647 3772 θῖ
1673 3703 1810 3772 maxinte
1832 3705 1937 3790 quoad
1958 3703 2223 3784 misericordiam
2241 3705 2295 3772 sed
2318 3711 2423 3770 tamen

1463 3809 1516 3876 hie
1540 3829 1602 3876 non
1627 3811 1763 3876 servavit
1786 3817 1917 3894 propter
1940 3809 2098 3876 duritiam.
2115 3831 2166 3860 '-
2189 3811 2274 3878 Unde
2300 3809 2421 3878 subdit:

1466 3917 1508 3980 m
1529 3913 1698 3994 oisoillo,
1718 3913 1904 4000 praeteriri
1925 3967 1935 3994 ,
1958 3931 2019 3982 non
2037 3915 2199 3982 attendens
2215 3913 2293 3982 illud
2308 3915 2424 3982 Dente-

1464 4021 1598 4088 ronomii
1611 4019 1910 4106 vigesimasecunda
1924 4023 1966 4084 ¹¹:
1986 4021 2046 4086 «Si
2057 4021 2187 4100 videris,
2200 4021 2335 4088 asinam
2347 4017 2424 4108 fra-

1465 4127 1529 4192 tris
1554 4127 1599 4194 tui
1624 4133 1680 4192 aut
1707 4127 1821 4194 bovem
1844 4125 1992 4192 cecidisse
2015 4123 2049 4192 in
2075 4125 2141 4204 via,
2168 4125 2422 4210 academicae,

1465 4231 1518 4300 sed
1544 4231 1721 4300 sublevabis
1745 4249 1818 4300 cum
1835 4249 1916 4298 eo».
1934 4231 1993 4298 lste
2007 4231 2153 4316 desperit
2168 4231 2262 4298 istum
2278 4231 2424 4318 putrem

1465 4345 1595 4424 propter
1619 4337 1791 4404 avaritiam.
1824 4337 1886 4404 lam
1915 4339 2112 4406 verificalum
2138 4343 2207 4404 erat
2242 4337 2318 4420 illud
2341 4339 2423 4404 lere·
2473 4347 2475 4350 ’

1463 4443 1546 4510 miae
1570 4449 1660 4510 sexto
1676 4445 1716 4510 l2:
1748 4445 1808 4510 «el
1824 4443 1939 4510 minori
1961 4445 2119 4528 usquead
2138 4443 2291 4510 maiorem
2313 4461 2423 4510 omnes

1463 4549 1616 4616 avaritiae
1638 4549 1782 4630 student,
1807 4555 1837 4618 et
1862 4567 1879 4618 a
1904 4553 2060 4636 propbeta
2081 4567 2184 4636 usque
2206 4549 2246 4618 ad
2277 4549 2423 4618 sacerdo-

1464 4661 1526 4722 tem
1553 4655 1658 4724 cuncti
1682 4657 1801 4724 iaciunt
1822 4657 1930 4724 dolum
1948 4681 1979 4736 »;
2003 4661 2034 4724 θῖ
2057 4657 2199 4724 similiter
2223 4657 2301 4724 illud
2324 4655 2420 4724 Isaiae

1463 4763 1584 4846 primo:
1615 4763 1806 4846 «Principes
1827 4763 1875 4830 tui
1898 4763 2053 4842 inlideleS,
2075 4763 2150 4830 socii
2168 4755 2274 4830 lurum
2292 4789 2307 4822 »
2328 4771 2403 4834 eta

1555 4869 1605 4934 56.
1631 4869 1732 4954 (Vers.
1756 4869 1832 4954 32).
1858 4869 1999 4936 Secundo
2015 4877 2171 4954 quantum
2186 4869 2225 4936 ad
2243 4887 2423 4956 personam
2439 4879 2580 4978 repperir-

1463 4971 1657 5060 inferiorem
1682 4975 1806 5042 subdit:
1829 4975 1990 5042 Similiter
2022 4981 2055 5040 et
2079 4975 2195 5056 levita,
2232 4993 2309 5042 cum
2342 4981 2422 5040 esset

1462 5101 1558 5150 secus
1576 5081 1689 5150 locum.
1703 5089 1734 5148 et
1749 5083 1872 5150 uideret
1892 5101 1986 5164 eum,
1997 5083 2214 5170 pertransite:
2239 5087 2268 5150 θῖ
2292 5081 2422 5150 hicnon

1462 5189 1641 5256 attendebat
1670 5189 1749 5256 illud
1770 5189 1976 5258 Ecclesiastici
2000 5189 2131 5276 septimo
2145 5191 2190 5256 1³:
2220 5191 2316 5256 «Non
2339 5183 2422 5256 desis

1532 5453 1545 5484 ⁶
1564 5457 1639 5510 Vers.
1658 5457 1706 5520 3l;
1727 5457 1830 5510 tertittm
1850 5461 1889 5508 est
1907 5473 1935 5510 v.
1952 5457 1997 5510 33.
2015 5465 2042 5512 et
2060 5461 2183 5524 quartum
2201 5473 2229 5512 v.
2247 5457 2291 5510 36.

1532 5543 1545 5574 ⁶
1564 5547 1638 5600 Vers.
1658 5547 1701 5600 ld.
1720 5545 1890 5602 -Subinde
1910 5547 2055 5612 allegantur
2072 5549 2118 5600 lob
2137 5547 2185 5614 le,
2205 5547 2231 5602 9.
2249 5551 2275 5600 et
2288 5549 2336 5598 22.

1533 5629 1636 5686 ἵῖῖθθε.
1657 5637 1684 5688 2.
1703 5663 1740 5674 -
1758 5635 1872 5698 Hieron,
1890 5635 1970 5700 Epist.
1997 5635 2058 5688 lus.
2082 5635 2157 5702 (alias
2185 5633 2228 5688 27.
2255 5635 2310 5688 sive
2332 5635 2422 5702 Epita-

1461 5723 1557 5788 pbium
1574 5719 1680 5788 Paulae)
1704 5737 1731 5776 n.
1763 5723 1809 5776 lu:
1835 5725 1970 5790 ilectoque
1994 5723 2085 5776 itinere
2111 5723 2288 5778 descendebat
2315 5721 2418 5790 [Paula]

1462 5811 1559 5876 lerion,
1576 5811 1723 5874 recogitans
1752 5809 1823 5864 illurn
1847 5813 1881 5864 de
1908 5811 2049 5878 Evangelio
2067 5813 2261 5866 vulneratum...
2280 5813 2310 5864 Et
2331 5811 2421 5862 locum

1461 5899 1601 5966 eidemin,
1622 5901 1695 5968 quod
1716 5901 1900 5966 interpretatur
1928 5899 2111 5968 sanpuinum,
2133 5903 2195 5968 quia
2222 5901 2318 5954 nutritus
2336 5899 2365 5950 in
2387 5913 2421 5952 eo

1462 5989 1570 6052 sanguis
1598 5987 1698 6040 crebris
1726 5989 1856 6042 latronum
1884 5987 2044 6042 tundebatur
2071 5989 2229 6040 incursibus.
2253 5987 2304 6040 Cir.
2327 5987 2366 6042 lll.
2393 5987 2421 6038 iu

1461 6079 1551 6130 Mattb.
1569 6077 1623 6142 20,
1637 6077 1680 6130 te.
2247 6079 2250 6086 Α

1532 6163 1638 6216 8Vers.
1658 6165 1705 6226 le,
1724 6171 1783 6230 post
1802 6179 1881 6232 quem
1900 6165 1941 6218 Ps.
1961 6163 2010 6226 le,
2030 6165 2056 6214 3.
2181 6235 2182 6238 Ἴ

1532 6247 1545 6280 ⁹
1565 6253 1638 6304 Vers.
1658 6253 1683 6304 7.
1702 6251 1756 6306 Cir.
1773 6253 1891 6316 aragon,
1914 6253 1931 6304 l.
1944 6251 2033 6304 lloral.
2052 6265 2074 6302 c.
2097 6253 2140 6302 36.
2160 6265 2184 6304 n.
2204 6253 2248 6304 52.

1533 6337 1558 6368 ¹⁰
1575 6339 1649 6392 Vere.
1670 6339 1695 6394 7.
1714 6367 1748 6380 ···-
1760 6339 1878 6394 Subinde
1896 6339 2022 6404 allegetur
2035 6339 2097 6392 Lev.
2119 6337 2166 6406 td,
2184 6339 2209 6390 3.

1532 6425 1555 6458 ¹¹
1574 6427 1648 6482 chs.
1670 6429 1694 6482 l.
1710 6457 1749 6466 -
1766 6429 1892 6496 Superius
1912 6429 1970 6482 Vel.
1994 6427 2088 6480 omittit
2103 6429 2217 6496 propter
2237 6425 2375 6494 duritiam,
2393 6433 2421 6480 et

1462 6517 1569 6570 interius
1591 6517 1649 6580 ipsa
1674 6531 1722 6584 pro
1748 6515 1830 6572 istum
1855 6517 1970 6586 tratrem
1995 6515 2127 6570 substituit
2143 6515 2261 6584 fratrem
2279 6529 2376 6584 suum,
2396 6517 2421 6568 H

1460 6607 1577 6674 neuen
1594 6619 1679 6660 suune
1695 6605 1813 6662 eiusdem
1830 6607 1927 6676 nentis.

1532 6691 1647 6748 18ῖθῖε.
1670 6681 1776 6758 l3‚cui
1796 6693 1964 6760 subiungitur
1984 6695 2041 6750 lsai.
2061 6697 2089 6764 l,
2110 6695 2151 6748 23.

1533 6781 1557 6814 ¹³
1574 6783 1649 6838 Vere.
1670 6787 1711 6838 38.
1732 6790 1757 6839 et
1774 6787 1818 6840 39.
