5900 8266
572 639 614 702 ed
980 673 981 676 =
1158 633 1362 718 contudit.
1388 633 1424 700 tlt
1448 631 1685 700 stabuletum
1710 627 1827 694 luenti
1850 627 1883 692 C.
1909 627 1958 692 tr.

575 835 593 868 «
608 809 740 874 llentem
767 805 836 872 eius
858 807 978 890 peccati
1000 807 1241 874 delectationen
1259 807 1426 898 momordit
1445 831 1474 888 »;
1490 809 1530 874 ad

571 911 726 980 Hebraeos
760 919 893 996 quarto:
929 939 944 970 a
963 913 1028 978 Non
1058 913 1214 980 babemus
1242 913 1439 998 Pontificem,
1474 913 1529 998 qui

570 1035 632 1084 non
658 1015 753 1102 possit
778 1017 911 1102 contpati
945 1017 1181 1084 infirmitatibus
1217 1017 1350 1096 nostrie,
1374 1024 1529 1086 tentatum

570 1141 627 1210 per
652 1123 753 1186 omnia
779 1140 837 1206 pro
859 1121 1080 1202 similitudine,
1103 1123 1223 1206 absque
1246 1129 1374 1208 peccato
1391 1151 1443 1188 a„

662 1229 690 1294 ὅ.
717 1227 750 1292 44
776 1233 849 1294 nuta
869 1227 1113 1312 spiritualiter,
1133 1227 1217 1312 quuod
1239 1229 1291 1294 bic
1307 1227 1424 1294 dicitur
1441 1229 1531 1294 04444-

415 1351 558 1414 sunuuuu
572 1339 640 1400 stus
664 1331 723 1418 api
742 1351 761 1396 a
785 1331 925 1416 Spiritu,
937 1333 976 1396 in
992 1333 1138 1400 Matthaei
1155 1335 1290 1416 quart01
1306 1331 1422 1398 dicitnr
1439 1333 1529 1412 duci,

408 1405 603 1522 4444444444
625 1435 720 1504 blanci
743 1437 848 1522 primu
869 1435 985 1504 dicitnr
1018 1437 1142 1522 capelli.
1172 1438 1207 1504 ln
1229 1457 1293 1524 quan
1319 1437 1530 1522 significatur,

408 1513 520 1556 ΠΜ
572 1543 656 1630 quod
686 1543 724 1608 ad
755 1543 915 1610 desertum
951 1543 1158 1628 poenitentiae
1190 1543 1316 1610 venitur
1346 1543 1529 1629 tripliciter,

571 1649 687 1720 seilicet
713 1649 828 1716 timore
842 1649 1044 1730 seueritatis,
1063 1649 1155 1716 444444
1170 1657 1218 1716 444
1233 1651 1390 1736 conpellere
1412 1669 1430 1716 a
1448 1651 1530 1716 malo

571 1755 609 1822 ad
644 1755 780 1834 bonum;
815 1755 1020 1828 Ecclesiastici
1047 1755 1196 1840 primoi:
1237 1755 1376 1822 «Timor
1406 1757 1529 1822 Domini

572 1861 703 1946 expellit
725 1867 920 1946 peecatum»
951 1869 1008 1930 etc.
1046 1861 1223 1948 Splendore
1244 1861 1413 1942 ueritatis,
1440 1861 1530 1930 cuius

571 1977 617 2038 est
642 1969 777 2046 (lacera
798 1969 1041 2038 ravennianum
1067 1975 1200 2054 quarto:
1229 1995 1245 2028 «
1262 1969 1380 2036 Ducam
1411 1975 1443 2036 te
1472 1987 1529 2052 per

572 2077 700 2142 semitas
721 2077 918 2162 aequitatis»
949 2083 1019 2156 eta,
1041 2077 1116 2142 dicit
1141 2077 1304 2160 Sapientia.
1331 2077 1454 2170 4444444
1477 2075 1530 2140 bo-

476 2171 477 2174 *
572 2181 707 2260 nitentis,
730 2183 823 2250 cuius
845 2192 894 2250 est
915 2203 1030 2268 apere·
1052 2181 1091 2248 ad
1107 2183 1263 2248 Romanos
1278 2185 1403 2248 octavu:
1427 2207 1443 2238 «
1456 2181 1530 2264 Qual-

572 2305 709 2372 eumque
731 2287 850 2372 Spiritu
874 2289 929 2354 Dei
954 2293 1092 2372 agimtur
1108 2311 1125 2344 »
1157 2291 1216 2352 etc.
1251 2285 1321 2350 Sive
1350 2305 1407 2370 per
1445 2305 1530 2350 conr-

572 2393 788 2472 utiuotiaues,
822 2391 1062 2458 ordinauitinnes
1095 2397 1128 2458 44
1157 2391 1413 2476 promissiones,
1450 2409 1530 2476 quae

573 2499 633 2566 tria
656 2497 844 2582 respondent
866 2499 899 2564 in
921 2497 1014 2564 uobis
1035 2497 1140 2566 tribus
1161 2497 1284 2564 viribus
1307 2497 1447 2578 animae,
1470 2497 1530 2564 sci·

572 2605 645 2672 licet
665 2605 828 2684 irascibili,
851 2603 1008 2684 rationali,
1030 2603 1274 2688 concupiscibili.

662 2713 692 2774 d.
721 2709 827 2776 Tertio
856 2709 1028 2776 introducit
1059 2709 1248 2776 artirabiteuu
1277 2709 1529 2788 substinentiam,

408 2833 644 2928 suspiciosum
666 2815 825 2902 adiungit:
851 2819 892 2882 Et
911 2815 999 2882 nibil
1020 2815 1238 2884 mattdacuuit
1253 2815 1295 2882 in
1319 2815 1386 2884 tttte
1400 2815 1529 2896 diebus,

414 2897 559 2982 iitisfamffa'
573 2923 689 2992 scilicet
712 2923 928 3010 quadraginta.
955 2923 1001 2988 Ex
1024 2941 1088 3008 quo
1112 2923 1257 2998 diabolus
1277 2929 1326 2990 est
1353 2923 1530 3008 suspicatus

573 3049 645 3098 eum
668 3031 784 3108 Deum,
809 3031 884 3114 quala
905 3029 1067 3096 ieiunabat
1088 3047 1187 3114 surpra
1208 3035 1393 3114 potestatem
1419 3031 1530 3096 huma-

575 3157 663 3216 nam,
689 3155 769 3222 quae
791 3137 878 3202 ultra
900 3135 1040 3203 triduum
1067 3135 1275 3202 communiter
1292 3155 1354 3202 non
1373 3135 1528 3222 procedit;

573 3245 655 3312 unde
679 3243 824 3310 blattbaei
847 3243 968 3310 decimo
992 3243 1129 3328 quintos
1151 3241 1268 3310 dicitur
1291 3243 1329 3310 de
1355 3241 1457 3310 turbis
1472 3259 1529 3326 per

574 3349 714 3416 triduum
738 3349 967 3416 ieiunantibus:
998 3373 1014 3406 a
1029 3347 1194 3414 Dimittere
1217 3367 1271 3414 eos
1295 3347 1416 3414 ieiunos
1441 3349 1528 3426 nolo,

572 3471 609 3520 ne
635 3453 779 3546 deficiant
802 3453 834 3520 iu
857 3453 906 3520 via
923 3481 954 3518 ».
972 3453 1069 3520 —Et
1090 3459 1164 3520 nota
1189 3453 1257 3532 bie,
1280 3453 1367 3538 quod
1389 3453 1529 3520 Salvator

573 3559 732 3626 4444444444
756 3565 827 3626 ante
851 3559 1053 3626 tentationem
1077 3563 1108 3626 et
1132 3559 1269 3626 eomedit
1292 3564 1363 3644 post
1386 3575 1530 3624 resurre-

573 3661 706 3730 ctionem
719 3663 761 3730 ad
776 3673 913 3730 nostram
932 3665 1182 3732 instructionem.
1199 3665 1283 3732 Unde
1301 3665 1528 3750 angustinum:

578 3797 591 3828 a
609 3769 761 3838 leiunavit
781 3769 927 3838 Christus
950 3777 1020 3838 ante
1043 3777 1177 3838 mortem
1202 3771 1322 3852 caruis,
1350 3771 1440 3858 quasi
1467 3773 1529 3838 cta-

573 3895 678 3942 mans:
704 3875 866 3942 4444444444
893 3899 950 3946 uos
973 3899 997 3944 a
1019 3877 1214 3946 carnatibus
1240 3877 1430 3958 desideriis,
1453 3877 1529 3944 dum

574 3981 647 4048 estis
671 3981 702 4048 in
725 3999 833 4066 agone.
869 3983 1011 4048 Conaedt't
1041 3989 1112 4068 post
1135 3983 1416 4060 resurrectionem,
1441 3979 1528 4066 quasi

573 4087 671 4154 dicat:
696 4087 771 4154 dum
795 4089 917 4156 habetis
946 4107 1063 4174 corpus
1091 4089 1243 4168 mortale,
1266 4107 1321 4174 spe
1345 4089 1530 4156 immortali-

574 4195 645 4260 tatis
669 4195 729 4260 lam
755 4195 942 4280 pascamini,
965 4195 1059 4282 quia,
1081 4195 1156 4262 dum
1182 4195 1263 4262 viam
1279 4195 1403 4262 Domini
1428 4195 1530 4280 carpi-

573 4319 659 4378 mus,
685 4309 714 4368 et
738 4321 757 4368 4
779 4301 915 4370 44444444
941 4303 1057 4370 4444444
1071 4303 1212 4370 44444444
1229 4309 1260 4370 44
1276 4303 1363 4370 44444
1379 4301 1530 4368 debemus

572 4405 671 4474 futuri
685 4407 935 4494 promissione»,
951 4415 988 4474 ut
1004 4425 1128 4494 semper
1142 4409 1283 4476 dicamus
1296 4411 1325 4474 ⁵:
1349 4435 1365 4468 κ
1377 4407 1528 4486 satiabor,

574 4531 644 4582 cum
668 4515 851 4602 apparuerit
875 4517 973 4602 gloria
998 4525 1052 4582 tua
1067 4543 1096 4582 ».

662 4625 692 4688 7.
728 4624 887 4690 Postremo
923 4622 1008 4690 addit
1043 4629 1257 4708 apparentem
1292 4621 1528 4708 indipeutiam,

572 4745 643 4794 cum
671 4727 848 4814 subiungit:
875 4729 915 4794 44
944 4729 1183 4794 communicatis
1213 4727 1296 4808 illis,
1319 4729 1446 4794 esuriit.
1471 4729 1530 4794 lta

421 4655 512 4716 Quarto,
523 4663 562 4750 affi-

407 4717 486 4768 paraus
506 4717 527 4750 44
553 4727 561 4738 -

407 4763 487 4814 genita.

644 5019 653 5050 ²
675 5023 748 5074 b'ers.
768 5021 777 5072 l
791 5039 798 5074 :
813 5021 887 5074 Tunc
905 5023 977 5074 lesus
990 5021 1083 5074 ductus
1103 5029 1141 5074 est
1153 5029 1216 5086 etc.;
1236 5023 1313 5074 blare.
1332 5023 1424 5090 ’1,«144
1442 5023 1472 5074 Et
1484 5028 1532 5074 sta·

573 5109 621 5164 tim
639 5111 752 5176 Spiritus
768 5111 868 5176 expolit
884 5125 945 5164 eum
965 5111 991 5162 in
1010 5113 1154 5164 desertum.

643 5197 653 5228 ²
674 5201 748 5252 Vens.
768 5199 811 5254 27.
830 5225 867 5238 -
884 5199 942 5254 Duo
959 5213 1035 5266 sequ.
1055 5199 1104 5252 loci
1123 5207 1182 5252 sunt
1199 5203 1278 5254 Prov.
1299 5201 1327 5264 4,
1350 5203 1359 5252 l
1371 5201 1436 5254 4.·44
1454 5203 1531 5254 llum.

574 5289 604 5350 s,
626 5287 666 5340 la.

643 5371 654 5402 ³
675 5377 750 5428 Vens.
769 5377 813 5428 34.

642 5459 654 5492 ⁴
675 5465 758 5518 Serm.
779 5467 839 5518 2443.
861 5465 936 5532 (alias
953 5465 988 5518 de
1011 5467 1144 5530 Tempore
1166 5463 1227 5518 474.
1244 5469 1269 5518 44
1289 5467 1321 5518 de
1340 5465 1456 5518 Diversis
1477 5463 1531 5532 90.)

573 5567 600 5604 n.
621 5553 643 5606 4.
666 5553 750 5606 Verba
775 5555 915 5620 Augustini
938 5557 1080 5608 4444444444
1106 5555 1252 5608 secundum
1277 5557 1397 5608 Glossam
1423 5553 1533 5610 ordina·

572 5641 645 5694 rt'ant
664 5643 734 5706 apud
748 5643 879 5706 Lyranum
898 5643 926 5694 in
939 5647 1001 5696 4444.
1022 5643 1053 5710 4,
1070 5647 1095 5696 2.
1111 5643 1168 5710 (444.
1187 5641 1273 5696 Strab.
1287 5645 1311 5696 in
1331 5645 1419 5698 llottb.
1439 5643 1468 5710 l,
1482 5641 1532 5710 4.),

573 5731 636 5782 dum
657 5735 741 5782 textus
763 5729 897 5794 originalis
923 5731 984 5782 luinc
1001 5731 1063 5784 inde
1081 5731 1157 5794 plura
1176 5731 1313 5784 interserit.
1331 5733 1381 5784 Pro
1400 5729 1534 5786 leiatuauit

574 5819 620 5884 (ita
632 5819 652 5872 4
664 5817 692 5886 C)
706 5823 791 5872 444444
803 5819 936 5884 originalis
948 5817 1091 5882 leiuuens,
1106 5819 1377 5884 944.14444444444444,Ι
1391 5833 1439 5882 pro
1453 5817 1535 5884 quusi

573 5905 696 5962 4444444444
716 5905 759 5974 (ita
779 5905 828 5958 nd
840 5905 903 5974 Dii)
926 5905 984 5956 444.
1003 5919 1056 5974 pue
1075 5905 1226 5970 clamabat,
1245 5911 1329 5958 textus
1349 5905 1482 5970 originalis
1493 5917 1533 5958 ce·

574 5995 616 6050 444
628 5995 776 6060 4444444444,
797 5997 815 6048 E
833 6007 895 6050 cnm
911 5995 1000 6048 Glosse
1014 5993 1097 6064 poesi
1113 5993 1209 6050 clamet
1229 5993 1260 6062 (G
1280 5993 1403 6058 4444444).
1416 5993 1534 6046 Subinde

573 6097 623 6148 pro
641 6083 706 6140 duta
727 6083 826 6140 bubalis
840 6097 939 6154 cerpus
952 6081 1068 6138 mortale
1080 6085 1104 6136 H
1116 6097 1176 6136 cum
1190 6083 1282 6136 Glossa
1295 6081 1346 6138 etsi
1355 6083 1476 6136 44444444
1488 6081 1534 6136 lua·

574 6169 637 6228 betis
657 6185 755 6242 444444
768 6169 932 6226 4444444444.
952 6175 979 6224 44
998 6171 1062 6236 ipsis
1080 6171 1172 6224 verbis
1190 6173 1315 6238 allegatur
1328 6175 1348 6224 l.
1359 6171 1427 6224 Petr.
1439 6173 1471 6234 4,
1484 6171 1512 6222 44
1526 6187 1533 6222 :

575 6259 689 6314 Obsecro
701 6273 777 6316 oue...
794 6259 927 6314 obstinere
944 6273 992 6314 nos
1009 6273 1029 6314 a
1046 6259 1203 6314 carnalibus
1223 6259 1376 6324 desideriis,·
1396 6259 1534 6324 respicitur

572 6349 592 6402 l.
611 6349 669 6402 Cor.
687 6349 717 6412 9,
738 6349 786 6400 454
806 6349 897 6400 Omnis
916 6355 1012 6414 444444,
1032 6347 1077 6414 qui
1097 6347 1124 6400 in
1142 6361 1230 6416 opoae
1247 6349 1388 6410 contendit,
1401 6347 1434 6400 ab
1448 6349 1535 6400 omni-

573 6437 625 6492 bus
642 6453 672 6492 se
689 6435 802 6492 abstinet
818 6445 876 6504 444.,
890 6433 917 6490 44
929 6439 991 6492 Luc.
1011 6439 1060 6500 st,
1082 6437 1123 6490 44.
1142 6451 1233 6504 seqq„
1250 6435 1298 6490 ubi
1310 6443 1446 6504 narratur,
1461 6439 1533 6506 quod

573 6529 691 6582 Christus
710 6529 879 6582 manducavit
899 6535 958 6596 post
977 6527 1202 6582 resurrectionem.

644 6613 768 6670 ⁵Psalm.
791 6617 836 6678 46,
857 6617 898 6670 45.

599 6743 600 6746 ,
644 6703 657 6734 ⁶
675 6705 745 6760 Libr.
764 6707 806 6758 lV.
824 6705 852 6756 in
864 6709 925 6760 Luc.
938 6719 966 6756 n.
986 6705 1034 6756 ld:
1048 6705 1100 6758 Sed
1118 6703 1351 6770 quiquadraginta
1370 6703 1465 6756 diebus
1477 6717 1533 6756 esu-

573 6793 626 6844 rire
644 6809 696 6846 non
716 6793 801 6860 potuit
823 6793 950 6856 ostendit,
970 6807 1020 6846 non
1040 6791 1128 6844 cibum
1148 6791 1269 6844 esuriisse
1289 6805 1316 6844 se
1336 6791 1467 6856 corporis,
1484 6793 1533 6844 sed

574 6883 696 6946 salutem;
724 6883 800 6934 simul
824 6887 854 6934 ut
870 6879 1053 6936 adversarium
1071 6883 1210 6934 lacesseret
1234 6881 1286 6932 iarn
1311 6881 1461 6944 timentem,
1485 6883 1532 6948 quai

575 6967 748 7036 quadraginta
774 6969 876 7022 dierum
902 6973 986 7022 luerat
1003 6967 1099 7022 ieiunio
1125 6969 1288 7022 uulneratus.
1312 6971 1343 7024 Et
1369 6969 1428 7024 ideo
1450 6973 1532 7024 lamas

1594 805 1653 870 luit
1674 805 1758 872 enim
1781 803 1915 890 amplius
1940 801 2113 880 abstinere,
2139 817 2177 868 ne
2201 801 2342 868 diabolus
2359 809 2462 888 posset
2478 821 2550 886 per-

1593 911 1708 996 cipere.
1744 909 1830 976 Uude
1861 907 2086 976 nuobrosinsr:
2114 933 2131 966 <t
2147 907 2267 986 444444,
2303 925 2340 976 ne
2376 907 2550 976 innotescat

1593 1015 1736 1084 sublimis
1760 1017 1860 1094 Deus;
1886 1015 1982 1082 fames
2006 1015 2088 1084 enim
2111 1013 2235 1080 Domini
2261 1015 2312 1100 pia
2333 1015 2421 1084 lraus
2436 1021 2493 1094 est,
2510 1033 2550 1082 ne

1593 1131 1701 1190 caveat
1724 1129 1844 1188 4444444
1867 1121 2011 1188 diabolus
2026 1149 2057 1186 4.
2076 1159 2115 1168 -
2135 1121 2169 1186 44
2193 1127 2282 1200 nota,
2300 1123 2386 1208 quod
2408 1119 2551 1186 esurivit
2570 1139 2699 1186 uouuoum.

1594 1227 1836 1308 intentatione,
1871 1229 1952 1294 sicut
1982 1229 2032 1294 bic
2064 1227 2199 1306 dicitur,
2225 1233 2258 1294 et
2288 1225 2392 1294 sit'oit
2414 1229 2447 1292 44
2478 1243 2547 1312 pas-

1594 1333 1695 1412 sione,
1712 1333 1791 1400 sicut
1817 1333 1932 1400 dicitur
1955 1333 2076 1402 loaumis
2098 1333 2218 1400 decimo
2243 1351 2325 1438 none
2337 1331 2361 1412 ⁷,
2385 1339 2421 1398 ut
2444 1339 2550 1398 osten-

1592 1439 1697 1516 deret,
1720 1457 1754 1506 44
1778 1439 1895 1506 babere
1925 1457 2030 1506 veram
2057 1439 2301 1518 humanitatem,
2328 1445 2360 1506 et
2383 1445 2419 1506 ut
2442 1439 2551 1504 invita·

1594 1551 1643 1610 ret
1657 1543 1698 1610 ad
1712 1549 1929 1628 paupertatem
1946 1553 1976 1612 et
1993 1545 2200 1630 poenitentiae
2215 1545 2449 1632 poenalitatem
2465 1545 2550 1612 unde

1590 1651 1758 1734 'Apostolos
1770 1651 1923 1716 secundae
1940 1649 1977 1716 ad
1995 1651 2170 1718 Corinthios
2187 1651 2370 1720 undecimo':
2388 1679 2403 1712 u
2421 1653 2451 1718 ln
2468 1651 2550 1718 fame

1593 1765 1625 1822 44
1641 1755 1708 1836 4444,
1725 1757 1757 1822 44
1773 1757 1890 1844 frigore
1904 1759 2097 1836 aununtiate,
2115 1759 2146 1822 in
2162 1759 2285 1824 ieiuniis
2301 1759 2408 1826 multis
2426 1787 2454 1824 4.
2473 1759 2550 1826 Esu-

1593 1863 1666 1930 rivit
1682 1871 1788 1930 alutem
1806 1869 1836 1930 et
1852 1863 1950 1930 sitivit
1962 1883 2022 1930 444
2036 1863 2105 1942 sibi,
2120 1863 2172 1930 sed
2186 1863 2283 1942 nobis,
2298 1865 2414 1950 quibus
2426 1883 2550 1950 procne-

1593 1969 1658 2036 ruit
1674 1969 1875 2036 relectionem
1891 1969 2085 2052 spiritualem
2102 1969 2245 2056 corperis
2259 1975 2290 2034 44
2307 1969 2465 2056 sauguinis
2480 1971 2549 2050 ¹sui,

1592 2077 1710 2162 quibus
1733 2077 1893 2144 relicimur
1916 2083 1948 2142 44
1964 2083 2128 2162 potamur3
2144 2077 2265 2142 loannis
2281 2083 2373 2144 44444
2384 2077 2416 2140 8:
2440 2103 2454 2134 u
2470 2077 2550 2144 Caro

1595 2199 1662 2250 mea
1684 2199 1758 2248 vere
1772 2191 1821 2248 est
1835 2181 1944 2260 444444,
1960 2189 1992 2248 44
2008 2183 2135 2268 sanguis
2149 2199 2240 2248 meus
2256 2199 2328 2248 4444
2345 2191 2391 2248 444
2407 2189 2501 2266 potus
2516 2209 2547 2246 ».

1683 2289 1712 2352 8.
1742 2287 1833 2352 Discit
1854 2295 1964 2352 4444444
1990 2287 2038 2352 illi
2061 2287 2211 2354 diabotus
2236 2293 2293 2356 etc.
2313 2287 2478 2370 Postquam
2496 2287 2550 2354 de·
2563 2301 2595 2346 ne
2612 2303 2675 2366 mone

1593 2395 1718 2478 scripsit
1742 2395 1935 2460 occasionem
1959 2395 2152 2472 tentationis,
2171 2395 2221 2460 hic
2244 2393 2391 2462 describit
2414 2395 2551 2458 eundum
2572 2357 2671 2452 iiim

1594 2501 1759 2578 tentarudi,
1781 2501 1895 2566 444444
1919 2499 2091 2566 secuudum
2129 2497 2245 2584 triplex
2271 2499 2436 2566 motivum.
2461 2501 2550 2566 bloti-

1593 2623 1670 2674 vum
1694 2613 1798 2674 autem
1823 2605 1860 2672 ad
1885 2611 2048 2690 peccatum
2072 2611 2119 2672 444
2148 2605 2371 2674 commutabile
2393 2605 2548 2686 bonum⁹‚

1593 2713 1677 2798 quod
1701 2713 1803 2780 estin
1826 2713 1939 2798 triplici
1963 2711 2151 2800 differentia:
2177 2719 2232 2778 ant
2255 2719 2302 2778 est
2329 2711 2494 2798 44444444,
2517 2723 2655 2808 attriplex
2672 2741 2714 2772 mo·

1593 2821 1653 2886 boo
1677 2825 1723 2886 est
1748 2819 1868 2898 carnis3
1898 2826 1953 2884 4444
1985 2817 2146 2896 euterius,
2183 2823 2212 2884 et
2249 2819 2307 2884 boc
2342 2819 2469 2896 mundi3
2494 2827 2550 2886 4444
2580 2785 2716 2890 illidit:

1593 2923 1753 3002 interius,
1776 2931 1809 2990 et
1831 2923 1890 2988 boc
1926 2923 2112 2990 44444444444
2134 2923 2241 2988 aniani.
2272 2923 2319 2988 ,Ex
2349 2923 2451 3008 prium
2484 2923 2551 2990 eib—x
2580 2899 2638 2932 Μ’

1593 3029 1677 3096 44444
1700 3031 1795 3096 bomo
1818 3031 2053 3114 oolvaptuosus,
2076 3047 2119 3094 44
2141 3027 2279 3096 4444444
2306 3029 2480 3108 44444444,
2504 3049 2550 3120 eu

1593 3137 1687 3204 tertio
1706 3143 1995 3222 praesumtuosus.
2012 3135 2129 3202 Primo
2165 3135 2254 3202 modo
2290 3135 2382 3204 444444
2414 3145 2550 3204 44444444

1592 3243 1823 3328 suggestionem
1847 3261 1902 3328 per
1928 3243 2046 3310 bonum
2079 3241 2227 3322 interius,
2252 3243 2336 3328 quod
2360 3245 2548 3324 assaumis,

1592 3357 1629 3414 ut
1650 3349 1764 3416 alliciat
1788 3349 1825 3416 ad
1847 3347 1986 3436 pulum·
2008 3349 2160 3426 secundo,
2177 3365 2234 3434 per
2249 3349 2366 3414 bouum
2390 3349 2570 3430 44444444,Ι

1592 3455 1678 3538 quod
1700 3461 1748 3520 est
1772 3455 1894 3534 ntundi,
1932 3461 1967 3520 ut
1999 3455 2114 3522 alliciat
2138 3457 2178 3520 ad
2205 3455 2411 3532 auaritiam,
2434 3461 2465 3522 et
2490 3457 2549 3522 boc

1593 3557 1693 3624 ibi10:
1721 3561 1759 3624 ut
1781 3559 1879 3626 duait
1913 3579 1988 3626 4444
2010 3559 2163 3626 diabotus
2197 3559 2235 3626 iu
2274 3567 2424 3636 tuentem
2456 3559 2550 3628 tertie

1592 3683 1687 3746 vero,
1702 3685 1758 3750 per
1782 3667 1899 3732 bonum
1918 3667 2064 3744 interius,
2080 3667 2165 3752 quod
2181 3673 2228 3734 est
2243 3667 2427 3734 excellentis
2442 3667 2549 3748 aruimi,

1592 3780 1629 3838 ut
1643 3771 1756 3838 alliciat
1773 3775 1813 3838 ad
1835 3767 1983 3860 pompam
2006 3773 2070 3840 sive
2094 3773 2304 3858 superbiam,
2320 3775 2378 3842 ibi:
2397 3775 2436 3838 Et
2451 3775 2550 3842 tinuit

1592 3877 1739 3946 illumin
1763 3879 1943 3946 Ierusalem
1966 3887 2022 3946 etc.
2051 3881 2084 3946 44
2110 3883 2184 3948 baec
2201 3881 2261 3946 4444
2287 3881 2476 3966 respondent
2492 3883 2549 3948 444-

1592 3985 1671 4064 buas,
1694 3985 1725 4050 in
1750 3985 1867 4070 quibus
1888 3985 2019 4052 tentavit
2044 3993 2073 4052 44
2089 3985 2163 4052 44444
2179 3985 2336 4054 hominem
2354 3987 2491 4070 primum
2507 3991 2548 4066 113

1592 4099 1623 4160 et
1645 4093 1761 4160 babent
1786 4093 1863 4158 istae
1886 4093 2071 4158 tentationes
2096 4089 2273 4156 ordinatum
2304 4109 2486 4176 processum
2510 4093 2549 4160 ab

1592 4199 1733 4292 inferiori
1755 4199 1795 4264 ad
1811 4197 1976 4282 superius:
1993 4197 2066 4282 quia
2090 4215 2131 4264 44
2156 4195 2256 4282 prima
2272 4197 2433 4282 impetitur
2450 4217 2549 4284 quian-

1592 4311 1660 4372 tum
1695 4305 1747 4372 ad'
1767 4311 1874 4372 actum
1909 4303 2113 4390 aspernatum
2148 4321 2188 4370 ex
2225 4303 2361 4370 secunda
2395 4313 2550 4390 quantum

1592 4411 1631 4478 ad
1654 4417 1759 4480 actum
1788 4409 1971 4488 sermibilis;
1994 4427 2036 4476 44
2070 4409 2176 4476 tertia·
2193 4429 2288 4490 vero,
2321 4417 2476 4496 quantum
2511 4411 2550 4478 ad

1592 4523 1696 4584 actum
1723 4517 1911 4584 rationalis.
1928 4515 2145 4600 -Quantum
2170 4533 2244 4600 ergo
2267 4515 2304 4582 ad
2329 4515 2465 4602 primam
2481 4523 2547 4582 ten·
2564 4533 2715 4590 releuaui-

1593 4621 1740 4690 tationem
1778 4629 1851 4690 4444
1884 4621 2054 4690 diabolum
2089 4631 2336 4708 stupperentenu,
2372 4629 2404 4688 et
2438 4621 2549 4690 deinde
2583 4587 2715 4686 iaiui⁸⁵⁰‘¹'

1593 4729 1773 4794 Danaidum
1797 4729 2050 4814 respondentem.

1595 5021 1698 5074 Domini
1718 5023 1759 5088 pia
1780 5023 1851 5074 lraus
1868 5027 1922 5086 est,
1940 5027 1970 5072 ut
1987 5021 2013 5072 in
2033 5035 2084 5086 quo
2103 5017 2223 5074 diabolus
2240 5021 2342 5072 4444444
2361 5027 2480 5074 melliens
2498 5019 2550 5072 iam

1595 5109 1719 5174 cavebat,
1738 5109 1812 5162 lamis
1831 5111 1919 5176 specie
1935 5111 2044 5162 lactatus
2065 5115 2176 5162 44444444
2200 5117 2229 5162 ut
2246 5109 2396 5172 bominem,
2415 5123 2447 5160 ne
2471 5109 2550 5174 impe-

1596 5201 1694 5254 diretur
1715 5199 1870 5264 triomplrus.
1889 5197 1941 5252 Clr.
1961 5199 2049 5252 Glossa
2068 5197 2211 5252 ordinaria
2230 5199 2255 5250 in
2276 5199 2337 5252 Luc.
2357 5197 2388 5260 4,
2408 5201 2437 5250 44
2467 5201 2550 5250 lisurit

1596 5305 1660 5356 ergo
1679 5287 1785 5342 4444444444
1803 5289 1873 5340 Deus
1892 5293 1986 5352 bomo,
2006 5303 2040 5340 ne
2051 5289 2159 5340 inimico
2177 5287 2319 5340 innotescet
2339 5285 2458 5340 sublimIs
2471 5291 2549 5340 bomo

1596 5379 1666 5430 Deus
1685 5377 1731 5446 [444
1749 5379 1827 5430 etiam
1847 5379 1867 5430 A
1894 5379 2043 5430 asecunda
2066 5391 2149 5430 mauu
2166 5377 2191 5428 44
2219 5391 2302 5440 nuarg.
2327 5391 2357 5430 en
2379 5377 2466 5440 Beda,
2484 5379 2501 5428 l.
2525 5377 2550 5430 in

1597 5467 1658 5518 Luc.
1678 5467 1708 5532 l,
1729 5463 1776 5534 4.].
1795 5467 1887 5518 Fames
1911 5465 2013 5518 Domini
2034 5465 2076 5530 pia
2102 5467 2172 5518 444444
2190 5469 2241 5530 esl,
2262 5479 2295 5516 ne
2319 5471 2412 5518 444444
2429 5463 2550 5518 diabolus

1597 5563 1705 5608 tentare.
1724 5555 1808 5608 Esurit
1826 5559 1914 5608 aulem
1932 5569 1986 5606 ruon
2004 5559 2056 5606 tam
2076 5551 2166 5608 cibum
2194 5551 2312 5616 corporis
2336 5565 2415 5620 quiam
2440 5553 2549 5606 salutem

1597 5645 1708 5698 aululae.
1727 5671 1761 5684 ·-
1785 5647 1809 5696 ln
1840 5645 1890 5694 444
1918 5651 1977 5708 post
2000 5641 2123 5696 diabolus
2150 5641 2209 5694 Vol.
2235 5641 2308 5694 addit
2338 5641 2550 5710 et-iutpedintur

1598 5731 1760 5800 triumphus.

1667 5815 1677 5848 4
1697 5821 1773 5870 Vens.
1791 5821 1833 5870 48.
1859 5817 1910 5870 Clr.
1928 5809 2073 5870 Commeat.
2098 5817 2124 5868 iu
2145 5821 2214 5868 bunc
2236 5817 2286 5868 loc.
2303 5829 2331 5868 n.
2351 5815 2393 5866 46.
2412 5821 2436 5868 44
2456 5815 2498 5866 57.
2519 5845 2550 5854 --
2610 5857 2611 5860 ,

1598 5905 1721 5970 Sequitur
1739 5905 1767 5954 tl.
1784 5901 1844 5956 Cor.
1863 5905 1906 5970 lt,
1925 5901 1968 5956 27.

1668 5987 1773 6044 ³l'ers.
1793 5993 1835 6044 56.

1667 6077 1835 6134 ”Peccatum
1854 6081 1923 6134 enim
1949 6083 2004 6134 sire
2028 6083 2126 6136 melum
2152 6081 2296 6136 secundum
2321 6083 2445 6146 44444444,
2465 6081 2490 6130 44.
2518 6081 2550 6134 de

1598 6169 1653 6224 bib.
1671 6169 1734 6224 4444.
1751 6185 1776 6222 c..
1796 6171 1839 6224 49.
1852 6187 1875 6224 u.
1897 6173 1943 6236 53,
1964 6175 2001 6222 est
2023 6193 2036 6218 a
2048 6171 2153 6224 aversio
2169 6169 2205 6224 ab
2217 6169 2421 6224 incommutabili
2443 6169 2514 6220 bono
2526 6175 2550 6220 44

1597 6261 1779 6314 conversiead
1793 6259 1927 6314 4444444444
1946 6259 2016 6312 bona
2029 6281 2052 6312 u.
2072 6259 2121 6314 444.
2142 6261 2169 6312 ll.
2189 6261 2260 6312 Sem.
2279 6259 2304 6310 d.
2326 6259 2367 6312 35.
2387 6255 2453 6310 dub.
2471 6259 2494 6308 ii.
2516 6285 2550 6298 ι-

1598 6349 1633 6400 De
1648 6349 1738 6412 triplici
1752 6347 1897 6400 differentia
1910 6347 1971 6400 boni
1985 6347 2176 6402 commutabilis
2189 6351 2235 6402 cli.
2249 6349 2266 6400 l.
2280 6351 2349 6400 loen.
2361 6349 2388 6410 4,
2402 6348 2433 6399 lli
2444 6347 2549 6410 404444,

1597 6439 1669 6504 quod
1687 6445 1727 6490 est
1745 6437 1771 6490 in
1785 6439 1898 6502 munda,
1910 6439 2118 6502 concupiscentia
2139 6437 2223 6490 carnis
2234 6443 2274 6490 est
2288 6443 2337 6490 etc.
2356 6435 2408 6490 Cir.
2425 6437 2550 6502 August,

1597 6529 1711 6580 Enarret.
1730 6529 1755 6580 iu
1776 6529 1816 6580 Ps.
1844 6529 1868 6580 S.
1887 6541 1914 6580 n.
1933 6527 1975 6580 l3.
1993 6553 2030 6568 -
2048 6529 2106 6580 Vel.
2125 6527 2200 6592 legit:
2219 6525 2349 6580 Matiuuru
2372 6525 2444 6580 44444
2459 6539 2550 6596 pecco·

1597 6619 1656 6670 tum
1673 6619 1713 6670 est
1729 6615 1767 6670 od
1784 6613 1972 6670 comrnutabite
1990 6613 2091 6670 44444444
2108 6621 2159 6668 444.

1667 6701 1689 6734 ²⁰
1709 6707 1784 6758 Vens.
1802 6703 1834 6754 5:
1853 6701 1887 6756 Et
1904 6701 1985 6756 duait
1996 6703 2076 6758 illum
2088 6701 2211 6766 diabolus
2228 6709 2292 6766 etc.;
2312 6703 2416 6758 tertium
2435 6709 2474 6756 est
2485 6719 2514 6754 v.
2525 6705 2550 6754 4.

1667 6789 1688 6822 ¹¹
1709 6793 1759 6848 444.
1778 6791 1912 6854 ambros,
1931 6793 1974 6844 lv.
1991 6791 2019 6844 in
2036 6793 2100 6846 Luc.
2117 6807 2144 6844 n.
2164 6791 2206 6844 tr.
2224 6799 2250 6844 et
2270 6793 2317 6856 333
2336 6793 2454 6858 drogon,
2472 6793 2490 6844 l.
2503 6793 2551 6844 llo-

1597 6883 1650 6936 mil.
1667 6883 1694 6936 in
1714 6883 1812 6946 Erang.
1827 6881 1914 6934 4444444.
1936 6883 1946 6934 4
1954 6883 1978 6934 d.
1996 6895 2022 6934 n.
2035 6883 2061 6934 4.
2079 6895 2136 6948 seq.
2155 6881 2221 6934 Vide
2233 6881 2313 6934 ettam
2332 6883 2358 6934 ll.
2379 6883 2448 6934 Seni.
2467 6883 2493 6936 d.
2509 6883 2550 6934 44.

1595 6985 1617 7024 a.
1641 6975 1663 7024 l.
1682 6985 1710 7036 q.
1729 6971 1752 7026 l.
