5900 8266
1100 619 1294 688 COlllllENT.
1322 617 1356 686 ΙΝ
1382 619 1620 686 avlueunutn
1642 621 1760 688 tuens
1783 621 1817 686 C.
1838 619 1929 686 XVll.

619 793 672 860 77.
699 795 798 880 (Vers.
833 797 909 878 77).
943 795 1085 862 Secundo
1115 803 1270 882 quantum
1301 795 1339 862 ad
1373 793 1494 862 77777777

392 913 421 958 ⁰0
436 913 512 992 diluvii
530 919 671 970 77777777
697 903 819 970 subdit:
846 901 990 968 7377777777
1015 909 1044 968 77
1067 901 1234 980 bibebant,
1257 921 1380 968 7777777
1395 901 1492 968 777777-

413 979 485 1014 68ωῶ
531 1007 611 1076 tect
635 1015 662 1074 et
686 1007 857 1074 dabantur·
882 1007 927 1072 ud
950 1007 1088 1092 nuptias
1108 1027 1212 1096 usque
1233 1009 1271 1074 777
1292 1007 1398 1088 diem,
1421 1027 1491 1096 quo

530 1117 671 1186 introvit
693 1113 762 1180 ltoe
783 1115 820 1180 tn
848 1133 986 1194 arcora,
1020 1117 1081 1182 hoc
1110 1119 1175 1194 est,
1208 1115 1356 1200 operibns
1388 1113 1491 1182 carnis

530 1223 667 1290 totaliter
700 1219 808 1286 intenti
839 1227 947 1300 erant,
970 1227 1002 1288 et
1025 1221 1095 1288 ideo
1118 1221 1150 1286 in
1172 1239 1269 1288 carne
1290 1219 1491 1306 corruptibili

530 1327 690 1408 corrumpi
714 1331 744 1390 et
769 1325 863 1392 deleri
890 1327 972 1410 digni
997 1333 1096 1394 erant.
1123 1327 1209 1394 Unde
1230 1326 1339 1394 Glossa
1360 1327 1491 1412 Ambro-

530 1435 566 1504 sii
581 1437 612 1498 1:
643 1459 658 1490 «
673 1431 739 1496 Non
764 1431 920 1506 connubia
943 1433 992 1498 vel
1017 1433 1162 1498 alimenta
1187 1433 1392 1512 damnantur,
1415 1449 1488 1498 curn

528 1541 559 1606 in
586 1537 635 1604 his
658 1537 882 1616 successionis,
906 1537 938 1602 in
963 1537 1025 1604 illis
1046 1547 1177 1604 naturae
1208 1537 1270 1604 sint
1291 1537 1392 1622 posita
1413 1537 1488 1604 sub·

529 1645 622 1720 sidia,
648 1641 702 1708 sed
723 1643 949 1710 immoderatus
965 1645 1125 1712 licitorum
1143 1663 1221 1710 usus
1235 1645 1394 1730 arguitur.
1410 1645 1486 1728 Quia

529 1747 610 1816 enim
634 1747 684 1814 his
709 1765 740 1816 se
766 1753 846 1816 totos
869 1747 1011 1816 dedendo
1026 1751 1080 1816 Dei
1097 1749 1213 1816 iudicia
1227 1751 1488 1828 conternnehant,

528 1855 600 1940 igne
623 1855 672 1920 vel
696 1873 779 1938 aqua
799 1855 1012 1940 perierunt».
1037 1855 1122 1922 Unde
1147 1855 1176 1922 in
1203 1855 1252 1922 his
1276 1855 1398 1924 actibus
1413 1855 1488 1924 insi-

528 1967 648 2028 nuatur
670 1979 780 2028 eorum
812 1961 995 2040 carnalitas,
1022 1961 1257 2048 propterquod
1282 1959 1365 2048 digni
1399 1969 1487 2028 erant

528 2067 576 2134 ira
599 2067 724 2146 divina:
741 2067 869 2134 Genesis
887 2069 1024 2134 sexto2:
1054 2095 1070 2128 «
1087 2067 1228 2152 Cumque
1244 2067 1372 2134 vidisset
1390 2069 1486 2146 Dens,

527 2181 646 2240 terram
670 2191 738 2242 esse
762 2179 964 2258 corruptam,
986 2175 1091 2242 omnis
1112 2175 1230 2262 quippe
1246 2193 1321 2242 caro
1337 2193 1486 2260 corrupe-

527 2285 576 2346 rat
601 2281 681 2346 viam
707 2297 796 2346 suam
820 2295 917 2362 super
941 2287 1080 2360 terram;
1110 2279 1192 2344 dixit
1223 2279 1263 2344 ad
1292 2281 1377 2346 Noe:
1406 2281 1487 2346 Tinis

527 2387 693 2454 universae
718 2385 820 2452 carnis
846 2385 928 2452 venit
952 2405 1056 2452 coram
1084 2405 1154 2464 me;
1185 2385 1378 2470 replerant
1402 2395 1487 2452 terra

527 2491 706 2578 iniquitate,
731 2499 761 2560 et
785 2511 843 2578 ego
863 2491 1042 2578 disperdam
1066 2511 1119 2560 eos
1144 2513 1215 2560 cum
1239 2499 1327 2560 terra
1342 2521 1372 2560 ».
1400 2495 1485 2562 Prin-

527 2599 635 2684 cipalis
651 2607 756 2668 autem
776 2599 866 2684 culpa
883 2617 991 2666 eorum
1010 2601 1096 2666 venit
1111 2617 1154 2666 ex
1169 2599 1362 2680 carnalitate,
1379 2607 1410 2668 et
1427 2601 1485 2668 hoc

372 2713 508 2776 cattaneus
527 2705 665 2772 insinuat
695 2707 727 2770 in
756 2711 895 2790 quatuor
918 2704 1056 2784 actibus,
1083 2723 1164 2790 quos
1186 2707 1305 2788 tangit:
1331 2707 1483 2784 edebant,

388 2775 448 2868 zaddi-⁵
467 2779 508 2824 ω’
527 2809 558 2878 id
581 2815 643 2890 est,
668 2811 735 2878 esui
758 2817 849 2878 erant
871 2809 967 2878 dediti
984 2817 1020 2876 nt
1033 2811 1163 2898 polest,
1178 2815 1212 2878 et
1226 2811 1295 2878 ideo
1310 2811 1359 2878 ira
1381 2813 1484 2898 digni3

528 2919 712 2986 Psalnust:
741 2917 882 2986 «Adhuc
907 2935 994 2986 escae
1018 2937 1127 2986 eorum
1158 2923 1247 2986 erant
1269 2919 1308 2986 in¹
1325 2937 1378 2986 ore
1403 2921 1485 3004 ipso-

388 3037 506 3084 stainos.
527 3045 617 3106 rum,
641 3031 672 3092 et
695 3025 743 3090 ira
766 3025 820 3090 Dei
846 3025 984 3092 ascendit
1005 3043 1103 3110 super
1125 3025 1423 3106 coss-ettotam,
1448 3033 1484 3094 ut

527 3131 666 3210 ebriosi,
688 3137 721 3196 et
743 3129 811 3196 ideo
836 3131 883 3196 ira
907 3131 1007 3216 digni,
1037 3131 1212 3198 secuudum
1243 3129 1321 3196 illud
1353 3131 1484 3198 Prover-

526 3237 652 3304 hiorum
682 3235 832 3322 vigesimo
866 3237 1002 3304 tertio4:
1035 3235 1120 3306 «Cui
1160 3243 1239 3304 raet
1276 3237 1366 3304 ouius
1403 3237 1483 3322 patri

527 3361 583 3410 vae
599 3349 634 3408 »7
665 3343 800 3408 «Nonne
823 3343 872 3408 his
895 3343 948 3428 qui
974 3349 1210 3410 commorantur
1233 3341 1265 3408 in
1290 3343 1362 3408 7777
1375 3369 1391 3400 7
1413 3349 1482 3422 etc.;

526 3449 622 3516 isaiae
657 3447 786 3534 quinto:
813 3475 829 3506 rr
847 3449 927 3514 Vaei
952 3447 1005 3534 qui
1038 3455 1179 3532 potentes
1215 3447 1290 3514 estis
1311 3447 1351 3514 ad
1373 3447 1485 3514 biben-

524 3555 600 3622 dnm
624 3555 733 3622 vinum
763 3561 796 3622 et
829 3553 888 3622 viri
924 3553 1020 3620 sortes
1054 3553 1313 3620 admiscendam
1350 3553 1483 3620 ebrieta-

527 3669 634 3740 tem»;
668 3665 698 3728 77
731 3661 879 3748 vigesimo
916 3659 1068 3728 secundo:
1104 3661 1231 3740 «Ecce,
1266 3661 1416 3744 gaudium
1452 3667 1484 3726 et

524 3769 660 3848 laetitia,
692 3769 858 3836 comedere
887 3785 998 3834 carnes
1031 3773 1061 3834 et
1091 3767 1198 3836 bibere
1233 3767 1341 3834 vinum
1359 3791 1390 3846 »3
1420 3793 1434 3826 (t
1452 3773 1484 3834 et

524 3877 662 3942 revelata
684 3883 732 3940 est
755 3895 818 3942 vox
836 3875 903 3942 ista
930 3873 962 3940 in
992 3875 1125 3942 auribus
1157 3875 1250 3940 meis:
1285 3873 1314 3940 Si
1346 3873 1482 3942 dimitte-

523 3985 615 4048 retur
637 3979 789 4066 iniquitas
809 3981 888 4048 haec
923 3981 1026 4060 77777,
1057 3981 1156 4048 donec
1187 3979 1382 4060 moriamini,
1408 3981 1483 4048 dicit

413 4093 504 4140 Tutin·
522 4081 678 4154 Dominus
707 4087 954 4154 exercituum».
995 4085 1119 4154 77777777
1154 4087 1332 4168 77777777,
1361 4093 1398 4154 77
1433 4087 1482 4154 l·

521 4191 626 4270 urici:
648 4191 777 4260 Genesis
801 4191 934 4258 sexto⁵z
956 4219 973 4252 «
989 4191 1131 4278 Curiique
1148 4193 1321 4276 coepissent
1339 4193 1482 4260 homines

432 4343 434 4348 .
523 4295 726 4382 multiplicari
749 4315 845 4382 super
869 4301 987 4364 terram
1017 4303 1051 4362 et
1072 4297 1153 4362 lilios
1178 4303 1412 4382 procreassent,
1435 4297 1482 4362 vi-

521 4405 631 4470 dentes
653 4403 707 4468 lilii
734 4403 788 4469 Dei
812 4403 892 4468 filias
916 4403 1093 4480 hominum,
1117 4401 1200 4486 quod
1218 4409 1323 4470 essent
1337 4403 1466 4486 pulcrae
1474 4429 1481 4484 ;

521 4513 713 4594 acceperunt
737 4509 795 4576 sihi
812 4525 933 4576 uxores
947 4527 990 4576 ex
1004 4507 1167 4590 omnibns,
1178 4525 1261 4594 ,quas
1278 4509 1436 4594 elegerant
1447 4535 1480 4576 7.

521 4617 559 4682 Et
581 4615 745 4700 sequitur:
775 4615 894 4680 «Dixit
918 4615 1086 4682 Dominus:
1111 4615 1176 4680 Non
1198 4613 1395 4698 permanebit
1418 4615 1482 4698 spi-

401 4729 503 4788 777777-
521 4723 604 4788 ritus
627 4737 718 4788 rneus
743 4721 771 4786 in
806 4719 948 4798 homine,
973 4719 1048 4806 quia
1077 4737 1151 4786 caro
1175 4727 1222 4786 est
1238 4747 1267 4786 7.
1294 4721 1329 4786 77
1353 4719 1482 4786 7777777-

521 4835 578 4894 777
603 4827 648 4894 777
671 4827 827 4912 captiua,
863 4827 1052 4906 77777777,
1079 4833 1113 4894 77
1140 4825 1210 4894 ideo
1245 4827 1285 4894 ad
1316 4825 1482 4894 interitum

519 4933 682 5018 dispositi,
706 4933 881 5000 secundum
904 4933 983 5000 illud
998 4933 1118 5018 primae
1133 4933 1172 5000 ad
1188 4933 1482 5000 Thessalonicenses

521 5041 632 5126 quinto
643 5041 676 5106 ⁸:
704 5067 720 5100 7
734 5041 811 5108 Cum
826 5041 984 5106 dixerint:
1009 5041 1072 5104 Pax
1088 5047 1121 5106 et
1142 5041 1312 5120 securitas;
1339 5045 1413 5108 tunc
1429 5057 1481 5106 re-

521 5147 672 5232 pentinus
701 5149 747 5216 eis
781 5147 983 5232 superveniet
1011 5145 1158 5214 interitus
1175 5173 1204 5212 7.
1230 5149 1316 5214 Unde
1351 5147 1404 5232 qui
1430 5145 1480 5214 his

520 5253 605 5320 vitiis
627 5261 676 5322 est
698 5255 885 5340 absorptus,
909 5271 1035 5322 necesse
1059 5261 1124 5334 est,
1147 5253 1273 5338 quoda
1298 5251 1416 5320 diluvio
1431 5253 1479 5320 in·

518 5347 682 5442 volvatur;
705 5367 835 5446 propter
871 5359 954 5446 quod
978 5359 1097 5446 primae
1121 5357 1158 5426 ad
1187 5359 1479 5428 Thessalonicenses

518 5467 646 5548 quinto:
677 5493 693 5526 «
709 5467 788 5548 Vos,
812 5466 941 5548 iratres,
964 5485 1027 5534 non
1052 5467 1126 5534 estis
1147 5467 1354 5544 intenebris,
1370 5471 1406 5532 ut
1423 5485 1479 5534 vos

517 5569 583 5638 dies
608 5571 659 5638 illa
684 5581 832 5660 tanquam
849 5575 908 5652 777
940 5573 1231 5658 comprehendat».
1261 5599 1276 5632 «
1295 5573 1390 5658 igitur
1415 5561 1478 5638 non

516 5675 711 5746 dormiamus
734 5681 816 5748 sicut
842 5689 874 5748 et
897 5681 1011 5760 ceteri,
1035 5681 1089 5748 sed
1121 5679 1284 5766 vigilemus
1318 5684 1350 5746 ct
1380 5677 1477 5746 sobrii

587 6033 597 6064 ¹
618 6037 720 6088 Scilicet
739 6037 881 6092 7777777777
898 6053 930 6090 ex
948 6037 1083 6104 Amores,
1104 6039 1164 6091 Vlll.
1186 6039 1209 6090 in
1223 6039 1285 6090 Luc.
1301 6055 1323 6092 c.
1337 6037 1379 6090 77,
1391 6053 1419 6090 7.
1432 6037 1476 6100 37,

515 6139 595 6194 quem
616 6127 734 6194 sequitur
752 6127 835 6190 Beda,
857 6129 887 6178 V.
907 6127 932 6178 in
951 6127 1014 6180 Luc.
1029 6127 1071 6192 77,
1084 6127 1128 6182 77.
1142 6131 1191 6180 777
1204 6127 1322 6182 dedendo
1336 6127 1382 6194 (ita
1395 6127 1473 6180 etiam

515 6215 596 6284 Beda)
617 6213 666 6268 Cll
687 6229 748 6268 oum
767 6215 857 6264 Glossa
877 6211 980 6280 duodo,
1002 6217 1022 6266 D
1040 6229 1056 6266 a
1075 6217 1191 6268 secunda
1205 6229 1284 6268 manu
1300 6213 1475 6268 dederuntet.

515 6329 550 6340 -
570 6305 696 6366 Superius
713 6303 735 6352 A
755 6301 847 6354 omittit
868 6303 1010 6370 7777777777
1025 6307 1062 6356 77.
1111 6373 1112 6376 ¹

586 6389 596 6422 2
617 6387 692 6444 Vera.
707 6385 754 6442 77.
773 6395 798 6442 77
821 6389 860 6440 13.

587 6477 597 6508 ³
618 6479 710 6532 777777.
728 6477 777 6540 77,
797 6477 839 6528 30.
859 6481 885 6530 et
902 6477 948 6530 37.

520 6599 521 6602 =
586 6563 694 6618 *Vera
713 6567 757 6618 777.
776 6571 803 6616 77
822 6565 864 6630 30,
884 6571 944 6628 post
961 6581 1028 6632 quos
1048 6567 1104 6618 lsai.
1126 6569 1154 6632 5,
1175 6569 1216 6620 77.
1238 6571 1264 6620 77
1291 6569 1332 6628 77,
1355 6567 1395 6616 73.
1417 6581 1474 6634 seq.

587 6651 597 6682 ⁶
617 6655 693 6706 Vers.
713 6655 739 6706 7.
758 6669 812 6720 seq.
831 6659 856 6706 et
876 6653 969 6706 deinde
991 6671 1016 6708 v.
1036 6651 1063 6706 3.

586 6743 597 6774 ⁶
616 6733 691 6796 Vens.
710 6745 737 6796 3.
755 6769 789 6782 -
809 6739 926 6794 Subinde
938 6741 1083 6808 allegantur
1100 6745 1117 6794 l.
1139 6743 1228 6794 Thess
1250 6743 1273 6804 5,
1289 6741 1315 6794 d.
1332 6747 1358 6792 et
1377 6743 1401 6794 6.

587 6831 596 6862 ⁷
617 6835 692 6886 Vors.
714 6835 755 6886 77.
774 6833 818 6884 73.
835 6837 862 6884 et
881 6829 921 6882 tt.

585 6919 596 6952 ⁸
617 6925 693 6978 Vers.
713 6925 754 6978 t3.
774 6919 816 6972 77.
834 6925 859 6970 77
879 6919 927 6982 77,
947 6919 1044 6984 qrribns
1064 6917 1231 6984 subiungitur
1251 6919 1276 6972 ll.
1298 6919 1364 6970 Petr.
1385 6919 1408 6980 7,
1429 6919 1453 6970 3.

622 7029 653 7084 S.
671 7033 777 7090 Denuo.
786 7063 823 7076 -
836 7035 915 7088 Tom.
928 7033 981 7086 Vll.

2445 627 2504 694 tet
2556 669 2565 680 κ

1555 795 1696 862 simus».
1720 797 1829 864 llodus
1852 799 1956 862 autern
1986 793 2177 862 describitur
2208 797 2248 862 ad
2282 799 2436 862 Romanos
2456 799 2510 866 de-

1555 901 1636 968 cimo
1657 903 1794 970 tertiolz
1817 901 1912 966 «Nox
1937 899 2124 986 praecessit,
2139 899 2204 966 dies
2220 907 2325 968 antem
2342 903 2509 986 appropin-

1554 1007 1671 1092 quavit.
1706 1009 1894 1076 hbiiciamus
1917 1025 2024 1092 ergo»
2054 1011 2132 1084 etc.;
2168 1013 2198 1072 et
2232 1013 2316 1090 post:
2346 1009 2442 1072 «Non
2477 1009 2508 1072 in

1554 1115 1833 1182 comessationibus
1856 1123 1887 1182 et
1909 1113 2133 1192 ebrietatibus,
2156 1131 2219 1178 non
2245 1113 2274 1178 in
2300 1111 2455 1180 cubilibus
2479 1121 2510 1180 et

1553 1219 1757 1302 impudicitiis
1770 1245 1802 1284 7.
1832 1219 1921 1286 «Sed
1940 1219 2100 1288 induimini
2120 1215 2286 1284 Dominum
2305 1219 2402 1284 lesum
2420 1217 2510 1284 Chri·

1554 1329 1639 1390 Sitllll
1655 1351 1687 1390 7.

1644 1429 1698 1496 78.
1721 1429 1827 1496 Tertio
1850 1437 2004 1514 quantum
2027 1433 2066 1498 ad
2088 1429 2210 1498 77777777
2226 1447 2371 1516 poenum
2386 1429 2509 1496 subdit:
2529 1441 2650 1536 ⁰⁰02⁵¹¹¹l³¹

1557 1539 1594 1602 77
1616 1537 1705 1602 veno
1725 1535 1891 1602 atrocium
1913 1543 1944 1600 er
1972 1537 2123 1622 777777
2148 1557 2276 1614 77777,
2303 1535 2419 1602 seritur
2452 1537 2507 1620 qur
2551 1507 2565 1550 ⁹

1553 1647 1644 1708 erant
1658 1651 1752 1708 extra
1768 1659 1884 1720 arcam,
1899 1641 2004 1708 statim
2020 1651 2090 1726 post
2105 1645 2281 1728 ingressum
2300 1643 2380 1720 Noe,
2396 1657 2508 1708 secun-

1552 1747 1629 1814 dnm
1652 1747 1729 1812 illud
1755 1747 1881 1812 Genesis
1904 1747 2073 1830 septimoss:
2102 1775 2118 1806 a
2136 1749 2166 1814 ln
2184 1747 2318 1816 articulo
2339 1747 2397 1814 diei
2423 1747 2508 1814 illius

1551 1853 1713 1938 ingressus
1736 1859 1783 1920 est
1807 1853 1869 1918 Noe
1892 1851 1924 1918 in
1949 1869 2052 1918 arcam
2067 1879 2095 1918 7,
2119 1855 2340 1940 «Factumque
2358 1859 2404 1922 est
2427 1853 2508 1919 dilu-

1551 1961 1640 2028 vium
1661 1959 1869 2046 quadraginta
1892 1957 2004 2026 diebus
2024 1963 2057 2024 77
2079 1959 2284 2044 quadraginta
2319 1961 2507 2040 noctibus»,

1556 2093 1573 2124 «
1588 2069 1818 2150 consumtaqne
1840 2071 1887 2130 est
1908 2063 2013 2130 omnis
2034 2081 2124 2144 caro,
2147 2083 2227 2150 qnae
2255 2067 2439 2134 movebatur
2454 2083 2507 2134 su-

1550 2187 1607 2254 per
1633 2177 1750 2236 terram
1767 2197 1796 2234 7,
1816 2169 1900 2236 Unde
1916 2177 1948 2236 77
1964 2169 2118 2236 secundae
2135 2169 2214 2234 Petri
2231 2169 2387 2236 secundo:
2408 2197 2424 2230 «
2438 2171 2507 2238 Ori-

1550 2275 1647 2362 ginali
1670 2275 1788 2340 mundo
1814 2293 1875 2338 non
1904 2273 2058 2360 pepercit,
2083 2275 2138 2342 sed
2163 2279 2310 2342 octavum
2333 2275 2394 2342 Noe
2417 2277 2508 2342 iusti-

1550 2383 1611 2448 tiae
1636 2399 1824 2466 praeconem
1854 2381 2038 2460 custodivit,
2073 2381 2224 2450 diluvium
2259 2381 2376 2448 mundo
2398 2381 2507 2468 impio·

1549 2505 1623 2556 rum
1648 2487 1844 2554 inducens».
1869 2489 1914 2554 Ex
1940 2507 2004 2574 quo
2026 2489 2224 2574 intelligitur,
2242 2489 2327 2572 quod
2342 2505 2442 2572 poena
2456 2487 2505 2554 iu·
2524 2499 2655 2544 Notandum·

1546 2595 1613 2680 ¹turi
1631 2593 1735 2660 iudicii
1754 2611 1848 2678 super
1865 2611 1917 2660 eos
1934 2595 2055 2672 veniet,
2073 2593 2126 2680 qui
2141 2599 2214 2662 sunt
2228 2601 2322 2660 extra
2337 2593 2504 2662 Ecclesiam

1549 2699 1674 2778 Christi,
1693 2699 1818 2766 salvatis
1835 2699 2036 2766 nibilominus
2053 2699 2135 2766 raris
2150 2699 2255 2778 iustis3
2272 2701 2345 2784 quia
2360 2701 2504 2768 exossat:

1555 2833 1572 2866 «
1588 2807 1650 2872 Ν77
1672 2823 1779 2872 arcam
1800 2805 1960 2884 aedificat,
1983 2821 2057 2872 curn
2089 2805 2239 2872 Dominus
2264 2805 2370 2872 lideles
2393 2807 2423 2872 in
2450 2809 2504 2874 Ec-

1549 2911 1645 2980 clesia
1676 2919 1860 2998 congregai3
1898 2931 1992 2998 quarn
2031 2918 2277 2980 consummatam
2309 2913 2503 3000 ingreditur,

1548 3037 1620 3086 cum
1646 3019 1725 3084 banc
1749 3019 1780 3084 in
1803 3019 1853 3084 die
1877 3017 1982 3086 iudicii
2008 3019 2183 3104 praesentia
2206 3035 2263 3086 sna
2277 3017 2427 3098 illustrat:
2450 3019 2503 3086 sed

1525 3151 1526 3156 ¹
1547 3123 1623 3190 dum
1658 3143 1730 3190 arca
1765 3121 1966 3202 aedificatur,
1990 3121 2090 3208 iniqui
2123 3123 2347 3202 luxuriantur;
2372 3131 2403 3190 et
2426 3123 2502 3190 dum

1547 3229 1704 3310 intratur,
1738 3237 1865 3298 aeterna
1897 3231 2093 3298 damnatione
2126 3231 2309 3316 plectuntur
2327 3257 2355 3296 7,
2382 3229 2502 3298 Dicitur

1547 3337 1736 3404 7777777777
1762 3337 1831 3406 deri
1860 3337 1898 3404 in
1919 3337 2063 3404 77777777
2095 3337 2177 3418 diei,
2209 3335 2283 3424 quia
2305 3337 2337 3404 in
2369 3337 2501 3404 exordio

1547 3451 1672 3510 octavae
1685 3445 1943 3524 resurrectionis;
1958 3445 2040 3510 unde
2052 3445 2194 3512 Psalmus
2209 3445 2247 3508 ¹⁰:
2267 3469 2282 3502 <r
2294 3445 2383 3510 blane
2395 3443 2502 3510 astabo

1547 3549 1603 3616 tibi
1626 3557 1659 3616 et
1680 3551 1801 3628 videbo,
1828 3549 1974 3635 quoniam
1994 3569 2054 3616 non
2083 3551 2165 3616 Deus
2182 3551 2288 3616 volens
2303 3549 2500 3634 iniquitatem

1547 3661 1583 3724 tu
1599 3673 1650 3736 es;
1666 3675 1770 3742 neque
1793 3655 1946 3724 habitabit
1962 3657 2052 3724 iuxta
2070 3663 2099 3724 te
2121 3657 2292 3742 malignus,
2309 3673 2412 3742 nequo
2428 3673 2501 3740 per-

1546 3761 1718 3830 manebunt
1745 3763 1855 3832 iniusti
1890 3769 1962 3830 ante
1994 3763 2102 3830 oculos
2134 3769 2205 3828 tuos
2221 3787 2251 3842 »3
2281 3769 2311 3828 et
2347 3763 2500 3830 secundae

1547 3869 1627 3936 Petri
1654 3871 1806 3936 secundo:
1838 3869 1960 3936 «Novit
1992 3869 2145 3942 Dominus
2177 3869 2244 3954 pios
2270 3869 2306 3934 de
2332 3869 2500 3936 tentatione

1545 3975 1685 4060 eripere,
1718 3975 1843 4062 iniquos
1871 3983 1978 4042 autem
2013 3977 2044 4042 in
2080 3975 2163 4042 diem
2198 3973 2302 4042 indicii
2339 3993 2501 4042 reservare

1546 4081 1731 4150 cruciandos
1745 4109 1777 4150 7.
1794 4117 1837 4132 ·-
1855 4081 1902 4148 Ex
1925 4083 1983 4150 hoc
2006 4081 2153 4166 exemplo
2175 4081 2381 4168 inperative11
2406 4099 2499 4168 appa·
2516 4087 2623 4144 777777·

1546 4195 1611 4270 777,
1636 4195 1698 4256 tam
1723 4209 1764 4258 ex
1788 4189 2012 4276 significatione
2042 4189 2210 4274 allegorica
2231 4207 2327 4275 qrram
2350 4207 2393 4256 ex
2414 4189 2499 4256 sirni-

1544 4295 1676 4362 l-itudine
1698 4315 1866 4382 expressa,
1891 4297 1976 4380 quod
2009 4297 2075 4362 dies
2108 4295 2217 4360 iudicii
2238 4313 2336 4380 super
2357 4295 2499 4362 homines

1545 4403 1686 4468 carnales
1721 4409 1750 4468 et
1779 4403 1926 4468 animales
1958 4401 2061 4468 veniet
2083 4399 2190 4468 subito
2216 4405 2244 4468 et
2273 4401 2318 4468 od
2348 4401 2497 4486 ipsorum

1542 4507 1758 4594 perditionem
1784 4507 2009 4586 universalem,
2035 4507 2090 4592 qui
2123 4515 2198 4574 sunt
2230 4513 2323 4574 extra
2348 4507 2497 4574 Ecclesiae

1545 4615 1714 4694 unitatem;
1738 4613 1789 4682 his
1810 4621 1932 4692 autem,
1959 4615 2013 4700 qui
2037 4615 2068 4680 in
2093 4631 2166 4680 arca
2188 4619 2280 4692 sunt,
2304 4613 2362 4680 etsi
2391 4613 2497 4680 7777777

1544 4721 1666 4800 veniet,
1686 4741 1753 4788 non
1788 4729 1893 4798 nocet,
1919 4721 1992 4806 quia
2024 4739 2075 4788 eos
2106 4721 2226 4788 invenit
2248 4729 2383 4806 paratos.
2414 4721 2497 4788 Unde

1544 4825 1624 4894 intra
1649 4827 1797 4912 vigesimo
1831 4827 1932 4912 primo
1946 4827 1992 4892 12:
2023 4855 2039 4888 «
2053 4827 2207 4895 Attendite
2229 4827 2334 4906 vobiS,
2357 4827 2497 4894 7777777

1543 4939 1716 5020 graventur
1739 4933 1833 5000 corda
1856 4939 1961 5002 vestra
1984 4937 2112 5020 crapula
2144 4941 2174 5002 et
2203 4933 2353 5002 ebrietate
2376 4941 2415 5000 77
2441 4953 2496 5002 cu-

1544 5039 1588 5106 ris
1611 5041 1707 5106 huius
1732 5041 1826 5118 vitae,
1853 5047 1882 5106 et
1906 5041 2107 5126 superveniat
2129 5041 2163 5106 in
2183 5059 2238 5108 vos
2253 5039 2418 5124 repentina
2431 5041 2496 5108 dies

1543 5145 1605 5212 illa.
1628 5147 1791 5230 Tanquam
1813 5148 1945 5238 laqueus
1980 5147 2061 5212 enim
2099 5145 2299 5230 superveniet
2322 5145 2354 5212 in
2378 5163 2494 5226 umnec,

1543 5253 1596 5338 qui
1621 5253 1730 5320 sedent
1751 5269 1849 5338 super
1872 5251 1980 5320 taciem
2003 5253 2106 5320 omnis
2127 5259 2259 5320 terrae»
2291 5257 2349 5320 777.

1629 5361 1683 5428 ts.
1708 5361 1809 5446 (Vers.
1834 5359 1913 5442 787.
1937 5359 2113 5440 3777777777,
2129 5361 2218 5428 sicat
2232 5359 2361 5446 scotum
2375 5369 2422 5428 est
2436 5367 2493 5428 etc.
2516 5359 2661 5458 {gnfpfggffig

1542 5469 1614 5536 Post
1634 5467 1869 5536 similitudinem
1892 5472 2028 5535 sumtam
2051 5475 2198 5554 exparte
2214 5467 2322 5536 diluvii
2343 5467 2495 5536 inundan-
2525 5469 2573 5512 77·

1542 5573 1581 5640 tis
1605 5573 1776 5638 introducit
1799 5571 2033 5638 similitudinem
2051 5581 2196 5656 exparte
2222 5569 2364 5638 incendii
2378 5591 2494 5638 77777-

1541 5677 1718 5754 777777717
1751 5677 1833 5744 77777
1859 5695 1950 5764 quam
1982 5677 2217 5746 similitudinem
2248 5677 2493 5744 introducuntur

1610 6033 1621 6064 ⁹
1640 6035 1742 6088 Scilicet
1758 6031 1900 6090 7777777777
1922 6031 1962 6102 (cx
1986 6033 2065 6100 Beda)
2093 6035 2120 6086 in
2147 6037 2210 6088 Luc.
2231 6033 2276 6100 77,
2297 6031 2339 6086 77.
2359 6061 2393 6072 -
2414 6035 2495 6098 Supe-

1538 6125 1593 6178 rius
1612 6125 1660 6190 777
1688 6121 1878 6188 7777777777777,
1898 6125 1970 6190 qnod
1995 6125 2015 6176 G
2042 6123 2149 6190 omittit,
2170 6125 2191 6176 H
2210 6127 2312 6190 7777777,
2332 6121 2382 6176 CD
2403 6127 2492 6178 tumeo
2539 6161 2541 6164 -

1538 6211 1723 6278 nibilominus,
1745 6219 1770 6264 et
1790 6227 1837 6278 pro
1857 6211 1931 6266 ruris
1948 6211 2026 6268 777777
2047 6213 2100 6266 ΑΗ
2117 6211 2184 6266 oriris
2203 6211 2291 6266 7777777.

1611 6301 1632 6332 ¹⁰
1650 6301 1746 6354 Psalm.
1766 6301 1798 6364 5,
1817 6301 1842 6354 5.
1862 6315 1916 6370 seq.
1935 6307 1960 6352 et
1979 6301 2073 6356 deinde
2093 6305 2120 6354 ll.
2139 6303 2205 6354 Deir.
2227 6305 2256 6366 7,
2270 6301 2296 6352 a.
2313 6329 2349 6338 -
2368 6299 2493 6364 Superius

1538 6407 1585 6458 pro
1605 6391 1632 6444 77
1650 6389 1762 6444 eucratio
1782 6393 1890 6444 7777777
1912 6391 1966 6456 (etr.
1985 6405 2064 6454 supra
2083 6403 2144 6454 pag.
2161 6389 2202 6450 55,
2216 6395 2276 6440 nota
2292 6391 2314 6438 8.
2329 6393 2355 6440 et
2372 6403 2435 6452 pag.
2448 6389 2492 6452 56,

1538 6486 1599 6533 nota
1627 6479 1663 6546 7.)
1691 6479 1713 6530 G
1742 6477 1769 6532 777
1797 6475 1909 6532 ceordic
1931 6475 2106 6540 7777777777,
2129 6475 2186 6526 Vat.
2214 6475 2244 6528 77
2267 6473 2380 6528 exordio
2411 6475 2491 6528 unius

1538 6567 1669 6622 77777777.

1610 6653 1630 6684 ¹¹
1649 6657 1686 6708 lta
1703 6655 1771 6720 DH,
1791 6653 1839 6706 AC
1852 6655 1874 6706 G
1889 6653 2031 6724 siquando,
2053 6653 2113 6706 777.
2129 6651 2231 6722 lipara.
2248 6679 2284 6690 —
2307 6653 2415 6720 interius
2432 6663 2493 6718 post

1536 6741 1623 6798 ceoiet
1638 6741 1725 6796 777777
1745 6741 1908 6796 CDoddont
1921 6745 2040 6812 repente,
2057 6743 2076 6794 H
2090 6745 2117 6796 et
2136 6745 2251 6810 repente,
2264 6749 2292 6796 et
2309 6743 2421 6798 subinde
2434 6745 2491 6798 liat.

1536 6829 1632 6882 omittit
1649 6829 1840 6882 unioersotcor.

1608 6917 1630 6946 ¹²
1650 6913 1724 6970 Vers.
1744 6917 1785 6970 3i.
1805 6925 1830 6972 77
1849 6921 1891 6974 35.

2125 6991 2126 6994 ¹
2192 6919 2216 6988 ,¹³
2236 6921 2287 6978 cn.
2306 6895 2385 6990 supra
2404 6937 2430 6976 n.
2449 6923 2493 6976 ta.

2353 7031 2385 7084 56
