5908 8266
776 593 783 604 ’
1317 569 1431 638 INDEX
1457 571 1584 638 RERUM

719 659 785 714 cun
803 659 843 728 (l)
1041 719 1043 722 ,
2078 659 2143 714 eun
2162 659 2202 728 (4)

455 749 488 800 t0
506 773 543 786 -
560 751 601 800 est
617 747 696 800 Filius
721 749 871 814 unigenitus
894 749 976 800 Patris
999 747 1035 800 ab
1053 761 1095 802 ae·
1130 749 1201 802 Deus
1225 749 1269 800 Vll
1294 747 1341 800 464
1364 745 1399 800 37
1417 761 1524 800 ——uon
1541 761 1571 800 se
1593 749 1653 800 iecit
1670 749 1706 800 de
1724 751 1769 800 ho
1803 747 1868 814 tiae,
1888 761 1967 814 quam
1986 749 2085 800 confert
2102 747 2155 800 454
2173 749 2258 800 37-
2274 749 2443 816 cognoscitur

454 843 529 888 terno
548 833 653 898 genitus
674 835 708 886 84
735 835 770 888 55
788 863 823 876 -
842 841 881 890 est
904 837 983 890 Filius
1001 837 1095 902 unige-
1130 835 1307 900 miueDeum,
1321 835 1442 890 sedcum
1456 837 1614 900 Deusesset,
1628 839 1711 890 tactus
1728 843 1769 890 est
1803 835 1883 888 Filius
1901 835 1947 888 Dei
1965 847 1996 886 ex
2024 839 2185 910 secretorum
2204 837 2361 890 revelatione
2390 839 2442 890 467

454 923 524 974 nitus
542 923 665 976 altissimi
683 937 731 988 per
749 925 861 990 gratiam
879 925 984 978 unionis
1005 923 1040 976 44
1058 925 1093 978 56
1130 925 1212 976 homo
1229 923 1281 976 334
1301 923 1337 976 44
1803 923 1893 974 36-
1911 905 1947 976 444
1958 921 2023 974 lacie
2040 919 2137 974 Christi
2154 921 2286 974 relucebat
2300 925 2388 988 lulgor
2399 923 2442 974 Di-

443 1041 445 1044 ·
507 1039 542 1050 -
560 1015 600 1064 est
617 1011 700 1074 Deus,
719 1013 782 1078 quia
805 1013 880 1064 Pater
902 1025 964 1064 eum
982 1011 1095 1066 sanctiti-
1182 1041 1219 1050 —-
1246 1011 1311 1078 Quia
1341 1009 1368 1062 in
1392 1009 1493 1074 Christo
1526 1025 1588 1064 caro
1613 1011 1701 1064 iuncta
1728 1015 1769 1064 est
1803 1011 1917 1064 vinitatis
1935 1013 2052 1064 occultae
2071 1013 2163 1076 potens
2183 1013 2285 1064 trahere
2303 1011 2379 1064 adse
2397 1013 2442 1064 Vll

454 1097 538 1166 cavit,
556 1097 585 1152 id
602 1103 642 1152 est
660 1103 778 1154 sanctum
800 1101 907 1166 genuit,
929 1107 957 1154 et
974 1099 1044 1154 misit
1067 1101 1094 1152 ia
1130 1097 1221 1152 Verbo
1238 1105 1357 1160 aeterno,
1376 1111 1426 1152 vox
1457 1099 1515 1152 eius
1540 1097 1654 1150 exterior
1680 1097 1769 1150 iuncta
1805 1099 1855 1150 430
1875 1097 1904 1150 74
2026 1103 2027 1106 ’

453 1187 584 1240 mundum
603 1187 636 1238 Vl
656 1187 708 1238 334
728 1187 861 1242 t7-est
877 1189 963 1256 Deus,
981 1189 1094 1254 quinos
1130 1193 1169 1240 est
1187 1187 1278 1240 Verbo
1295 1185 1425 1250 interiori,
1450 1187 1581 1252 principio
1598 1185 1687 1238 omnis
1706 1199 1769 1236 con·
1856 1211 1894 1224 --
1910 1193 1950 1238 est
1971 1187 2079 1252 plenus,
2106 1183 2247 1238 Divinitate
2270 1186 2442 1250 corporaliter

453 1275 566 1338 creavit,
585 1281 610 1328 ει
632 1275 773 1340 Dominus,
791 1277 839 1342 qui
863 1289 912 1328 uos
929 1277 1095 1340 comparavit
1130 1277 1235 1328 ditionis
1254 1281 1281 1328 et
1297 1275 1470 1340 reparationis
1487 1275 1532 1328 Vll
1550 1271 1598 1324 474
1622 1273 1656 1326 45
1803 1271 1964 1328 inhabitante
1983 1277 2016 1328 44
2033 1275 2086 1328 454
2105 1275 2188 1328 35-
2200 1271 2318 1328 Christus
2336 1275 2384 1328 Dei
2400 1275 2442 1328 di-

453 1363 738 1416 utservossecundum
752 1365 940 1418 humanitatem
952 1365 1094 1428 54653-
1181 1361 1769 1430 μ·-14444443ε44ε4444444444444444444444·
1803 1361 1871 1412 citur
1898 1367 1926 1412 ut
1953 1361 2031 1416 simut
2058 1365 2129 1416 Deus
2154 1375 2235 1414 verus
2255 1369 2278 1414 et
2298 1365 2379 1414 honio
2397 1361 2442 1414 Vll

453 1457 492 1504 εει
509 1451 662 1518 FiliusDei,
680 1453 815 1506 nostilius
834 1451 939 1506 vlriVlt
957 1451 990 1504 45
1010 1451 1094 1504 64-
1130 1457 1172 1504 tur
1184 1451 1254 1504 tilius
1269 1449 1388 1514 labri,et
1400 1455 1542 1516 conceptus
1553 1449 1589 1502 de
1601 1449 1700 1516 Spiritu
1712 1463 1769 1504 san·
1804 1451 1854 1502 446
1874 1449 1908 1502 34
1925 1449 2079 1504 -Chnsto
2096 1449 2198 1504 homini
2216 1449 2440 1502 communicatum

452 1553 503 1594 non
524 1539 789 1604 habetpatremnisi
808 1541 1017 1594 banniamus
1129 1547 1170 1592 cto
1190 1547 1216 1592 ει
1233 1539 1345 1604 Virgine
1362 1537 1621 1604 genitnsroncubitu
1635 1541 1767 1604 coniugati
1802 1541 1842 1590 est
1858 1551 1956 1590 nornen
1973 1539 2094 1592 divinum
2114 1541 2147 1598 Vl
2165 1539 2211 1592 404
2235 1553 2263 1592 v.
2281 1541 2310 1592 41

503 1629 540 1670 '-
557 1629 654 1682 dicitur
676 1627 756 1698 quasi
778 1629 932 1694 Unigenitus
950 1643 1002 1682 non
1022 1643 1092 1682 com·
1130 1629 1172 1682 Vll
1193 1631 1203 1682 l
1211 1629 1242 1682 00
1265 1627 1387 1682 48-444
1399 1625 1500 1682 Christo
1514 1643 1566 1682 non
1580 1633 1618 1682 est
1630 1629 1766 1698 sequenda
1854 1655 1892 1666 -
1907 1625 1983 1682 Ratio
2003 1627 2164 1682 indivisionis
2183 1627 2208 1682 iu
2226 1643 2309 1696 opere
2321 1627 2402 1682 Patris
2414 1631 2441 1682 et

452 1719 588 1784 paratione
605 1721 649 1772 vel
667 1717 912 1786 similitudine,sed
924 1719 1092 1784 expressione
1128 1717 1279 1772 excellentia
1296 1717 1361 1782 Dei,
1377 1717 1425 1772 sed
1445 1719 1580 1773 humilitas
1597 1719 1713 1772 hominis
1731 1719 1766 1773 Vt
1801 1715 1854 1782 Filii
1875 1721 1913 1768 est
1941 1715 2063 1770 indivisio
2089 1715 2115 1768 in
2141 1717 2253 1772 essentia
2277 1723 2305 1772 ει
2327 1717 2353 1772 in
2380 1717 2441 1772 dile·

453 1805 556 1862 47454
577 1807 665 1860 35-
682 1811 723 1858 est
740 1805 860 1862 Verbum
879 1807 962 1860 Patris
978 1807 1093 1872 placitis·
1129 1805 1180 1858 535
1200 1809 1216 1860 4
1234 1829 1271 1846 —·
1287 1805 1375 1860 ludaei
1391 1813 1582 1872 cognoscentes
1593 1811 1766 1874 temporalem
1802 1805 1887 1858 ctione
1905 1805 1937 1856 Vt
1958 1805 2010 1856 303
2027 1805 2073 1868 37,
2090 1805 2124 1856 38
2334 1859 2335 1862 ¹

452 1895 548 1948 simum
573 1901 599 1948 ει
624 1895 844 1960 perfectissimum
869 1895 915 1948 444
941 1895 975 1946 84
1003 1895 1037 1948 56
1053 1921 1092 1934 -
1128 1893 1221 1948 Christi
1231 1895 1566 1962 generationemnegabant
1575 1897 1766 1950 aeternamtuu
1853 1921 1891 1930 —-
1906 1889 2010 1944 Christo
2027 1905 2080 1944 non
2096 1895 2138 1944 est
2155 1893 2295 1946 fruendum
2316 1895 2373 1956 nic,
2392 1893 2441 1946 sed

452 1983 525 2036 ducit
541 1983 576 2036 ad
593 1985 696 2036 Patrem
716 1987 744 2034 ut
767 1981 886 2042 Verbum
905 1991 930 2038 ει
948 1985 1038 2036 lumen
1056 1985 1091 2036 Vt
1129 1985 1162 2036 66
1179 2007 1217 2024 --
1234 1989 1287 2036 tam
1306 1985 1455 2038 secundum
1478 1987 1622 2038 humanam
1646 1991 1766 2038 naturam
1802 1995 1863 2036 curu
1883 1983 1957 2032 Patre
1974 1979 2009 2032 Vl
2027 1979 2079 2032 603
2098 1979 2133 2030 46
2151 2007 2188 2016 *-
2206 1993 2259 2032 oon
2275 1979 2331 2034 ibat
2348 1981 2384 2032 ad
2396 1981 2441 2032 Pa·

453 2069 564 2124 44464.
595 2069 699 2124 44474
723 2099 757 2110 -
777 2077 816 2126 est
844 2087 874 2126 os
902 2075 945 2126 vel
971 2071 1089 2126 Verbum
1128 2085 1210 2138 quam
1227 2073 1374 2126 secundum
1394 2073 1570 2128 divinamdat
1588 2075 1766 2128 testimonium
1801 2077 1869 2126 trem
1888 2075 1914 2122 ut
1934 2069 1967 2122 ad
1985 2069 2097 2136 aliquem
2119 2073 2189 2120 extra
2207 2083 2245 2136 se,
2264 2069 2311 2122 sed
2329 2069 2441 2122 Patrise

451 2159 534 2212 Patris
550 2159 698 2214 secundnm
718 2159 884 2214 Divinitatem
904 2161 947 2216 Vll
967 2161 1000 2216 73
1023 2163 1054 2214 43
1128 2175 1222 2214 verum
1241 2163 1293 2216 346
1314 2163 1347 2214 68
1802 2161 1938 2228 aequalem
1956 2159 2027 2214 credi
2046 2161 2132 2210 lacere
2149 2157 2257 2212 volebat
2274 2157 2326 2210 438
2346 2159 2380 2210 43
2404 2189 2441 2198 —-

504 2249 674 2302 —enuntiat
692 2249 804 2318 Patrem,
824 2265 839 2302 a
857 2251 1090 2318 quoproceditVl
1179 2281 1216 2290 -
1232 2249 1328 2306 Nomen
1351 2251 1446 2306 Christi
1468 2253 1592 2320 exprimit
1608 2253 1765 2318 dignitatern
1802 2249 1903 2304 ludaeis
1934 2247 2088 2312 excaecatis,
2120 2247 2245 2312 migravit
2273 2249 2308 2300 ad
2335 2249 2438 2300 Patrem

455 575 518 638 686

442 2337 556 2390 45344
584 2367 618 2378 --
644 2343 683 2390 εει
711 2339 753 2390 via
779 2341 960 2406 cognoscendi
986 2341 1091 2394 Patrem
1127 2341 1228 2406 regiam
1246 2349 1273 2396 et
1289 2343 1477 2396 sacerdotalem
1496 2349 1523 2396 et
1539 2341 1641 2408 gratiae
1657 2343 1767 2408 4444444-
1802 2341 1853 2392 400
1875 2339 1945 2390 8——
1963 2337 2110 2390 credendus
2134 2341 2190 2390 erat
2216 2351 2232 2388 a
2256 2339 2330 2390 Patre
2348 2339 2440 2406 exisse,

368 2491 393 2504 Γ
451 2427 503 2480 353
528 2427 561 2480 45
580 2457 615 2466 -—
643 2429 690 2480 Der
715 2427 846 2482 Christum
871 2431 941 2482 Deris
968 2429 1092 2484 omnibus
1127 2429 1217 2482 dinem
1235 2429 1484 2498 propterunctionis
1496 2429 1710 2496 praerogativam
1723 2431 1766 2482 Vtt
1802 2433 1862 2494 post
1889 2427 2037 2494 passionem
2067 2439 2130 2480 vero
2153 2425 2291 2492 oportebat
2318 2427 2442 2492 credere,

450 2517 561 2570 innotuit
590 2515 642 2570 433
671 2515 704 2570 44
722 2545 759 2556 -
776 2517 973 2582 cognoscentes
995 2519 1089 2570 Filium
1128 2519 1232 2572 44634
1251 2549 1287 2558 -
1305 2519 1332 2570 14
1355 2519 1465 2572 nornine
1491 2517 1587 2570 Christi
1614 2518 1767 2582 intelligitur
1802 2515 1876 2582 quod
1892 2515 1990 2568 rediret
2008 2515 2041 2568 ad
2063 2517 2143 2568 Deum
2162 2513 2214 2566 465
2234 2515 2263 2570 44

386 2595 390 2602 ’
451 2611 612 2670 cognoscunt
641 2607 740 2658 Patrem
766 2605 816 2660 353
845 2609 891 2660 45.
919 2607 971 2660 470
996 2607 1031 2660 44
1054 2635 1091 2644 --
1127 2607 1240 2670 dignitas
1259 2607 1353 2670 regalis
1372 2611 1399 2660 ει
1415 2607 1578 2670 prophetalis
1595 2609 1621 2656 ει
1645 2607 1767 2658 sacerdo·
1853 2633 1890 2642 -
1908 2603 1959 2668 Qui
1977 2607 2087 2656 honorat
2104 2605 2198 2656 Filium
2214 2605 2439 2658 honoratPatrem

451 2693 552 2746 Christo
576 2693 722 2758 revelante,
745 2695 915 2758 cognoscitur
937 2695 1014 2746 Pater
1037 2693 1089 2744 476
1127 2693 1197 2760 talis,
1216 2693 1362 2744 secundum
1382 2693 1512 2756 triplicem
1524 2691 1702 2744 excellentiam
1721 2705 1766 2756 po·
1803 2691 1835 2742 Vt
1855 2691 1905 2740 448
1925 2689 1959 2740 44
1977 2691 2106 2742 -Pater
2126 2691 2181 2742 vult
2197 2691 2289 2744 Filium
2309 2693 2440 2758 honorari,

452 2779 495 2844 44,
516 2781 549 2834 45
937 2833 938 2836 ,
1127 2781 1223 2834 testatis
1240 2787 1269 2832 ει
1283 2779 1401 2832 veritatis
1412 2783 1439 2830 ει
1451 2779 1592 2830 sanctitatis
1611 2777 1662 2828 447
1682 2777 1765 2830 at-
1801 2775 1863 2840 quia
1882 2779 1965 2828 honor
1982 2775 2037 2828 Filii
2057 2781 2094 2828 est
2114 2777 2196 2828 Patris
2212 2777 2265 2828 309
2285 2777 2319 2830 44
2336 2805 2374 2818 --
2391 2793 2439 2830 au-

503 2873 667 2924 -vocatur
685 2867 765 2922 Filius
782 2869 829 2922 Dei
854 2867 889 2922 ab
912 2869 972 2934 ipso
989 2869 1055 2930 Deo,
1074 2881 1089 2918 a
1126 2867 1278 2918 innomine
1295 2865 1391 2918 Christi
1414 2863 1566 2930 intelligitur
1592 2869 1699 2930 unctus,
1717 2879 1766 2918 un·
1802 2863 1883 2926 divit,
1895 2867 1923 2914 ut
1936 2861 2025 2928 Filiae,
2038 2861 2225 2928 accipiendae
2246 2865 2319 2916 Patre
2337 2865 2390 2918 487
2402 2865 2439 2918 56

452 2957 619 3010 credentibus
640 2963 665 3008 et
681 2957 717 3008 ab
734 2957 859 3008 omuibus
878 2957 921 3010 Vll
947 2955 981 3008 45
1001 2955 1035 3006 64
1053 2981 1090 2990 -
1127 2967 1192 3018 gens
1219 2957 1245 3004 ει
1269 2967 1323 3018 quo
1346 2951 1467 3016 uagitum
1490 2963 1522 3004 ac
1544 2965 1593 3016 per
1617 2953 1668 3004 hoc
1687 2953 1764 3004 simut
1800 2979 1836 2988 ·-·-
1863 2949 1960 3002 missus
1985 2963 2001 3002 a
2023 2951 2079 3002 Deo
2105 2955 2145 3002 est
2172 2965 2253 3004 verax
2277 2953 2345 3006 sicut
2370 2955 2439 3008 Deus

450 3049 489 3098 est
506 3043 587 3098 Filius
603 3041 843 3106 summedilectus,
855 3055 996 3108 perquem
1010 3041 1089 3092 etiam
1125 3041 1210 3104 Pater,
1229 3037 1347 3092 Verbum
1371 3045 1399 3092 et
1419 3039 1532 3104 Spiritus
1558 3039 1609 3092 446
1630 3037 1663 3092 34
1682 3041 1764 3092 -tn
1801 3039 1851 3092 488
1873 3037 1905 3092 57
2362 3031 2370 3038 ”

452 3131 493 3184 alii
518 3131 603 3184 odiosi
628 3131 772 3194 diliguntur
794 3131 830 3182 84
857 3131 893 3182 66
918 3143 1033 3182 —raro
1060 3143 1089 3182 se
1124 3127 1231 3180 nomiae
1260 3127 1352 3180 Christi
1381 3127 1530 3192 intelligitur
1558 3129 1631 3182 tincti
1657 3135 1763 3192 natura,
1853 3155 1890 3166 -
1915 3131 2040 3194 tanquam
2067 3125 2145 3182 Filius
2172 3129 2309 3194 cognoscit
2334 3131 2439 3184 Patrem

451 3227 528 3272 vocat
546 3217 638 3272 Filium
657 3217 704 3268 Det
722 3215 774 3272 uisi
799 3217 955 3272 necessitate
972 3217 1089 3282 compat·
1126 3215 1220 3282 gratia,
1238 3229 1291 3284 qua
1311 3215 1427 3284 ungitur,
1447 3221 1472 3268 et
1490 3215 1616 3282 dignitas,
1635 3217 1764 3284 adquam
1801 3209 1833 3270 Vl
1852 3215 1904 3268 347
1924 3215 1957 3266 40
1975 3243 2012 3256 -
2028 3229 2092 3268 vera
2120 3217 2255 3282 cognoscit
2278 3219 2365 3272 Deum
2384 3219 2437 3272 370

451 3321 495 3360 sus
515 3305 547 3358 Vl
568 3307 618 3358 463
640 3305 690 3358 403
1125 3305 1240 3368 ungitur,
1259 3305 1316 3358 sive
1334 3305 1451 3358 officinm
1468 3303 1530 3358 40444.
1556 3333 1591 3344 -
1609 3307 1639 3358 ln
1655 3305 1764 3358 nomina
1798 3305 1833 3356 73
1852 3333 1887 3344 -·
1904 3305 1954 3356 scit
1971 3305 2055 3356 Deum
2068 3317 2116 3370 per
2129 3311 2246 3372 apertam
2260 3307 2437 3372 cognitionem

503 3423 538 3432 --
556 3395 629 3446 solus
647 3399 686 3446 εει
704 3391 824 3448 Dominus
841 3395 975 3458 nosteer
988 3395 1039 3446 343
1054 3393 1089 3446 56
1124 3391 1218 3446 Christi
1236 3397 1264 3446 et
1289 3393 1437 3446 Divinitatis
1463 3397 1489 3446 et
1514 3395 1699 3446 incarnationis
1722 3401 1763 3448 est
1799 3393 1851 3446 347
1871 3393 1903 3446 40
1924 3417 1959 3432 ν·
1977 3395 2048 3446 εοιεε
2075 3395 2142 3448 vidit
2168 3395 2253 3446 Deum
2277 3395 2329 3450 455
2348 3397 2383 3448 33
2401 3423 2438 3438 ··-

414 3501 415 3506 ¹
450 3513 484 3522 -
503 3487 542 3536 est
560 3481 688 3534 Dominus
707 3489 835 3548 quantum
853 3483 889 3536 ad
902 3481 1088 3536 sublimitatem
1124 3481 1257 3550 expressio
1274 3485 1299 3534 ει
1318 3483 1385 3536 tides
1402 3481 1531 3548 passionis
1543 3479 1606 3536 thiu.
1624 3509 1659 3520 -
1679 3483 1764 3548 444444-
1800 3483 1915 3536 imitatur
1928 3483 2029 3536 Patrem
2049 3481 2100 3536 365
2120 3481 2289 3536 55-Ρει44
2308 3485 2352 3538 dat
2365 3485 2388 3536 ei
2401 3489 2437 3538 te·

450 3569 597 3624 Divinitatis
614 3569 733 3622 occultae
752 3573 794 3626 Vll
816 3569 866 3624 437
887 3571 1089 3624 e--uominus
1125 3563 1171 3624 mit
1203 3585 1343 3636 personam
1368 3583 1450 3624 unam
1479 3569 1507 3624 in
1535 3569 1641 3624 duabus
1664 3571 1765 3624 naturis
1800 3571 1950 3624 stimonium
1963 3585 2012 3636 per
2024 3571 2153 3624 internam
2172 3571 2437 3636 inspirationem3lt

450 3665 506 3712 erat
523 3659 644 3712 omnium
661 3671 710 3724 per
727 3661 835 3712 culmen
857 3657 1018 3714 auctoritatis
1037 3659 1088 3712 433
1124 3659 1186 3716 ibid.
1206 3659 1311 3712 34344
1514 3715 1515 3720 ,
1800 3659 1913 3712 65346
1934 3659 1967 3712 70

452 3747 483 3800 tr
501 3775 540 3786 --·
567 3751 606 3812 est
629 3761 710 3800 vrerus
736 3747 859 3802 dominus
888 3749 1035 3826 4444444444
1064 3753 1089 3802 ει
1176 3777 1212 3788 ·-
1229 3733 1452 3802 Nomen'Christi
1476 3753 1517 3800 εει
1538 3749 1707 3816 Emmanuel,
1736 3749 1762 3802 id
1851 3777 1888 3788 -
1913 3755 1953 3802 εει
1979 3743 2097 3802 sublimis
2126 3747 2265 3814 sapientia,
2294 3749 2433 3814 prudentia

451 3835 571 3890 cordium
590 3835 642 3890 483
662 3835 705 3888 47.
724 3833 776 3890 430
794 3839 830 3890 50
1124 3841 1163 3890 εει
1181 3835 1322 3890 nobiscum
1339 3837 1409 3890 Dens
1435 3837 1468 3890 Vl
1487 3837 1537 3890 454
1559 3837 1602 3890 47.
1622 3839 1671 3890 604
1693 3839 1708 3890 4
1726 3867 1763 3876 -
1799 3841 1825 3890 ει
1841 3837 1956 3902 potentie
1982 3837 2023 3890 Vtt
2045 3837 2094 3888 438
2121 3835 2153 3890 44
2172 3863 2207 3876 -
2225 3837 2253 3888 44
2271 3835 2375 3890 Christo
2392 3851 2438 3904 ap·

501 3925 577 3978 -ln
590 3925 753 3978 confessione
764 3925 911 3980 Divinitatis
922 3927 1017 3980 Christi
1030 3939 1088 3980 con·
1124 3939 1219 3982 nomen
1238 3925 1295 3978 eius
1314 3929 1352 3978 est
1370 3925 1463 3980 Oriens
1480 3925 1525 3978 Vtt
1544 3925 1578 3978 44
1598 3925 1649 3978 438
1668 3953 1705 3964 -
1725 3925 1764 3980 di·
1798 3917 1886 3992 paruit
1911 3923 2046 3988 plenitudo
2075 3923 2217 3990 sapientiae
2250 3925 2273 3978 in
2305 3925 2438 3992 praedira·

450 4017 565 4068 tutamur
592 4027 695 4068 errores
721 4019 747 4066 et
770 4015 894 4070 sternitur
920 4015 999 4070 totius
1025 4015 1089 4068 tidei
1124 4013 1191 4068 citur
1210 4015 1288 4078 lesus,
1307 4013 1369 4082 quia
1383 4013 1502 4066 vanitati
1520 4013 1676 4068 salvandum
1690 4029 1763 4066 44444-
1799 4013 1877 4078 tione,
1905 4013 2040 4078 plenitudo
2068 4013 2221 4065 clementiae
2248 4013 2270 4064 in
2300 4013 2436 4082 passione,

451 4103 650 4156 tundamentum
668 4103 714 4156 Vll
740 4103 792 4158 447
812 4103 846 4158 34
863 4101 971 4158 -non
990 4119 1088 4170 cogno·
1124 4103 1189 4156 dum
1209 4103 1260 4156 448
1286 4103 1337 4154 400
1360 4133 1397 4142 —-
1418 4107 1527 4166 propter
1551 4103 1761 4156 misericordiam
1797 4103 1901 4156 virtutis
1919 4101 1947 4154 in
1964 4103 2168 4168 resurrectione,
2188 4103 2286 4168 gloriae
2306 4103 2330 4154 44
2343 4115 2436 4158 ascen·

450 4191 530 4244 scitur
546 4205 627 4244 verus
653 4193 724 4244 Deus
749 4207 797 4260 per
821 4193 966 4248 naturalem
986 4193 1087 4256 lucem,
1124 4193 1269 4244 salvantem
1281 4195 1393 4244 vocatur
1409 4191 1480 4244 lesus
1498 4187 1547 4242 477
1569 4187 1601 4244 44
1613 4191 1762 4244 ——Nomen
1798 4193 1872 4246 sione
1890 4191 1924 4244 Vl
1943 4191 1996 4244 538
2015 4193 2039 4254 3,
2060 4191 2124 4244 t-
2136 4193 2163 4242 ln
2183 4189 2283 4246 Christo
2303 4193 2436 4246 iuvenitur

449 4279 512 4348 quia
529 4282 580 4334 hoc
596 4285 637 4334 est
653 4283 895 4358 suprarationem,
908 4283 1036 4348 sedopus
1049 4287 1089 4334 est
1124 4277 1217 4334 Christi
1245 4283 1284 4334 εει
1312 4293 1425 4346 magnae
1454 4277 1584 4334 efficaciae
1608 4279 1761 4334 invocatum
1798 4281 1899 4334 claritas
1925 4279 2079 4346 saptentiae,
2098 4279 2205 4346 gratiae,
2230 4281 2315 4334 lamae
2338 4285 2365 4334 et
2383 4283 2436 4346 glo·

449 4369 590 4424 ascendere
606 4383 656 4436 per
672 4369 754 4424 tidem
782 4371 834 4424 474
852 4371 870 4424 7
888 4403 923 4412 -
942 4373 1087 4426 secundum
1124 4367 1203 4420 etiam
1221 4367 1257 4422 ab
1274 4369 1402 4422 extraneis
1420 4367 1472 4420 445
1491 4367 1524 4420 30
1797 4369 1851 4422 riae
1880 4367 1926 4420 644
1952 4367 1966 4420 4
1985 4395 2020 4406 -
2038 4371 2066 4420 444
2092 4367 2195 4422 Christo
2223 4375 2262 4422 εει
2290 4367 2437 4424 sublimitas

446 4457 640 4514 comestorem
657 4457 793 4514 daemonis
812 4465 851 4514 est
867 4461 949 4514 Filius
966 4461 1022 4526 Dei,
1034 4475 1086 4514 non
1176 4485 1212 4496 „.
1230 4455 1353 4522 Operatio
1364 4457 1467 4522 Christi,
1480 4469 1550 4524 quae
1562 4461 1600 4510 est
1613 4457 1760 4510 secundum
1796 4459 1939 4524 praecipua
1956 4461 2067 4524 propter
2093 4457 2268 4510 excellentiam
2287 4457 2436 4528 potestatis,

393 4619 395 4622 Ι
449 4553 568 4602 creatura
585 4561 651 4614 pura
670 4551 817 4604 secundum
835 4549 945 4604 Arianos
963 4551 1015 4604 403
1034 4551 1069 4604 60
1123 4545 1761 4616 Divinitatem,atemporeuondependet,quae
1796 4547 1956 4602 evidentiam
1974 4545 2090 4600 veritatis
2108 4553 2134 4598 et
2150 4547 2311 4600 affluentiam
2331 4547 2436 4612 pietatis

501 4667 537 4676 —
554 4651 608 4690 non
621 4637 815 4702 blasphemavit
827 4639 940 4692 dicendo
953 4653 981 4692 se
992 4637 1085 4692 Filium
1123 4647 1188 4688 vero
1206 4639 1246 4688 est
1263 4633 1408 4688 secundum
1434 4633 1638 4702 humanitatem,
1658 4637 1759 4688 certum
1797 4634 1841 4688 Vll
1862 4633 1911 4710 465
1933 4635 1942 4686 4

384 4739 386 4742 ·
448 4725 508 4792 Dei,
527 4727 576 4778 sed
593 4725 690 4790 ludaei,
704 4727 750 4794 qui
764 4727 796 4780 de
815 4727 870 4782 Deo
890 4727 1086 4796 dicebant,n0n
1124 4729 1228 4790 ternpus
1247 4723 1355 4790 requirit
1368 4723 1401 4778 Vl
1414 4723 1466 4776 344
1481 4721 1660 4788 rs-opera
1674 4727 1761 4776 osten·
1850 4749 1885 4760 -
1912 4729 1952 4774 est
1980 4737 2091 4786 maguus
2120 4727 2144 4774 ει
2172 4723 2300 4778 excellens
2325 4727 2436 4788 propter

443 4827 506 4866 esse
524 4815 606 4868 Deum
626 4815 660 4868 Vl
684 4815 735 4868 334
765 4815 798 4868 47
816 4845 852 4854 -
877 4815 926 4868 sibi
947 4817 1002 4868 sine
1020 4815 1087 4870 blas·
1123 4813 1190 4866 dunt
1206 4811 1336 4866 Christum
1355 4811 1423 4864 Patri
1442 4811 1578 4880 aequalem
1597 4811 1648 4864 334
1670 4811 1712 4876 47,
1726 4811 1758 4862 43
1798 4811 1907 4874 gratiam
1928 4811 2099 4874 singularem,
2125 4817 2233 4876 propter
2257 4811 2434 4864 exceltentiam

447 4901 551 4968 phemio
571 4901 687 4956 attribuit
704 4917 801 4958 nomen
821 4905 866 4958 Dei
886 4911 914 4958 ut
932 4905 995 4958 Filio
1014 4911 1086 4958 natu·
1121 4931 1159 4942 -
1176 4901 1202 4952 in
1220 4899 1346 4966 operibus
1374 4899 1430 4952 suis
1453 4913 1482 4952 se
1500 4901 1614 4952 ostendit
1631 4913 1684 4952 non
1701 4913 1762 4952 con·
1797 4901 1912 4964 regalem
1933 4903 1958 4952 ει
1976 4905 2082 4964 propter
2111 4897 2253 4964 potentiam
2277 4901 2435 4952 aeternalem

446 4991 492 5044 rati
514 4991 564 5044 307
588 4991 632 5044 30.
656 4991 708 5044 334
737 4993 771 5046 56
788 5021 826 5030 -
844 4995 908 5046 talso
928 4993 1086 5048 credebatur
1122 4989 1230 5042 uarium
1250 4989 1330 5056 Patri3
1349 4987 1397 5042 sed
1425 5001 1472 5054 per
1492 4989 1580 5040 omnia
1599 4985 1760 5040 concordem
1798 4987 1840 5038 Vll
1862 4985 1894 5038 44
1923 4985 1956 5038 56
1973 5013 2010 5024 -
2027 4991 2067 5038 est
2090 4985 2229 5050 singularis
2253 4985 2318 5040 inter
2341 4999 2436 5040 omnes

448 5077 642 5144 blasphemare,
660 5081 770 5146 quando
794 5079 954 5134 attribuebat
975 5081 1026 5132 sibi
1044 5081 1086 5132 Di·
1124 5075 1174 5128 404
1194 5075 1227 5128 55
1247 5105 1281 5114 -
1300 5089 1351 5128 444
1371 5073 1450 5128 habet
1466 5075 1630 5126 voluntatem
1648 5073 1762 5138 singula·
1800 5071 1879 5124 Verbi
1890 5073 1995 5136 unione,
2008 5071 2137 5126 donorum
2150 5059 2320 5138 plenitudine,
2333 5075 2435 5138 peccati
2530 5081 2531 5084 ’

447 5167 581 5220 viritatem
608 5169 651 5220 vel
670 5171 808 5234 proprium
833 5171 880 5222 Dei
907 5169 953 5222 vn
972 5169 1023 5222 445
1042 5169 1085 5222 43.
1121 5159 1670 5222 remdiscordemavoluutateRatrisatss
1685 5159 1716 5212 58
1732 5159 1761 5212 4*
1799 5159 1961 5214 immunitate
1989 5159 2020 5212 Vl
2040 5161 2091 5212 345
2112 5159 2143 5212 43
2163 5187 2197 5200 -
2216 5159 2318 5216 Christo
2346 5163 2434 5228 singu·

448 5255 499 5308 565
519 5257 561 5318 83,
581 5255 614 5306 84
634 5281 668 5294 -
688 5261 825 5310 accersatur
852 5255 1033 5318 blasphemiae
1052 5257 1084 5310 Vl
1121 5279 1157 5288 ·-
1175 5263 1223 5314 per
1241 5249 1331 5300 omnia
1347 5247 1441 5300 obedtt
1461 5249 1589 5300 voluntati
1607 5247 1691 5300 Patris
1708 5249 1760 5310 328
1798 5249 1884 5302 lariter
1901 5249 2062 5303 conveniunt
2081 5249 2214 5316 quaedam
2234 5249 2363 5304 mirabilia
2381 5249 2434 5304 456

447 5343 492 5396 434
518 5345 533 5394 8
1123 5339 1155 5390 63
1175 5365 1210 5376 —
1229 5339 1257 5388 tn
1275 5333 1379 5390 Christo
1397 5335 1533 5400 potissime
1554 5335 1599 5390 luit
1612 5333 1760 5408 obedientia
1797 5335 1815 5390 7
1832 5337 1970 5390 -Gloria
1994 5337 2125 5416 Unigeniti
2151 5343 2191 5390 est
2217 5339 2244 5390 in
2267 5341 2331 5404 boo,
2360 5341 2433 5408 quod

497 5453 536 5472 ¹-
552 5429 665 5486 Credere
677 5429 704 5482 in
716 5429 848 5484 Christum
860 5445 913 5484 non
926 5437 964 5484 est
977 5431 1086 5484 credere
1123 5425 1166 5480 Vll
1193 5423 1244 5478 436
1271 5423 1306 5476 34
1324 5453 1360 5462 -
1379 5423 1458 5476 irita
1482 5425 1536 5478 Deo
1566 5423 1599 5478 ad
1628 5425 1709 5478 Deum
1736 5429 1761 5478 et
1797 5429 1872 5480 Pater
1888 5439 1968 5480 omne
1988 5427 2112 5482 iudicium
2132 5427 2205 5482 dedit
2223 5429 2260 5496 ei,
2273 5429 2346 5498 quod
2366 5429 2435 5484 simi·

443 5519 472 5570 44
491 5519 642 5582 hominem,
659 5519 707 5570 sed
725 5517 752 5570 in
770 5519 853 5572 Deum
874 5519 906 5570 Vt
927 5519 978 5570 444
998 5519 1031 5570 63
1045 5521 1085 5556 ’--
1121 5513 1268 5566 secundum
1286 5513 1371 5566 Deum
1390 5517 1415 5564 et
1436 5519 1542 5580 propter
1561 5513 1643 5566 Deum
1662 5511 1723 5568 abio.
1798 5515 1827 5568 lis
1845 5521 1884 5570 est
1901 5515 1969 5570 Patri
1994 5523 2021 5570 ut
2044 5519 2169 5584 splendor
2195 5521 2221 5570 et
2240 5519 2339 5586 ligura,
2360 5519 2433 5588 quod

446 5607 584 5660 Credimus
600 5607 630 5658 in
647 5605 779 5660 Christum
797 5595 940 5660 Dominum
956 5611 1085 5674 quantum
1174 5631 1210 5640 —-
1227 5601 1331 5670 quaerit
1353 5601 1464 5666 gloriam
1488 5601 1569 5654 Patris
1598 5603 1630 5656 Vl
1654 5603 1706 5654 347
1724 5603 1760 5654 75
1797 5609 1835 5658 εει
1853 5611 1933 5672 caput
1949 5605 2036 5660 omnis
2054 5607 2196 5672 Ecclesiae,
2214 5609 2289 5674 quod
2306 5609 2380 5662 sedet
2398 5609 2433 5662 ad

443 5693 480 5748 ad
499 5693 683 5760 Divinitatem,
701 5707 755 5746 uon
777 5693 806 5746 in
833 5693 967 5750 hominem
992 5709 1085 5750 secun·
1121 5719 1156 5728 -·
1174 5689 1298 5744 clariticat
1325 5689 1349 5744 in
1375 5689 1430 5744 suis
1452 5689 1579 5756 operibus
1607 5693 1725 5756 Patrem,
1745 5705 1759 5744 a
1796 5693 1929 5748 dexteram
1956 5681 2039 5748 Patris
2063 5695 2115 5750 533
2134 5697 2150 5748 5
2170 5701 2262 5750 -est
2290 5697 2432 5764 maximus,

447 5765 512 5836 dum
536 5783 609 5850 quod
637 5785 717 5834 homo
746 5783 797 5836 636
827 5783 897 5836 4-
924 5785 951 5838 44
978 5783 1085 5838 nomine
1121 5793 1175 5846 quo
1194 5785 1233 5834 εει
1252 5779 1302 5832 453
1323 5780 1350 5833 tl
1375 5783 1539 5834 -honorat
1566 5781 1649 5834 Deum
1669 5789 1698 5834 ut
1715 5783 1759 5834 Pa·
1796 5783 1838 5836 cui
1858 5783 1970 5836 maxime
1989 5783 2200 5852 appropinquant
2218 5785 2372 5840 bumDiores
2389 5787 2433 5840 Vll

446 5871 539 5926 Christi
559 5871 642 5924 credIt
658 5871 706 5938 qui
723 5873 808 5926 credit
821 5887 882 5926 eum
894 5873 978 5928 Deum
993 5879 1019 5926 ει
1037 5875 1085 5928 ho·
1121 5875 1188 5924 trem
1207 5869 1260 5924 467
1277 5871 1293 5922 4
1313 5897 1347 5906 -
1366 5869 1491 5936 operatur
1508 5871 1577 5924 Patri
1588 5871 1758 5936 cooperando
1796 5871 1847 5924 444
1867 5873 1898 5924 83

446 5961 543 6014 minem
573 5957 624 6012 454
644 5959 678 6012 47
696 5987 732 5998 --
751 5959 868 6016 Credens
895 5963 922 6016 in
953 5961 1083 6018 Christum
1121 5959 1199 6014 etiam
1217 5959 1244 6014 in
1262 5957 1378 6014 sabbato
1396 5959 1449 6014 307
1472 5961 1507 6014 43
1523 5989 1562 5998 -
1578 5965 1668 6014 servat
1685 5973 1758 6026 prae·
1848 5989 1882 6000 -··
1899 5965 1941 6014 est
1964 5961 2069 6026 dignior
2096 5963 2191 6016 loanne
2213 5963 2360 6016 secundum
2384 5963 2434 6016 hu·

446 6047 528 6104 credit
545 6049 575 6102 in
592 6047 696 6102 Patrem
715 6047 762 6103 344
787 6049 822 6104 48
864 6087 866 6092 -
1121 6055 1196 6116 cepta
1214 6049 1305 6112 Patris,
1323 6049 1386 6116 quia
1402 6047 1487 6114 diligit
1504 6049 1606 6102 nauem
1626 6047 1677 6100 448
1698 6049 1724 6102 tt
1795 6065 1899 6104 manem
1917 6053 2037 6104 naturam
2056 6051 2177 6118 effectus,
2203 6051 2265 6116 quia
2285 6051 2433 6104 secundum

498 6165 534 6180 -
552 6137 602 6206 Qui
620 6139 757 6204 cognoscit
782 6141 877 6196 Filium
900 6143 1035 6208 cognoscit
1059 6149 1084 6196 et
1172 6167 1207 6178 -
1225 6139 1274 6192 Per
1291 6137 1424 6192 Christum
1442 6135 1545 6202 oportet
1557 6137 1591 6190 ad
1604 6139 1706 6190 Patrem
1718 6151 1758 6190 re
1794 6137 1964 6192 Divinitatem
1985 6137 2129 6206 priorarat
2147 6139 2181 6192 Vl
2205 6137 2257 6192 454
2282 6139 2316 6192 36
2335 6167 2370 6178 —
2392 6145 2433 6192 est

446 6231 548 6282 Panem
569 6227 601 6282 Vl
622 6227 672 6282 437
693 6227 717 6280 8.
737 6227 788 6284 433
811 6231 843 6285 43
863 6231 962 6298 —Qui
975 6231 1001 6284 in
1012 6231 1083 6286 Chri·
1121 6227 1177 6282 dire
1195 6227 1239 6282 th
1267 6227 1301 6278 40
1320 6227 1335 6278 3
1352 6255 1390 6266 —-
1406 6227 1456 6278 Per
1473 6225 1606 6280 Christum
1626 6225 1758 6278 tendimus
1794 6227 1899 6292 dignior
1917 6229 2012 6280 loanne
2031 6227 2082 6278 458
2102 6227 2184 6280 56-
2204 6225 2383 6280 manifestatus
2402 6235 2432 6282 ut

441 6320 516 6368 stum
542 6313 627 6368 credit
647 6329 701 6368 nou
719 6315 747 6368 in
765 6317 852 6382 ipsum
882 6319 967 6370 solum
986 6317 1082 6386 credit,
1121 6317 1153 6370 ad
1172 6317 1257 6368 Deum
1275 6321 1306 6368 ut
1322 6314 1445 6368 ultimum
1462 6315 1543 6368 tinem
1562 6317 1595 6368 88
1616 6313 1634 6368 b
1796 6315 1879 6368 maior
1896 6317 1992 6368 toanne
2015 6317 2067 6368 483
2087 6317 2103 6368 3
2124 6319 2232 6366 -erat
2256 6317 2342 6370 maior
2364 6317 2432 6370 Salo

446 6405 492 6458 sed
512 6403 589 6458 etiam
608 6403 634 6456 in
652 6419 714 6456 eum
743 6407 787 6476 qui
809 6405 879 6458 misit
896 6419 957 6458 eum
977 6405 1029 6460 444
1047 6405 1077 6458 74
1173 6401 1355 6470 -probatur
1381 6417 1440 6458 esse
1463 6403 1545 6458 Filius
1569 6405 1617 6458 Dei
1643 6405 1758 6458 tenendo
1795 6419 1874 6458 mone
1898 6403 2001 6458 ratione
2017 6403 2165 6468 potentiae,
2183 6403 2307 6458 scientiae
2318 6411 2346 6458 et
2362 6405 2433 6458 iusti·

494 6517 533 6532 =-·
551 6493 579 6546 in
601 6491 735 6546 Christum
763 6499 802 6548 est
825 6493 1003 6560 credendum,
1021 6495 1083 6562 quia
1120 6493 1203 6548 Patris
1219 6493 1391 6558 mansionem,
1409 6491 1567 6548 aemulando
1578 6507 1629 6558 pro
1645 6491 1720 6546 Patre
1733 6497 1758 6544 et
1796 6495 1845 6548 tiae
1872 6493 1916 6548 Vll
1937 6493 1988 6546 433
2007 6491 2097 6546 67-
2120 6497 2160 6546 εει
2186 6493 2269 6548 maior
2297 6493 2431 6548 abraham

446 6581 563 6650 aequalis
581 6581 663 6646 Patri;
683 6581 739 6646 ipse
757 6581 873 6650 loquitur
891 6587 916 6634 et
929 6581 1033 6636 videtur
1046 6597 1083 6636 se
1118 6581 1248 6636 imitando
1270 6581 1374 6634 Patrem
1400 6581 1435 6634 Vl
1454 6581 1506 6632 564
1533 6595 1561 6634 v.
1580 6581 1614 6632 ts
1631 6611 1668 6620 -
1686 6581 1759 6634 Ema-
1796 6583 1827 6636 Vt
1848 6581 1962 6646 37073,
1982 6583 2069 6634 80-
2085 6581 2233 6636 secuudum
2260 6583 2430 6638 Divinitatem

445 6671 562 6730 cundum
581 6671 723 6722 humanam
743 6671 864 6722 naturam
884 6669 977 6722 44384
1002 6671 1035 6722 53
1121 6671 1191 6724 4464
1216 6683 1232 6722 4
1259 6669 1333 6722 Patre
1361 6669 1506 6722 ostenditur
1531 6669 1560 6722 in
1589 6671 1655 6734 boc,
1686 6669 1758 6736 quod
1796 6671 1842 6724 tuit
1861 6675 1921 6724 ante
1939 6671 2061 6724 loannem
2080 6669 2133 6726 454
2152 6671 2194 6724 36.
2213 6671 2265 6724 460
2285 6671 2317 6724 63

497 6785 533 6794 ·-
551 6755 700 6812 credendus
717 6763 758 6810 est
774 6755 861 6810 bonus
880 6769 933 6810 non
945 6757 1029 6810 solum
1043 6771 1083 6812 se·
1121 6755 1327 6826 operatur,sicut
1335 6757 1545 6824 accepitaPatre
1556 6757 1606 6812 364
1618 6757 1758 6812 38--44444
1846 6785 1883 6798 -
1901 6757 2432 6814 ContemneatesChristomrontemnunt
2537 6775 2540 6782 ·

446 6845 562 6896 cundum
580 6843 652 6910 quod
671 6845 766 6914 horno,
784 6845 992 6898 sedsecundum
1010 6845 1083 6912 quod
1121 6839 1251 6900 Divinitas
1267 6845 1437 6912 cognoscitur
1458 6859 1491 6898 ex
1514 6845 1676 6912 plenitudine
1702 6861 1759 6912 gra·
1796 6847 1880 6902 Deum
1898 6847 1942 6902 Vll
1955 6849 2007 6902 566
2029 6849 2061 6902 48
2074 6849 2174 6916 —Qui
2186 6849 2286 6914 spernit
2297 6847 2430 6904 Christum
