<?xml version="1.0" encoding="UTF-8"?>
<!DOCTYPE html PUBLIC "-//W3C//DTD XHTML 1.0 Transitional//EN"
    "http://www.w3.org/TR/xhtml1/DTD/xhtml1-transitional.dtd">
<html xmlns="http://www.w3.org/1999/xhtml" xml:lang="en" lang="en">
 <head>
  <title>
</title>
<meta http-equiv="Content-Type" content="text/html;charset=utf-8" />
  <meta name='ocr-system' content='tesseract 3.04.00' />
  <meta name='ocr-capabilities' content='ocr_page ocr_carea ocr_par ocr_line ocrx_word'/>
</head>
<body>
  <div class='ocr_page' id='page_1' title='image "./doctorisseraphi01italgoog/doctorisseraphi01italgoog_0676.png"; bbox 0 0 6008 8342; ppageno 0'>
   <div class='ocr_carea' id='block_1_1' title="bbox 1133 539 1791 614">
    <p class='ocr_par' dir='ltr' id='par_1_1' title="bbox 1133 539 1791 614">
     <span class='ocr_line' id='line_1_1' title="bbox 1133 539 1791 614; baseline 0 -6"><span class='ocrx_word' id='word_1_1' title='bbox 1133 539 1330 610; x_wconf 86' lang='lat' dir='ltr'>EXPOSITIO</span> <span class='ocrx_word' id='word_1_2' title='bbox 1354 539 1554 614; x_wconf 79' lang='lat' dir='ltr'>ORATIONIS</span> <span class='ocrx_word' id='word_1_3' title='bbox 1578 541 1791 610; x_wconf 75' lang='lat' dir='ltr'><strong>numidicus.</strong></span> 
     </span>
    </p>
   </div>
   <div class='ocr_carea' id='block_1_2' title="bbox 424 717 1431 1762">
    <p class='ocr_par' dir='ltr' id='par_1_2' title="bbox 424 717 1431 1762">
     <span class='ocr_line' id='line_1_2' title="bbox 424 717 1429 794; baseline -0.002 -14"><span class='ocrx_word' id='word_1_4' title='bbox 424 741 428 746; x_wconf 82' lang='grc'><strong>’</strong></span> <span class='ocrx_word' id='word_1_5' title='bbox 474 717 590 780; x_wconf 78' lang='lat' dir='ltr'><strong>sexto&#39;:</strong></span> <span class='ocrx_word' id='word_1_6' title='bbox 616 741 630 770; x_wconf 77' lang='lat' dir='ltr'><strong>r</strong></span> <span class='ocrx_word' id='word_1_7' title='bbox 645 717 808 780; x_wconf 85' lang='lat' dir='ltr'><strong>Liberatia</strong></span> <span class='ocrx_word' id='word_1_8' title='bbox 831 719 960 794; x_wconf 86' lang='lat' dir='ltr'><strong>peccato,</strong></span> <span class='ocrx_word' id='word_1_9' title='bbox 983 719 1057 776; x_wconf 83' lang='lat' dir='ltr'><strong>serui</strong></span> <span class='ocrx_word' id='word_1_10' title='bbox 1085 717 1179 776; x_wconf 87' lang='lat' dir='ltr'><strong>autem</strong></span> <span class='ocrx_word' id='word_1_11' title='bbox 1202 717 1272 778; x_wconf 85' lang='lat' dir='ltr'><strong>facti</strong></span> <span class='ocrx_word' id='word_1_12' title='bbox 1291 719 1429 792; x_wconf 80' lang='lat' dir='ltr'><strong>Deo»;a</strong></span> 
     </span>
     <span class='ocr_line' id='line_1_3' title="bbox 472 813 1431 892; baseline 0 -16"><span class='ocrx_word' id='word_1_13' title='bbox 472 815 546 878; x_wconf 87' lang='lat' dir='ltr'><strong>malo</strong></span> <span class='ocrx_word' id='word_1_14' title='bbox 564 817 719 892; x_wconf 85' lang='lat' dir='ltr'><strong>miseriue;</strong></span> <span class='ocrx_word' id='word_1_15' title='bbox 737 819 774 878; x_wconf 91' lang='lat' dir='ltr'><strong>ad</strong></span> <span class='ocrx_word' id='word_1_16' title='bbox 793 817 933 878; x_wconf 88' lang='lat' dir='ltr'><strong>Romanos</strong></span> <span class='ocrx_word' id='word_1_17' title='bbox 947 813 1059 876; x_wconf 83' lang='lat' dir='ltr'><strong>octavo:</strong></span> <span class='ocrx_word' id='word_1_18' title='bbox 1080 837 1096 866; x_wconf 76' lang='lat' dir='ltr'><strong>a</strong></span> <span class='ocrx_word' id='word_1_19' title='bbox 1109 813 1247 872; x_wconf 81' lang='lat' dir='ltr'><strong>Oreatura</strong></span> <span class='ocrx_word' id='word_1_20' title='bbox 1262 815 1431 876; x_wconf 72' lang='lat' dir='ltr'><strong>liberabitur</strong></span> 
     </span>
     <span class='ocr_line' id='line_1_4' title="bbox 471 911 1429 990; baseline -0.002 -18"><span class='ocrx_word' id='word_1_21' title='bbox 471 931 489 972; x_wconf 92' lang='lat' dir='ltr'><strong>a</strong></span> <span class='ocrx_word' id='word_1_22' title='bbox 515 913 655 974; x_wconf 81' lang='lat' dir='ltr'><strong>seruitute</strong></span> <span class='ocrx_word' id='word_1_23' title='bbox 680 915 885 990; x_wconf 85' lang='lat' dir='ltr'><strong>curruptionis,</strong></span> <span class='ocrx_word' id='word_1_24' title='bbox 916 915 946 972; x_wconf 94' lang='lat' dir='ltr'><strong>in</strong></span> <span class='ocrx_word' id='word_1_25' title='bbox 976 911 1139 970; x_wconf 85' lang='lat' dir='ltr'><strong>libertatem</strong></span> <span class='ocrx_word' id='word_1_26' title='bbox 1167 913 1277 986; x_wconf 82' lang='lat' dir='ltr'><strong>gloriae</strong></span> <span class='ocrx_word' id='word_1_27' title='bbox 1305 911 1429 974; x_wconf 92' lang='lat' dir='ltr'><strong>filiorum</strong></span> 
     </span>
     <span class='ocr_line' id='line_1_5' title="bbox 472 1007 1429 1086; baseline 0.001 -18"><span class='ocrx_word' id='word_1_28' title='bbox 472 1007 561 1082; x_wconf 60' lang='lat' dir='ltr'><strong>Dein</strong></span> <span class='ocrx_word' id='word_1_29' title='bbox 584 1013 695 1072; x_wconf 89' lang='lat' dir='ltr'><strong>amalo</strong></span> <span class='ocrx_word' id='word_1_30' title='bbox 711 1027 823 1086; x_wconf 84' lang='lat' dir='ltr'><strong>poenae</strong></span> <span class='ocrx_word' id='word_1_31' title='bbox 845 1013 995 1082; x_wconf 63' lang='lat' dir='ltr'><strong>ueternum</strong></span> <span class='ocrx_word' id='word_1_32' title='bbox 1017 1007 1086 1068; x_wconf 87' lang='lat' dir='ltr'><strong>Osee</strong></span> <span class='ocrx_word' id='word_1_33' title='bbox 1106 1007 1333 1068; x_wconf 87' lang='lat' dir='ltr'><strong>decimotertio:</strong></span> <span class='ocrx_word' id='word_1_34' title='bbox 1358 1031 1374 1060; x_wconf 85' lang='lat'><strong>‹&lt;</strong></span> <span class='ocrx_word' id='word_1_35' title='bbox 1388 1011 1429 1070; x_wconf 88' lang='lat' dir='ltr'><strong>De</strong></span> 
     </span>
     <span class='ocr_line' id='line_1_6' title="bbox 470 1103 1429 1178; baseline -0.004 -14"><span class='ocrx_word' id='word_1_36' title='bbox 470 1121 556 1168; x_wconf 90' lang='lat' dir='ltr'><strong>manu</strong></span> <span class='ocrx_word' id='word_1_37' title='bbox 575 1109 676 1168; x_wconf 89' lang='lat' dir='ltr'><strong>mortis</strong></span> <span class='ocrx_word' id='word_1_38' title='bbox 695 1109 821 1166; x_wconf 80' lang='lat' dir='ltr'>liberabo</span> <span class='ocrx_word' id='word_1_39' title='bbox 843 1121 906 1178; x_wconf 83' lang='lat' dir='ltr'><strong>eoa,</strong></span> <span class='ocrx_word' id='word_1_40' title='bbox 924 1105 960 1166; x_wconf 89' lang='lat' dir='ltr'><strong>de</strong></span> <span class='ocrx_word' id='word_1_41' title='bbox 979 1103 1070 1164; x_wconf 86' lang='lat' dir='ltr'><strong>morte</strong></span> <span class='ocrx_word' id='word_1_42' title='bbox 1091 1103 1227 1164; x_wconf 84' lang='lat' dir='ltr'>redimam</span> <span class='ocrx_word' id='word_1_43' title='bbox 1246 1121 1335 1166; x_wconf 82' lang='lat' dir='ltr'><strong>eos».</strong></span> <span class='ocrx_word' id='word_1_44' title='bbox 1354 1103 1429 1164; x_wconf 89' lang='lat' dir='ltr'><strong>Dicit</strong></span> 
     </span>
     <span class='ocr_line' id='line_1_7' title="bbox 471 1199 1429 1276; baseline -0.001 -14"><span class='ocrx_word' id='word_1_45' title='bbox 471 1219 552 1276; x_wconf 81' lang='lat' dir='ltr'><strong>ergo:</strong></span> <span class='ocrx_word' id='word_1_46' title='bbox 574 1205 633 1266; x_wconf 78' lang='lat' dir='ltr'><strong>Sed</strong></span> <span class='ocrx_word' id='word_1_47' title='bbox 655 1201 903 1272; x_wconf 72' lang='lat' dir='ltr'><strong>tiburnensem,</strong></span> <span class='ocrx_word' id='word_1_48' title='bbox 927 1223 943 1254; x_wconf 77' lang='lat' dir='ltr'><strong>a</strong></span> <span class='ocrx_word' id='word_1_49' title='bbox 958 1201 1038 1274; x_wconf 86' lang='lat' dir='ltr'><strong>quasi</strong></span> <span class='ocrx_word' id='word_1_50' title='bbox 1058 1199 1149 1260; x_wconf 89' lang='lat' dir='ltr'><strong>dicet:</strong></span> <span class='ocrx_word' id='word_1_51' title='bbox 1180 1201 1218 1262; x_wconf 88' lang='lat' dir='ltr'><strong>da</strong></span> <span class='ocrx_word' id='word_1_52' title='bbox 1247 1201 1329 1262; x_wconf 87' lang='lat' dir='ltr'><strong>nobis</strong></span> <span class='ocrx_word' id='word_1_53' title='bbox 1349 1203 1429 1274; x_wconf 85' lang='lat' dir='ltr'><strong>spiri·</strong></span> 
     </span>
     <span class='ocr_line' id='line_1_8' title="bbox 471 1299 1426 1376; baseline 0 -18"><span class='ocrx_word' id='word_1_54' title='bbox 471 1301 534 1360; x_wconf 90' lang='lat' dir='ltr'><strong>tum</strong></span> <span class='ocrx_word' id='word_1_55' title='bbox 553 1303 683 1376; x_wconf 84' lang='lat' dir='ltr'><strong>timoris,</strong></span> <span class='ocrx_word' id='word_1_56' title='bbox 698 1301 732 1360; x_wconf 90' lang='lat' dir='ltr'><strong>ut</strong></span> <span class='ocrx_word' id='word_1_57' title='bbox 744 1317 796 1372; x_wconf 88' lang='lat' dir='ltr'><strong>per</strong></span> <span class='ocrx_word' id='word_1_58' title='bbox 815 1301 899 1358; x_wconf 89' lang='lat' dir='ltr'><strong>illum</strong></span> <span class='ocrx_word' id='word_1_59' title='bbox 917 1299 1068 1358; x_wconf 74' lang='lat' dir='ltr'><strong>uideamus</strong></span> <span class='ocrx_word' id='word_1_60' title='bbox 1088 1299 1184 1372; x_wconf 84' lang='lat' dir='ltr'><strong>maio,</strong></span> <span class='ocrx_word' id='word_1_61' title='bbox 1207 1315 1257 1372; x_wconf 93' lang='lat' dir='ltr'><strong>per</strong></span> <span class='ocrx_word' id='word_1_62' title='bbox 1277 1299 1426 1372; x_wconf 85' lang='lat' dir='ltr'><strong>uirtutem,</strong></span> 
     </span>
     <span class='ocr_line' id='line_1_9' title="bbox 470 1395 1428 1472; baseline -0.002 -16"><span class='ocrx_word' id='word_1_63' title='bbox 470 1397 498 1456; x_wconf 90' lang='lat' dir='ltr'><strong>id</strong></span> <span class='ocrx_word' id='word_1_64' title='bbox 519 1397 561 1458; x_wconf 85' lang='lat' dir='ltr'><strong>est</strong></span> <span class='ocrx_word' id='word_1_65' title='bbox 584 1415 633 1472; x_wconf 89' lang='lat' dir='ltr'><strong>per</strong></span> <span class='ocrx_word' id='word_1_66' title='bbox 649 1397 854 1472; x_wconf 71' lang='lat' dir='ltr'><strong>paupertatem</strong></span> <span class='ocrx_word' id='word_1_67' title='bbox 872 1395 1095 1468; x_wconf 66' lang='lat' dir='ltr'><strong>spiritualium</strong></span> <span class='ocrx_word' id='word_1_68' title='bbox 1114 1395 1318 1468; x_wconf 74' lang='lat' dir='ltr'>adipiscamur,</span> <span class='ocrx_word' id='word_1_69' title='bbox 1335 1397 1428 1470; x_wconf 88' lang='lat' dir='ltr'><strong>quate·</strong></span> 
     </span>
     <span class='ocr_line' id='line_1_10' title="bbox 470 1491 1428 1566; baseline 0.002 -14"><span class='ocrx_word' id='word_1_70' title='bbox 470 1511 539 1566; x_wconf 89' lang='lat' dir='ltr'><strong>nus,</strong></span> <span class='ocrx_word' id='word_1_71' title='bbox 559 1495 679 1554; x_wconf 81' lang='lat' dir='ltr'><strong>exclusis</strong></span> <span class='ocrx_word' id='word_1_72' title='bbox 700 1495 744 1550; x_wconf 82' lang='lat' dir='ltr'><strong>iris</strong></span> <span class='ocrx_word' id='word_1_73' title='bbox 776 1493 805 1552; x_wconf 92' lang='lat' dir='ltr'><strong>et</strong></span> <span class='ocrx_word' id='word_1_74' title='bbox 836 1491 1005 1566; x_wconf 85' lang='lat' dir='ltr'><strong>contemptis</strong></span> <span class='ocrx_word' id='word_1_75' title='bbox 1037 1493 1170 1562; x_wconf 84' lang='lat' dir='ltr'><strong>terrenis,</strong></span> <span class='ocrx_word' id='word_1_76' title='bbox 1205 1493 1357 1552; x_wconf 81' lang='lat' dir='ltr'>habeamus</span> <span class='ocrx_word' id='word_1_77' title='bbox 1386 1511 1428 1554; x_wconf 89' lang='lat' dir='ltr'><strong>ae·</strong></span> 
     </span>
     <span class='ocr_line' id='line_1_11' title="bbox 470 1589 1428 1664; baseline 0.002 -16"><span class='ocrx_word' id='word_1_78' title='bbox 470 1591 567 1660; x_wconf 77' lang='lat' dir='ltr'><strong>terna,</strong></span> <span class='ocrx_word' id='word_1_79' title='bbox 590 1589 696 1650; x_wconf 86' lang='lat' dir='ltr'><strong>scilicet</strong></span> <span class='ocrx_word' id='word_1_80' title='bbox 716 1589 922 1650; x_wconf 72' lang='lat' dir='ltr'><strong>beatitudinem</strong></span> <span class='ocrx_word' id='word_1_81' title='bbox 941 1591 1026 1664; x_wconf 79' lang='lat' dir='ltr'><strong>rapui</strong></span> <span class='ocrx_word' id='word_1_82' title='bbox 1045 1591 1209 1664; x_wconf 83' lang='lat' dir='ltr'><strong>curiorum,</strong></span> <span class='ocrx_word' id='word_1_83' title='bbox 1229 1607 1314 1664; x_wconf 86' lang='lat' dir='ltr'><strong>quam</strong></span> <span class='ocrx_word' id='word_1_84' title='bbox 1329 1593 1428 1652; x_wconf 77' lang='lat' dir='ltr'><strong>lucifer</strong></span> 
     </span>
     <span class='ocr_line' id='line_1_12' title="bbox 470 1687 1425 1762; baseline 0.002 -16"><span class='ocrx_word' id='word_1_85' title='bbox 470 1687 498 1746; x_wconf 88' lang='lat' dir='ltr'><strong>et</strong></span> <span class='ocrx_word' id='word_1_86' title='bbox 519 1689 603 1762; x_wconf 87' lang='lat' dir='ltr'><strong>primi</strong></span> <span class='ocrx_word' id='word_1_87' title='bbox 623 1687 756 1760; x_wconf 86' lang='lat' dir='ltr'><strong>parentes</strong></span> <span class='ocrx_word' id='word_1_88' title='bbox 771 1703 822 1762; x_wconf 86' lang='lat' dir='ltr'><strong>per</strong></span> <span class='ocrx_word' id='word_1_89' title='bbox 840 1687 942 1748; x_wconf 79' lang='lat' dir='ltr'><strong>uitium</strong></span> <span class='ocrx_word' id='word_1_90' title='bbox 957 1687 1056 1748; x_wconf 82' lang='lat' dir='ltr'><strong>iconis</strong></span> <span class='ocrx_word' id='word_1_91' title='bbox 1070 1689 1185 1762; x_wconf 77' lang='lat' dir='ltr'><strong>pieriae</strong></span> <span class='ocrx_word' id='word_1_92' title='bbox 1207 1687 1364 1748; x_wconf 87' lang='lat' dir='ltr'><strong>amiserunt</strong></span> <span class='ocrx_word' id='word_1_93' title='bbox 1376 1687 1387 1720; x_wconf 74' lang='lat'>²</span> <span class='ocrx_word' id='word_1_94' title='bbox 1397 1715 1425 1748; x_wconf 72' lang='lat' dir='ltr'><strong>a.</strong></span> 
     </span>
    </p>
   </div>
   <div class='ocr_carea' id='block_1_3' title="bbox 470 2005 1425 2144">
    <p class='ocr_par' dir='ltr' id='par_1_3' title="bbox 470 2005 1425 2144">
     <span class='ocr_line' id='line_1_13' title="bbox 540 2005 1425 2076; baseline 0.005 -16"><span class='ocrx_word' id='word_1_95' title='bbox 540 2005 549 2036; x_wconf 86' lang='lat'><strong>¹</strong></span> <span class='ocrx_word' id='word_1_96' title='bbox 570 2009 648 2062; x_wconf 86' lang='lat' dir='ltr'><strong>Vers.</strong></span> <span class='ocrx_word' id='word_1_97' title='bbox 666 2009 710 2062; x_wconf 87' lang='grc'><strong>18.</strong></span> <span class='ocrx_word' id='word_1_98' title='bbox 725 2037 762 2050; x_wconf 91' lang='grc'><strong>-</strong></span> <span class='ocrx_word' id='word_1_99' title='bbox 779 2009 838 2062; x_wconf 91' lang='lat' dir='ltr'><strong>Duo</strong></span> <span class='ocrx_word' id='word_1_100' title='bbox 855 2021 930 2076; x_wconf 81' lang='lat' dir='ltr'><strong>sequ.</strong></span> <span class='ocrx_word' id='word_1_101' title='bbox 950 2009 998 2060; x_wconf 87' lang='lat' dir='ltr'><strong>loci</strong></span> <span class='ocrx_word' id='word_1_102' title='bbox 1026 2013 1087 2060; x_wconf 90' lang='lat' dir='ltr'><strong>suut</strong></span> <span class='ocrx_word' id='word_1_103' title='bbox 1103 2011 1181 2061; x_wconf 82' lang='lat' dir='ltr'><strong>Rom.</strong></span> <span class='ocrx_word' id='word_1_104' title='bbox 1202 2011 1230 2076; x_wconf 82' lang='lat'><strong>8,</strong></span> <span class='ocrx_word' id='word_1_105' title='bbox 1251 2011 1293 2064; x_wconf 80' lang='lat' dir='ltr'><strong>m.</strong></span> <span class='ocrx_word' id='word_1_106' title='bbox 1314 2017 1340 2066; x_wconf 90' lang='lat' dir='ltr'><strong>et</strong></span> <span class='ocrx_word' id='word_1_107' title='bbox 1358 2011 1425 2064; x_wconf 89' lang='lat' dir='ltr'><strong>Osee</strong></span> 
     </span>
     <span class='ocr_line' id='line_1_14' title="bbox 470 2079 1424 2144; baseline 0.002 -12"><span class='ocrx_word' id='word_1_108' title='bbox 470 2081 518 2142; x_wconf 88' lang='grc'><strong>13,</strong></span> <span class='ocrx_word' id='word_1_109' title='bbox 537 2079 579 2132; x_wconf 85' lang='grc'><strong>11.</strong></span> <span class='ocrx_word' id='word_1_110' title='bbox 597 2107 633 2120; x_wconf 86' lang='grc'><strong>-</strong></span> <span class='ocrx_word' id='word_1_111' title='bbox 652 2081 777 2144; x_wconf 81' lang='lat' dir='ltr'><strong>Superius</strong></span> <span class='ocrx_word' id='word_1_112' title='bbox 795 2079 848 2132; x_wconf 81' lang='lat' dir='ltr'><strong>tide</strong></span> <span class='ocrx_word' id='word_1_113' title='bbox 860 2079 883 2132; x_wconf 89' lang='lat' dir='ltr'><strong>A</strong></span> <span class='ocrx_word' id='word_1_114' title='bbox 896 2079 1080 2132; x_wconf 78' lang='lat' dir='ltr'><strong>substituimus</strong></span> <span class='ocrx_word' id='word_1_115' title='bbox 1097 2079 1229 2134; x_wconf 85' lang='lat' dir='ltr'><strong>Liberotiu</strong></span> <span class='ocrx_word' id='word_1_116' title='bbox 1249 2095 1268 2136; x_wconf 87' lang='lat' dir='ltr'><strong>u</strong></span> <span class='ocrx_word' id='word_1_117' title='bbox 1289 2081 1362 2138; x_wconf 83' lang='lat' dir='ltr'><strong>roob</strong></span> <span class='ocrx_word' id='word_1_118' title='bbox 1376 2081 1424 2138; x_wconf 84' lang='lat' dir='ltr'><strong>tri-</strong></span> 
     </span>
    </p>
   </div>
   <div class='ocr_carea' id='block_1_4' title="bbox 366 2147 943 2228">
    <p class='ocr_par' dir='ltr' id='par_1_4' title="bbox 366 2147 943 2228">
     <span class='ocr_line' id='line_1_15' title="bbox 366 2147 943 2228; baseline -0.005 -23"><span class='ocrx_word' id='word_1_119' title='bbox 366 2225 367 2228; x_wconf 8' lang='lat'><em>*</em></span> <span class='ocrx_word' id='word_1_120' title='bbox 465 2147 534 2220; x_wconf 85' lang='lat' dir='ltr'><strong>plici</strong></span> <span class='ocrx_word' id='word_1_121' title='bbox 549 2165 600 2214; x_wconf 89' lang='lat' dir='ltr'><strong>pro</strong></span> <span class='ocrx_word' id='word_1_122' title='bbox 617 2151 668 2204; x_wconf 85' lang='lat' dir='ltr'><strong>Est</strong></span> <span class='ocrx_word' id='word_1_123' title='bbox 685 2147 805 2204; x_wconf 83' lang='lat' dir='ltr'><strong>liberatio</strong></span> <span class='ocrx_word' id='word_1_124' title='bbox 826 2147 918 2204; x_wconf 83' lang='lat' dir='ltr'><strong>omui</strong></span> <span class='ocrx_word' id='word_1_125' title='bbox 936 2189 943 2202; x_wconf 98' lang='lat'><strong>.</strong></span> 
     </span>
    </p>
   </div>
   <div class='ocr_carea' id='block_1_5' title="bbox 468 2217 1424 2572">
    <p class='ocr_par' dir='ltr' id='par_1_5' title="bbox 468 2217 1424 2504">
     <span class='ocr_line' id='line_1_16' title="bbox 539 2217 1424 2290; baseline 0.005 -18"><span class='ocrx_word' id='word_1_126' title='bbox 539 2217 549 2248; x_wconf 77' lang='lat' dir='ltr'><strong>a</strong></span> <span class='ocrx_word' id='word_1_127' title='bbox 569 2223 708 2286; x_wconf 80' lang='lat' dir='ltr'><strong>innocent,</strong></span> <span class='ocrx_word' id='word_1_128' title='bbox 726 2221 775 2276; x_wconf 88' lang='lat' dir='ltr'><strong>loc.</strong></span> <span class='ocrx_word' id='word_1_129' title='bbox 794 2219 837 2272; x_wconf 87' lang='lat' dir='ltr'><strong>cit.</strong></span> <span class='ocrx_word' id='word_1_130' title='bbox 854 2233 879 2272; x_wconf 89' lang='lat' dir='ltr'><strong>c.</strong></span> <span class='ocrx_word' id='word_1_131' title='bbox 899 2221 947 2272; x_wconf 79' lang='lat' dir='ltr'><strong>no:</strong></span> <span class='ocrx_word' id='word_1_132' title='bbox 966 2219 1046 2288; x_wconf 82' lang='lat' dir='ltr'><strong>Quasi</strong></span> <span class='ocrx_word' id='word_1_133' title='bbox 1065 2219 1210 2276; x_wconf 85' lang='lat' dir='ltr'><strong>diceretur:</strong></span> <span class='ocrx_word' id='word_1_134' title='bbox 1228 2223 1268 2276; x_wconf 86' lang='lat' dir='ltr'><strong>Da</strong></span> <span class='ocrx_word' id='word_1_135' title='bbox 1283 2223 1361 2278; x_wconf 83' lang='lat' dir='ltr'><strong>trabis</strong></span> <span class='ocrx_word' id='word_1_136' title='bbox 1374 2223 1424 2290; x_wconf 88' lang='lat' dir='ltr'><strong>spi·</strong></span> 
     </span>
     <span class='ocr_line' id='line_1_17' title="bbox 468 2291 1423 2358; baseline 0.006 -16"><span class='ocrx_word' id='word_1_137' title='bbox 468 2291 546 2342; x_wconf 89' lang='lat' dir='ltr'><strong>ritum</strong></span> <span class='ocrx_word' id='word_1_138' title='bbox 566 2293 666 2344; x_wconf 85' lang='lat' dir='ltr'><strong>timoris</strong></span> <span class='ocrx_word' id='word_1_139' title='bbox 684 2297 711 2344; x_wconf 86' lang='lat' dir='ltr'><strong>et</strong></span> <span class='ocrx_word' id='word_1_140' title='bbox 726 2295 909 2356; x_wconf 81' lang='lat' dir='ltr'><strong>paupertatem</strong></span> <span class='ocrx_word' id='word_1_141' title='bbox 928 2291 1048 2358; x_wconf 85' lang='lat' dir='ltr'><strong>spiritus,</strong></span> <span class='ocrx_word' id='word_1_142' title='bbox 1070 2297 1097 2344; x_wconf 92' lang='lat' dir='ltr'><strong>ut</strong></span> <span class='ocrx_word' id='word_1_143' title='bbox 1116 2293 1303 2358; x_wconf 88' lang='lat' dir='ltr'><strong>perspiritum</strong></span> <span class='ocrx_word' id='word_1_144' title='bbox 1324 2295 1423 2348; x_wconf 89' lang='lat' dir='ltr'><strong>timoris</strong></span> 
     </span>
     <span class='ocr_line' id='line_1_18' title="bbox 468 2359 1423 2434; baseline 0.004 -20"><span class='ocrx_word' id='word_1_145' title='bbox 468 2359 582 2414; x_wconf 84' lang='lat' dir='ltr'><strong>citemus</strong></span> <span class='ocrx_word' id='word_1_146' title='bbox 600 2363 681 2424; x_wconf 88' lang='lat' dir='ltr'><strong>mala,</strong></span> <span class='ocrx_word' id='word_1_147' title='bbox 701 2375 748 2428; x_wconf 88' lang='lat' dir='ltr'><strong>per</strong></span> <span class='ocrx_word' id='word_1_148' title='bbox 767 2367 949 2428; x_wconf 84' lang='lat' dir='ltr'><strong>paupertatem</strong></span> <span class='ocrx_word' id='word_1_149' title='bbox 962 2363 1069 2428; x_wconf 89' lang='lat' dir='ltr'><strong>spiritus</strong></span> <span class='ocrx_word' id='word_1_150' title='bbox 1087 2361 1239 2418; x_wconf 84' lang='lat' dir='ltr'><strong>abdicemus</strong></span> <span class='ocrx_word' id='word_1_151' title='bbox 1261 2365 1339 2430; x_wconf 89' lang='lat' dir='ltr'><strong>bona,</strong></span> <span class='ocrx_word' id='word_1_152' title='bbox 1359 2381 1423 2434; x_wconf 89' lang='lat' dir='ltr'><strong>qua·</strong></span> 
     </span>
     <span class='ocr_line' id='line_1_19' title="bbox 468 2431 1387 2504; baseline 0.004 -18"><span class='ocrx_word' id='word_1_153' title='bbox 468 2437 542 2486; x_wconf 89' lang='lat' dir='ltr'><strong>tenus</strong></span> <span class='ocrx_word' id='word_1_154' title='bbox 560 2437 608 2486; x_wconf 89' lang='lat' dir='ltr'><strong>etc.</strong></span> <span class='ocrx_word' id='word_1_155' title='bbox 629 2433 676 2486; x_wconf 81' lang='lat' dir='ltr'><strong>Pro</strong></span> <span class='ocrx_word' id='word_1_156' title='bbox 697 2431 882 2500; x_wconf 73' lang='lat' dir='ltr'><strong>adipiscemur</strong></span> <span class='ocrx_word' id='word_1_157' title='bbox 900 2433 943 2486; x_wconf 90' lang='lat' dir='ltr'><strong>ed.</strong></span> <span class='ocrx_word' id='word_1_158' title='bbox 962 2433 987 2486; x_wconf 87' lang='lat' dir='ltr'><strong>t.</strong></span> <span class='ocrx_word' id='word_1_159' title='bbox 1007 2431 1161 2488; x_wconf 81' lang='lat' dir='ltr'><strong>adiiciamus</strong></span> <span class='ocrx_word' id='word_1_160' title='bbox 1184 2435 1387 2504; x_wconf 79' lang='lat' dir='ltr'><strong>(abiiciamosi).</strong></span> 
     </span>
    </p>

    <p class='ocr_par' dir='ltr' id='par_1_6' title="bbox 538 2499 1422 2572">
     <span class='ocr_line' id='line_1_20' title="bbox 538 2499 1422 2572; baseline 0.002 -16"><span class='ocrx_word' id='word_1_161' title='bbox 538 2499 649 2570; x_wconf 71' lang='grc' dir='ltr'><strong>3Ερὶεῑ.</strong></span> <span class='ocrx_word' id='word_1_162' title='bbox 666 2505 711 2556; x_wconf 78' lang='lat'><strong>28.</strong></span> <span class='ocrx_word' id='word_1_163' title='bbox 738 2501 813 2570; x_wconf 90' lang='lat' dir='ltr'><strong>(alias</strong></span> <span class='ocrx_word' id='word_1_164' title='bbox 839 2501 908 2558; x_wconf 75' lang='lat' dir='ltr'><strong>test</strong></span> <span class='ocrx_word' id='word_1_165' title='bbox 937 2519 963 2556; x_wconf 90' lang='lat' dir='ltr'><strong>u.</strong></span> <span class='ocrx_word' id='word_1_166' title='bbox 982 2503 1009 2558; x_wconf 84' lang='grc'><strong>1.</strong></span> <span class='ocrx_word' id='word_1_167' title='bbox 1038 2511 1065 2558; x_wconf 88' lang='lat' dir='ltr'><strong>et</strong></span> <span class='ocrx_word' id='word_1_168' title='bbox 1089 2507 1113 2558; x_wconf 87' lang='lat'><strong>6.</strong></span> <span class='ocrx_word' id='word_1_169' title='bbox 1140 2505 1209 2558; x_wconf 89' lang='lat' dir='ltr'><strong>Vide</strong></span> <span class='ocrx_word' id='word_1_170' title='bbox 1232 2507 1311 2558; x_wconf 90' lang='lat' dir='ltr'><strong>etiam</strong></span> <span class='ocrx_word' id='word_1_171' title='bbox 1338 2507 1422 2572; x_wconf 91' lang='lat' dir='ltr'><strong>ipsius</strong></span> 
     </span>
    </p>
   </div>
   <div class='ocr_carea' id='block_1_6' title="bbox 467 2573 1422 2642">
    <p class='ocr_par' dir='ltr' id='par_1_7' title="bbox 467 2573 1422 2642">
     <span class='ocr_line' id='line_1_21' title="bbox 467 2573 1422 2642; baseline 0.002 -14"><span class='ocrx_word' id='word_1_172' title='bbox 467 2573 613 2628; x_wconf 83' lang='lat' dir='ltr'><strong>Commeat.</strong></span> <span class='ocrx_word' id='word_1_173' title='bbox 633 2575 659 2628; x_wconf 91' lang='lat' dir='ltr'><strong>in</strong></span> <span class='ocrx_word' id='word_1_174' title='bbox 677 2575 765 2628; x_wconf 88' lang='lat' dir='ltr'><strong>blattir.</strong></span> <span class='ocrx_word' id='word_1_175' title='bbox 784 2575 815 2638; x_wconf 85' lang='grc'><strong>6,</strong></span> <span class='ocrx_word' id='word_1_176' title='bbox 836 2575 877 2628; x_wconf 85' lang='lat' dir='ltr'><strong>ts.</strong></span> <span class='ocrx_word' id='word_1_177' title='bbox 905 2573 956 2628; x_wconf 83' lang='lat' dir='ltr'><strong>Cir.</strong></span> <span class='ocrx_word' id='word_1_178' title='bbox 979 2575 1124 2642; x_wconf 84' lang='lat' dir='ltr'><strong>innocent,</strong></span> <span class='ocrx_word' id='word_1_179' title='bbox 1151 2577 1202 2630; x_wconf 89' lang='lat' dir='ltr'><strong>loc.</strong></span> <span class='ocrx_word' id='word_1_180' title='bbox 1228 2577 1271 2630; x_wconf 88' lang='lat' dir='ltr'><strong>eit.</strong></span> <span class='ocrx_word' id='word_1_181' title='bbox 1290 2591 1314 2630; x_wconf 88' lang='lat' dir='ltr'><strong>e.</strong></span> <span class='ocrx_word' id='word_1_182' title='bbox 1334 2579 1377 2632; x_wconf 82' lang='lat'><strong>37.</strong></span> <span class='ocrx_word' id='word_1_183' title='bbox 1396 2579 1422 2630; x_wconf 91' lang='lat' dir='ltr'><strong>iu</strong></span> 
     </span>
    </p>
   </div>
   <div class='ocr_carea' id='block_1_7' title="bbox 2393 545 2454 610">
    <p class='ocr_par' dir='ltr' id='par_1_8' title="bbox 2393 545 2454 610">
     <span class='ocr_line' id='line_1_22' title="bbox 2393 545 2454 610; baseline 0 0"><span class='ocrx_word' id='word_1_184' title='bbox 2393 545 2454 610; x_wconf 78' lang='lat' dir='ltr'><strong>tus</strong></span> 
     </span>
    </p>
   </div>
   <div class='ocr_carea' id='block_1_8' title="bbox 1577 717 2597 794">
    <p class='ocr_par' dir='ltr' id='par_1_9' title="bbox 1577 717 2597 794">
     <span class='ocr_line' id='line_1_23' title="bbox 1577 717 2597 794; baseline -0.003 -14"><span class='ocrx_word' id='word_1_185' title='bbox 1577 719 1623 780; x_wconf 83' lang='lat' dir='ltr'><strong>te.</strong></span> <span class='ocrx_word' id='word_1_186' title='bbox 1646 717 1750 780; x_wconf 82' lang='lat' dir='ltr'><strong>Ancon.</strong></span> <span class='ocrx_word' id='word_1_187' title='bbox 1772 717 1984 794; x_wconf 83' lang='lat' dir='ltr'><strong>Hieronymus³</strong></span> <span class='ocrx_word' id='word_1_188' title='bbox 2007 719 2061 778; x_wconf 91' lang='lat' dir='ltr'><strong>ait:</strong></span> <span class='ocrx_word' id='word_1_189' title='bbox 2087 743 2101 772; x_wconf 81' lang='lat' dir='ltr'><strong>a</strong></span> <span class='ocrx_word' id='word_1_190' title='bbox 2116 719 2191 780; x_wconf 85' lang='lat' dir='ltr'><strong>Scire</strong></span> <span class='ocrx_word' id='word_1_191' title='bbox 2205 719 2298 780; x_wconf 89' lang='lat' dir='ltr'><strong>antem</strong></span> <span class='ocrx_word' id='word_1_192' title='bbox 2314 719 2454 790; x_wconf 79' lang='lat' dir='ltr'><strong>debanna,</strong></span> <span class='ocrx_word' id='word_1_193' title='bbox 2474 727 2508 772; x_wconf 80' lang='lat' dir='ltr'><strong>ne</strong></span> <span class='ocrx_word' id='word_1_194' title='bbox 2521 727 2597 774; x_wconf 80' lang='lat' dir='ltr'><strong>naeu.</strong></span> 
     </span>
    </p>
   </div>
   <div class='ocr_carea' id='block_1_9' title="bbox 1489 815 2454 1766">
    <p class='ocr_par' dir='ltr' id='par_1_10' title="bbox 1489 815 2454 1766">
     <span class='ocr_line' id='line_1_24' title="bbox 1492 815 2454 896; baseline -0.003 -17"><span class='ocrx_word' id='word_1_195' title='bbox 1492 821 1570 896; x_wconf 91' lang='lat' dir='ltr'><strong>apud</strong></span> <span class='ocrx_word' id='word_1_196' title='bbox 1590 819 1732 878; x_wconf 85' lang='lat' dir='ltr'><strong>Hebraeos</strong></span> <span class='ocrx_word' id='word_1_197' title='bbox 1754 817 1784 876; x_wconf 90' lang='lat' dir='ltr'><strong>iu</strong></span> <span class='ocrx_word' id='word_1_198' title='bbox 1803 815 1859 876; x_wconf 87' lang='lat' dir='ltr'><strong>tine</strong></span> <span class='ocrx_word' id='word_1_199' title='bbox 1882 815 2019 878; x_wconf 89' lang='lat' dir='ltr'><strong>librorum</strong></span> <span class='ocrx_word' id='word_1_200' title='bbox 2038 833 2128 876; x_wconf 89' lang='lat' dir='ltr'><strong>uuum</strong></span> <span class='ocrx_word' id='word_1_201' title='bbox 2147 817 2270 876; x_wconf 83' lang='lat' dir='ltr'><strong>utribus</strong></span> <span class='ocrx_word' id='word_1_202' title='bbox 2283 819 2376 878; x_wconf 90' lang='lat' dir='ltr'><strong>solere</strong></span> <span class='ocrx_word' id='word_1_203' title='bbox 2390 817 2454 876; x_wconf 87' lang='lat' dir='ltr'><strong>sub·</strong></span> 
     </span>
     <span class='ocr_line' id='line_1_25' title="bbox 1492 913 2454 988; baseline -0.004 -12"><span class='ocrx_word' id='word_1_204' title='bbox 1492 917 1584 988; x_wconf 88' lang='lat' dir='ltr'><strong>neoti,</strong></span> <span class='ocrx_word' id='word_1_205' title='bbox 1604 917 1641 976; x_wconf 86' lang='lat' dir='ltr'><strong>ut</strong></span> <span class='ocrx_word' id='word_1_206' title='bbox 1658 917 1711 976; x_wconf 91' lang='lat' dir='ltr'><strong>aut</strong></span> <span class='ocrx_word' id='word_1_207' title='bbox 1727 915 1821 974; x_wconf 83' lang='lat' dir='ltr'><strong>Amen</strong></span> <span class='ocrx_word' id='word_1_208' title='bbox 1841 915 1982 984; x_wconf 82' lang='lat' dir='ltr'><strong>scribant,</strong></span> <span class='ocrx_word' id='word_1_209' title='bbox 2005 913 2057 974; x_wconf 88' lang='lat' dir='ltr'><strong>aut</strong></span> <span class='ocrx_word' id='word_1_210' title='bbox 2077 915 2154 984; x_wconf 83' lang='lat' dir='ltr'><strong>Sela,</strong></span> <span class='ocrx_word' id='word_1_211' title='bbox 2177 913 2228 974; x_wconf 91' lang='lat' dir='ltr'><strong>aut</strong></span> <span class='ocrx_word' id='word_1_212' title='bbox 2242 914 2345 974; x_wconf 83' lang='lat' dir='ltr'><strong>Selom.</strong></span> <span class='ocrx_word' id='word_1_213' title='bbox 2360 915 2454 974; x_wconf 85' lang='lat' dir='ltr'><strong>Amen</strong></span> 
     </span>
     <span class='ocr_line' id='line_1_26' title="bbox 1493 1007 2454 1088; baseline -0.002 -16"><span class='ocrx_word' id='word_1_214' title='bbox 1493 1007 1638 1088; x_wconf 78' lang='lat' dir='ltr'><strong>significat</strong></span> <span class='ocrx_word' id='word_1_215' title='bbox 1656 1031 1734 1084; x_wconf 81' lang='lat' dir='ltr'><strong>uere,</strong></span> <span class='ocrx_word' id='word_1_216' title='bbox 1756 1013 1801 1072; x_wconf 78' lang='lat' dir='ltr'><strong>uel</strong></span> <span class='ocrx_word' id='word_1_217' title='bbox 1823 1011 1960 1082; x_wconf 87' lang='lat' dir='ltr'><strong>fideliter;</strong></span> <span class='ocrx_word' id='word_1_218' title='bbox 1980 1011 2076 1070; x_wconf 86' lang='lat' dir='ltr'><strong>Salem</strong></span> <span class='ocrx_word' id='word_1_219' title='bbox 2095 1009 2238 1086; x_wconf 83' lang='lat' dir='ltr'><strong>siguificat</strong></span> <span class='ocrx_word' id='word_1_220' title='bbox 2259 1027 2373 1084; x_wconf 82' lang='lat' dir='ltr'><strong>paoem3</strong></span> <span class='ocrx_word' id='word_1_221' title='bbox 2390 1011 2454 1070; x_wconf 86' lang='lat' dir='ltr'><strong>Sela</strong></span> 
     </span>
     <span class='ocr_line' id='line_1_27' title="bbox 1493 1105 2454 1184; baseline -0.002 -16"><span class='ocrx_word' id='word_1_222' title='bbox 1493 1111 1638 1184; x_wconf 84' lang='lat' dir='ltr'><strong>siguificat</strong></span> <span class='ocrx_word' id='word_1_223' title='bbox 1667 1127 1818 1184; x_wconf 77' lang='lat' dir='ltr'><strong>sempera.</strong></span> <span class='ocrx_word' id='word_1_224' title='bbox 1837 1109 1927 1178; x_wconf 85' lang='lat' dir='ltr'><strong>Nota,</strong></span> <span class='ocrx_word' id='word_1_225' title='bbox 1960 1109 2035 1182; x_wconf 82' lang='lat' dir='ltr'><strong>quot</strong></span> <span class='ocrx_word' id='word_1_226' title='bbox 2065 1109 2118 1166; x_wconf 92' lang='lat' dir='ltr'><strong>dici</strong></span> <span class='ocrx_word' id='word_1_227' title='bbox 2150 1105 2238 1178; x_wconf 89' lang='lat' dir='ltr'><strong>solet,</strong></span> <span class='ocrx_word' id='word_1_228' title='bbox 2261 1109 2334 1182; x_wconf 85' lang='lat' dir='ltr'><strong>quod</strong></span> <span class='ocrx_word' id='word_1_229' title='bbox 2360 1109 2454 1166; x_wconf 83' lang='lat' dir='ltr'><strong>Amen</strong></span> 
     </span>
     <span class='ocr_line' id='line_1_28' title="bbox 1492 1203 2451 1280; baseline -0.002 -16"><span class='ocrx_word' id='word_1_230' title='bbox 1492 1207 1661 1280; x_wconf 88' lang='lat' dir='ltr'><strong>quaudoque</strong></span> <span class='ocrx_word' id='word_1_231' title='bbox 1691 1207 1805 1268; x_wconf 88' lang='lat' dir='ltr'><strong>tenetur</strong></span> <span class='ocrx_word' id='word_1_232' title='bbox 1835 1205 2040 1280; x_wconf 86' lang='lat' dir='ltr'><strong>nominaliter,</strong></span> <span class='ocrx_word' id='word_1_233' title='bbox 2062 1205 2094 1264; x_wconf 90' lang='lat' dir='ltr'><strong>ut</strong></span> <span class='ocrx_word' id='word_1_234' title='bbox 2120 1205 2309 1278; x_wconf 81' lang='lat' dir='ltr'><strong>Apocalypsis</strong></span> <span class='ocrx_word' id='word_1_235' title='bbox 2329 1203 2451 1264; x_wconf 75' lang='lat' dir='ltr'><strong>tertio⁴u</strong></span> 
     </span>
     <span class='ocr_line' id='line_1_29' title="bbox 1496 1301 2451 1376; baseline 0 -16"><span class='ocrx_word' id='word_1_236' title='bbox 1496 1325 1513 1354; x_wconf 75' lang='lat' dir='ltr'><strong>a</strong></span> <span class='ocrx_word' id='word_1_237' title='bbox 1527 1303 1604 1364; x_wconf 90' lang='lat' dir='ltr'><strong>Haec</strong></span> <span class='ocrx_word' id='word_1_238' title='bbox 1624 1305 1692 1364; x_wconf 88' lang='lat' dir='ltr'><strong>dicit</strong></span> <span class='ocrx_word' id='word_1_239' title='bbox 1713 1307 1818 1376; x_wconf 77' lang='lat' dir='ltr'><strong>Amen,</strong></span> <span class='ocrx_word' id='word_1_240' title='bbox 1839 1303 1921 1364; x_wconf 87' lang='lat' dir='ltr'><strong>testis</strong></span> <span class='ocrx_word' id='word_1_241' title='bbox 1943 1301 2033 1362; x_wconf 85' lang='lat' dir='ltr'><strong>fidelis</strong></span> <span class='ocrx_word' id='word_1_242' title='bbox 2060 1301 2088 1362; x_wconf 85' lang='lat' dir='ltr'><strong>ei</strong></span> <span class='ocrx_word' id='word_1_243' title='bbox 2108 1319 2208 1372; x_wconf 82' lang='lat' dir='ltr'><strong>uerus,</strong></span> <span class='ocrx_word' id='word_1_244' title='bbox 2230 1303 2279 1376; x_wconf 88' lang='lat' dir='ltr'><strong>qui</strong></span> <span class='ocrx_word' id='word_1_245' title='bbox 2311 1301 2354 1360; x_wconf 89' lang='lat' dir='ltr'><strong>est</strong></span> <span class='ocrx_word' id='word_1_246' title='bbox 2376 1301 2451 1376; x_wconf 89' lang='lat' dir='ltr'><strong>prin·</strong></span> 
     </span>
     <span class='ocr_line' id='line_1_30' title="bbox 1490 1399 2450 1474; baseline -0.002 -14"><span class='ocrx_word' id='word_1_247' title='bbox 1490 1401 1596 1472; x_wconf 86' lang='lat' dir='ltr'><strong>uipium</strong></span> <span class='ocrx_word' id='word_1_248' title='bbox 1616 1403 1763 1462; x_wconf 78' lang='lat' dir='ltr'><strong>creaturae</strong></span> <span class='ocrx_word' id='word_1_249' title='bbox 1783 1405 1879 1464; x_wconf 77' lang='lat' dir='ltr'><strong>Dei».</strong></span> <span class='ocrx_word' id='word_1_250' title='bbox 1900 1401 2072 1474; x_wconf 76' lang='lat' dir='ltr'><strong>Quandoque</strong></span> <span class='ocrx_word' id='word_1_251' title='bbox 2102 1399 2323 1474; x_wconf 80' lang='lat' dir='ltr'><strong>adverbialiter,</strong></span> <span class='ocrx_word' id='word_1_252' title='bbox 2342 1401 2379 1460; x_wconf 88' lang='lat' dir='ltr'><strong>ut</strong></span> <span class='ocrx_word' id='word_1_253' title='bbox 2396 1399 2450 1460; x_wconf 88' lang='lat' dir='ltr'><strong>ibi:</strong></span> 
     </span>
     <span class='ocr_line' id='line_1_31' title="bbox 1496 1493 2451 1572; baseline -0.001 -17"><span class='ocrx_word' id='word_1_254' title='bbox 1496 1519 1513 1548; x_wconf 86' lang='lat'><strong>‹&lt;</strong></span> <span class='ocrx_word' id='word_1_255' title='bbox 1526 1493 1630 1568; x_wconf 78' lang='lat' dir='ltr'><strong>tmen,</strong></span> <span class='ocrx_word' id='word_1_256' title='bbox 1661 1517 1743 1556; x_wconf 89' lang='lat' dir='ltr'><strong>amen</strong></span> <span class='ocrx_word' id='word_1_257' title='bbox 1774 1501 1834 1560; x_wconf 86' lang='lat' dir='ltr'><strong>dieu</strong></span> <span class='ocrx_word' id='word_1_258' title='bbox 1861 1501 1941 1560; x_wconf 78' lang='lat' dir='ltr'><strong>uobis</strong></span> <span class='ocrx_word' id='word_1_259' title='bbox 1959 1523 1987 1556; x_wconf 89' lang='lat'><strong>».</strong></span> <span class='ocrx_word' id='word_1_260' title='bbox 2017 1497 2187 1572; x_wconf 76' lang='lat' dir='ltr'><strong>Quandoque</strong></span> <span class='ocrx_word' id='word_1_261' title='bbox 2213 1497 2387 1572; x_wconf 76' lang='lat' dir='ltr'><strong>certabitur,</strong></span> <span class='ocrx_word' id='word_1_262' title='bbox 2418 1497 2451 1556; x_wconf 91' lang='lat' dir='ltr'><strong>ut</strong></span> 
     </span>
     <span class='ocr_line' id='line_1_32' title="bbox 1490 1589 2451 1670; baseline 0.004 -22"><span class='ocrx_word' id='word_1_263' title='bbox 1490 1589 1551 1650; x_wconf 87' lang='lat' dir='ltr'><strong>hic:</strong></span> <span class='ocrx_word' id='word_1_264' title='bbox 1574 1589 1687 1668; x_wconf 83' lang='lat' dir='ltr'><strong>Arnen,</strong></span> <span class='ocrx_word' id='word_1_265' title='bbox 1706 1595 1735 1652; x_wconf 90' lang='lat' dir='ltr'><strong>id</strong></span> <span class='ocrx_word' id='word_1_266' title='bbox 1764 1595 1825 1666; x_wconf 90' lang='lat' dir='ltr'><strong>est,</strong></span> <span class='ocrx_word' id='word_1_267' title='bbox 1851 1595 1947 1656; x_wconf 89' lang='lat' dir='ltr'><strong>omnia</strong></span> <span class='ocrx_word' id='word_1_268' title='bbox 1964 1595 2110 1670; x_wconf 88' lang='lat' dir='ltr'><strong>praedicta</strong></span> <span class='ocrx_word' id='word_1_269' title='bbox 2137 1593 2210 1652; x_wconf 87' lang='lat' dir='ltr'><strong>fiant</strong></span> <span class='ocrx_word' id='word_1_270' title='bbox 2228 1593 2313 1654; x_wconf 84' lang='lat' dir='ltr'><strong>nobis</strong></span> <span class='ocrx_word' id='word_1_271' title='bbox 2339 1609 2374 1652; x_wconf 84' lang='lat' dir='ltr'><strong>ex</strong></span> <span class='ocrx_word' id='word_1_272' title='bbox 2400 1593 2451 1652; x_wconf 89' lang='lat' dir='ltr'><strong>tua</strong></span> 
     </span>
     <span class='ocr_line' id='line_1_33' title="bbox 1489 1685 1620 1766; baseline 0 -18"><span class='ocrx_word' id='word_1_273' title='bbox 1489 1685 1620 1766; x_wconf 80' lang='lat' dir='ltr'><strong>gratia⁵.</strong></span> 
     </span>
    </p>
   </div>
   <div class='ocr_carea' id='block_1_10' title="bbox 1486 2009 2450 2652">
    <p class='ocr_par' dir='ltr' id='par_1_11' title="bbox 1488 2009 2450 2148">
     <span class='ocr_line' id='line_1_34' title="bbox 1488 2009 2450 2082; baseline 0.001 -17"><span class='ocrx_word' id='word_1_274' title='bbox 1488 2013 1548 2066; x_wconf 84' lang='lat' dir='ltr'><strong>line.</strong></span> <span class='ocrx_word' id='word_1_275' title='bbox 1561 2039 1597 2052; x_wconf 90' lang='lat'>—</span> <span class='ocrx_word' id='word_1_276' title='bbox 1611 2011 1657 2064; x_wconf 88' lang='lat' dir='ltr'><strong>Ed.</strong></span> <span class='ocrx_word' id='word_1_277' title='bbox 1679 2013 1703 2064; x_wconf 95' lang='grc'><strong>1.</strong></span> <span class='ocrx_word' id='word_1_278' title='bbox 1720 2009 1803 2064; x_wconf 84' lang='lat' dir='ltr'><strong>verba</strong></span> <span class='ocrx_word' id='word_1_279' title='bbox 1823 2013 1974 2078; x_wconf 80' lang='lat' dir='ltr'><strong>Hieronymi</strong></span> <span class='ocrx_word' id='word_1_280' title='bbox 1988 2019 2094 2080; x_wconf 81' lang='lat' dir='ltr'><strong>atquae</strong></span> <span class='ocrx_word' id='word_1_281' title='bbox 2107 2015 2202 2068; x_wconf 87' lang='lat' dir='ltr'><strong>deiude</strong></span> <span class='ocrx_word' id='word_1_282' title='bbox 2215 2017 2364 2082; x_wconf 87' lang='lat' dir='ltr'><strong>sequuntur</strong></span> <span class='ocrx_word' id='word_1_283' title='bbox 2378 2013 2450 2066; x_wconf 91' lang='lat' dir='ltr'><strong>omit·</strong></span> 
     </span>
     <span class='ocr_line' id='line_1_35' title="bbox 1488 2081 2197 2148; baseline 0 -10"><span class='ocrx_word' id='word_1_284' title='bbox 1488 2085 1525 2138; x_wconf 89' lang='lat' dir='ltr'><strong>tit.</strong></span> <span class='ocrx_word' id='word_1_285' title='bbox 1544 2081 1610 2138; x_wconf 90' lang='lat' dir='ltr'><strong>Cud.</strong></span> <span class='ocrx_word' id='word_1_286' title='bbox 1632 2081 1652 2134; x_wconf 87' lang='grc' dir='ltr'>Α</span> <span class='ocrx_word' id='word_1_287' title='bbox 1670 2081 1754 2134; x_wconf 83' lang='lat' dir='ltr'><strong>verba</strong></span> <span class='ocrx_word' id='word_1_288' title='bbox 1772 2081 1879 2136; x_wconf 84' lang='lat' dir='ltr'><strong>Hieron.</strong></span> <span class='ocrx_word' id='word_1_289' title='bbox 1897 2085 2044 2148; x_wconf 87' lang='lat' dir='ltr'><strong>transponit</strong></span> <span class='ocrx_word' id='word_1_290' title='bbox 2064 2087 2089 2138; x_wconf 91' lang='lat' dir='ltr'><strong>in</strong></span> <span class='ocrx_word' id='word_1_291' title='bbox 2108 2087 2197 2138; x_wconf 85' lang='lat' dir='ltr'><strong>linem.</strong></span> 
     </span>
    </p>

    <p class='ocr_par' dir='ltr' id='par_1_12' title="bbox 1487 2151 2448 2350">
     <span class='ocr_line' id='line_1_36' title="bbox 1560 2151 2448 2222; baseline -0.002 -16"><span class='ocrx_word' id='word_1_292' title='bbox 1560 2153 1667 2206; x_wconf 72' lang='lat' dir='ltr'><strong>⁴Vers.</strong></span> <span class='ocrx_word' id='word_1_293' title='bbox 1688 2151 1728 2204; x_wconf 86' lang='lat' dir='ltr'><strong>tt.</strong></span> <span class='ocrx_word' id='word_1_294' title='bbox 1755 2181 1788 2190; x_wconf 81' lang='lat'><strong>—-</strong></span> <span class='ocrx_word' id='word_1_295' title='bbox 1817 2153 1941 2220; x_wconf 83' lang='lat' dir='ltr'><strong>Sequitur</strong></span> <span class='ocrx_word' id='word_1_296' title='bbox 1964 2157 2032 2206; x_wconf 90' lang='lat' dir='ltr'><strong>tuan.</strong></span> <span class='ocrx_word' id='word_1_297' title='bbox 2062 2157 2087 2222; x_wconf 89' lang='grc'><strong>1,</strong></span> <span class='ocrx_word' id='word_1_298' title='bbox 2115 2157 2157 2208; x_wconf 82' lang='lat' dir='ltr'><strong>st.</strong></span> <span class='ocrx_word' id='word_1_299' title='bbox 2179 2183 2212 2194; x_wconf 91' lang='lat'>—</span> <span class='ocrx_word' id='word_1_300' title='bbox 2239 2153 2346 2210; x_wconf 69' lang='lat' dir='ltr'><strong>Codri</strong></span> <span class='ocrx_word' id='word_1_301' title='bbox 2374 2153 2448 2220; x_wconf 75' lang='lat' dir='ltr'><strong>legit:</strong></span> 
     </span>
     <span class='ocr_line' id='line_1_37' title="bbox 1487 2223 2448 2292; baseline -0.004 -12"><span class='ocrx_word' id='word_1_302' title='bbox 1487 2225 1575 2280; x_wconf 85' lang='lat' dir='ltr'><strong>Amen</strong></span> <span class='ocrx_word' id='word_1_303' title='bbox 1592 2223 1741 2292; x_wconf 85' lang='lat' dir='ltr'><strong>utipuundo</strong></span> <span class='ocrx_word' id='word_1_304' title='bbox 1761 2225 1866 2278; x_wconf 88' lang='lat' dir='ltr'><strong>tenetur</strong></span> <span class='ocrx_word' id='word_1_305' title='bbox 1884 2223 2083 2280; x_wconf 81' lang='lat' dir='ltr'><strong>nominaliter...</strong></span> <span class='ocrx_word' id='word_1_306' title='bbox 2096 2225 2214 2280; x_wconf 85' lang='lat' dir='ltr'><strong>secundo</strong></span> <span class='ocrx_word' id='word_1_307' title='bbox 2229 2223 2448 2282; x_wconf 81' lang='lat' dir='ltr'><strong>adverbiuttter...</strong></span> 
     </span>
     <span class='ocr_line' id='line_1_38' title="bbox 1487 2293 1796 2350; baseline -0.01 -1"><span class='ocrx_word' id='word_1_308' title='bbox 1487 2295 1567 2350; x_wconf 81' lang='lat' dir='ltr'><strong>terito</strong></span> <span class='ocrx_word' id='word_1_309' title='bbox 1584 2293 1728 2348; x_wconf 80' lang='lat' dir='ltr'><strong>verbaliter</strong></span> <span class='ocrx_word' id='word_1_310' title='bbox 1748 2297 1796 2348; x_wconf 86' lang='lat' dir='ltr'><strong>ete.</strong></span> 
     </span>
    </p>

    <p class='ocr_par' dir='ltr' id='par_1_13' title="bbox 1486 2363 2448 2652">
     <span class='ocr_line' id='line_1_39' title="bbox 1559 2363 2448 2432; baseline -0.001 -15"><span class='ocrx_word' id='word_1_311' title='bbox 1559 2363 1680 2418; x_wconf 81' lang='lat' dir='ltr'><strong>⁵Glossa</strong></span> <span class='ocrx_word' id='word_1_312' title='bbox 1699 2363 1841 2420; x_wconf 81' lang='lat' dir='ltr'><strong>ordinario</strong></span> <span class='ocrx_word' id='word_1_313' title='bbox 1862 2367 1902 2432; x_wconf 85' lang='lat' dir='ltr'><strong>(ex</strong></span> <span class='ocrx_word' id='word_1_314' title='bbox 1920 2363 2002 2432; x_wconf 87' lang='lat' dir='ltr'><strong>Beda)</strong></span> <span class='ocrx_word' id='word_1_315' title='bbox 2021 2365 2049 2416; x_wconf 90' lang='lat' dir='ltr'><strong>iu</strong></span> <span class='ocrx_word' id='word_1_316' title='bbox 2067 2365 2154 2420; x_wconf 83' lang='lat' dir='ltr'><strong>blatto.</strong></span> <span class='ocrx_word' id='word_1_317' title='bbox 2176 2369 2205 2430; x_wconf 88' lang='grc'><strong>6,</strong></span> <span class='ocrx_word' id='word_1_318' title='bbox 2226 2369 2258 2418; x_wconf 66' lang='grc'><strong>91</strong></span> <span class='ocrx_word' id='word_1_319' title='bbox 2270 2365 2358 2420; x_wconf 82' lang='lat' dir='ltr'><strong>Arcem</strong></span> <span class='ocrx_word' id='word_1_320' title='bbox 2372 2365 2448 2430; x_wconf 85' lang='lat' dir='ltr'><strong>sigui·</strong></span> 
     </span>
     <span class='ocr_line' id='line_1_40' title="bbox 1486 2435 2447 2502; baseline -0.004 -12"><span class='ocrx_word' id='word_1_321' title='bbox 1486 2439 1547 2490; x_wconf 85' lang='lat' dir='ltr'><strong>licat</strong></span> <span class='ocrx_word' id='word_1_322' title='bbox 1567 2437 1590 2488; x_wconf 90' lang='lat' dir='ltr'><strong>in</strong></span> <span class='ocrx_word' id='word_1_323' title='bbox 1610 2435 1735 2490; x_wconf 89' lang='lat' dir='ltr'><strong>omnibus</strong></span> <span class='ocrx_word' id='word_1_324' title='bbox 1754 2437 1794 2488; x_wconf 91' lang='lat' dir='ltr'><strong>bis</strong></span> <span class='ocrx_word' id='word_1_325' title='bbox 1814 2435 1993 2502; x_wconf 80' lang='lat' dir='ltr'><strong>pautioribus,</strong></span> <span class='ocrx_word' id='word_1_326' title='bbox 2012 2435 2190 2490; x_wconf 88' lang='lat' dir='ltr'><strong>indubitanter</strong></span> <span class='ocrx_word' id='word_1_327' title='bbox 2209 2439 2349 2490; x_wconf 89' lang='lat' dir='ltr'><strong>aDomiuo</strong></span> <span class='ocrx_word' id='word_1_328' title='bbox 2369 2435 2447 2488; x_wconf 90' lang='lat' dir='ltr'><strong>tribui</strong></span> 
     </span>
     <span class='ocr_line' id='line_1_41' title="bbox 1487 2507 2448 2576; baseline -0.002 -16"><span class='ocrx_word' id='word_1_329' title='bbox 1487 2507 1561 2576; x_wconf 83' lang='lat' dir='ltr'><strong>quod</strong></span> <span class='ocrx_word' id='word_1_330' title='bbox 1580 2507 1692 2572; x_wconf 85' lang='lat' dir='ltr'><strong>petitur,</strong></span> <span class='ocrx_word' id='word_1_331' title='bbox 1709 2507 1731 2560; x_wconf 92' lang='lat' dir='ltr'><strong>si</strong></span> <span class='ocrx_word' id='word_1_332' title='bbox 1752 2507 1857 2558; x_wconf 88' lang='lat' dir='ltr'><strong>ultimae</strong></span> <span class='ocrx_word' id='word_1_333' title='bbox 1877 2507 2032 2560; x_wconf 86' lang='lat' dir='ltr'><strong>conditionis</strong></span> <span class='ocrx_word' id='word_1_334' title='bbox 2053 2513 2157 2574; x_wconf 82' lang='lat' dir='ltr'><strong>paetum</strong></span> <span class='ocrx_word' id='word_1_335' title='bbox 2172 2521 2277 2562; x_wconf 72' lang='lat' dir='ltr'><strong>seruare</strong></span> <span class='ocrx_word' id='word_1_336' title='bbox 2297 2521 2350 2560; x_wconf 89' lang='lat' dir='ltr'><strong>nou</strong></span> <span class='ocrx_word' id='word_1_337' title='bbox 2370 2507 2448 2572; x_wconf 77' lang='lat' dir='ltr'><strong>negti·</strong></span> 
     </span>
     <span class='ocr_line' id='line_1_42' title="bbox 1487 2577 2094 2652; baseline 0.003 -22"><span class='ocrx_word' id='word_1_338' title='bbox 1487 2581 1588 2646; x_wconf 86' lang='lat' dir='ltr'><strong>gimus;</strong></span> <span class='ocrx_word' id='word_1_339' title='bbox 1609 2579 1680 2632; x_wconf 80' lang='lat' dir='ltr'><strong>trude</strong></span> <span class='ocrx_word' id='word_1_340' title='bbox 1697 2577 1803 2652; x_wconf 86' lang='lat' dir='ltr'><strong>subdit:</strong></span> <span class='ocrx_word' id='word_1_341' title='bbox 1822 2577 1854 2634; x_wconf 88' lang='lat' dir='ltr'><strong>Si</strong></span> <span class='ocrx_word' id='word_1_342' title='bbox 1872 2577 2025 2634; x_wconf 79' lang='lat' dir='ltr'><strong>diunicert&#39;tis</strong></span> <span class='ocrx_word' id='word_1_343' title='bbox 2047 2585 2094 2632; x_wconf 88' lang='lat' dir='ltr'><strong>etc.</strong></span> 
     </span>
    </p>
   </div>
   <div class='ocr_carea' id='block_1_11' title="bbox 0 0 3008 8342">
    <p class='ocr_par' dir='ltr' id='par_1_14' title="bbox 0 0 3008 8342">
     <span class='ocr_line' id='line_1_43' title="bbox 0 0 3008 8342; baseline 0 6"><span class='ocrx_word' id='word_1_344' title='bbox 0 0 3008 8342; x_wconf 95' lang='lat' dir='ltr'><strong> </strong></span> 
     </span>
    </p>
   </div>
  </div>
 </body>
</html>
