5900 8266
494 583 555 646 178

579 751 633 814 te.
660 751 763 828 (Vers
788 751 867 830 36..)
898 747 1042 814 Secundo
1074 763 1148 812 vero
1185 745 1330 814 subditur
1367 763 1449 812 com-

335 871 396 922 uem,
409 873 475 934 asso
491 853 646 922 mendatio
662 853 839 918 abstineut
816 859 880 918 3333
895 851 1016 918 loannis
1032 857 1181 934 respectu
1199 847 1448 928 delectabilium

333 933 376 966 ”⁰¹¹
377 925 406 968 ‘¹³
420 935 474 968 ⁰¹³⁵
491 955 726 1042 propterquod
752 955 839 1022 dicit:
867 957 930 1024 Sed
951 955 1032 1042 quid
1056 955 1139 1022 33333
1139 955 1170 1020 33
1128 953 1325 1022 uvidae?
1348 953 1450 1022 331331

491 1061 707 1128 considerare:
740 1063 911 1128 Hominem
943 1061 1095 1128 moltibus
1127 1061 1325 1128 uestimentis
1357 1061 1449 1128 33333-

491 1165 609 1232 tum1?
623 1165 824 1250 quasidicat:
839 1185 918 1244 non;
937 1169 1065 1234 loannes
1079 1167 1162 1232 enim
1181 1167 1395 1234 sanctissimus
1410 1159 1449 1234 ab

490 1271 575 1336 omni
599 1271 728 1336 mollitie
753 1273 944 1338 carnalitatis
965 1279 1033 1336 erat
1058 1271 1194 1352 alienus,
1218 1271 1302 1338 siout
1333 1271 1449 1340 dicitur

491 1377 636 1444 Matthaei
652 1377 763 1444 tertio:
780 1403 797 1436 ι(
812 1377 946 1444 ilabebat
960 1384 1067 1445 autem
1082 1377 1212 1444 loannes
1229 1379 1449 1444 vestimentum

490 1481 528 1548 de
545 1483 616 1566 pilis
632 1481 841 1560 camelorum,
860 1499 932 1548 esca
947 1487 1052 1548 antem
1075 1481 1143 1548 eius
1161 1489 1252 1550 erant
1266 1482 1405 1549 locustae
1419 1509 1447 1548 3.

491 1585 543 1654 Hie
575 1607 648 1656 vere
680 1595 748 1656 erat
776 1588 817 1656 de
845 1607 980 1656 numero
1011 1589 1153 1656 virorum
1179 1589 1449 1674 evangelicorum,

491 1695 521 1760 in
545 1713 684 1780 quorum
701 1711 835 1782 persona
850 1693 970 1780 primae
995 1693 1031 1760 ad
1057 1693 1256 1762 Timotheum
1271 1695 1387 1762 sexto2
1403 1695 1449 1762 di-

491 1801 590 1870 oitur:
623 1801 807 1868 «hahentes
828 1801 975 1866 alimenta
999 1807 1029 1868 et
1058 1801 1176 1886 quibus
1205 1805 1370 1884 tegamur,
1400 1801 1449 1866 his

491 1905 628 1972 contenti
651 1905 752 1972 simus
766 1929 797 1984 »3
823 1905 944 1994 ortibus
959 1915 1115 1992 tegamur
1130 1905 1218 1982 dicit,
1237 1923 1317 1972 non:
1332 1905 1449 1990 quibus

490 2029 651 2078 ornemur.
678 2011 854 2078 bernardus
878 2011 916 2076 ad
941 2011 1133 2096 Eugenium:
1162 2035 1179 2068 3
1194 2011 1329 2094 Apostoli
1355 2009 1449 2078 lortes

490 2119 621 2186 luermrt
643 2119 675 2184 in
699 2119 797 2198 bello,
822 2137 884 2184 non
906 2119 1016 2186 molles
1040 2119 1071 2182 in
1094 2119 1212 2196 serico;
1239 2117 1349 2202 quodsi
1367 2117 1449 2184 lilius

491 2245 524 2294 es
547 2225 764 2312 Apostolorum
787 2233 820 2292 et
835 2227 1081 2310 Prophetarum,
1100 2235 1131 2292 et
1146 2233 1183 2292 tu
1199 2225 1247 2292 fac
1262 2224 1406 2292 similiter
1419 2253 1448 2290 ».

485 2333 550 2400 Sed
574 2333 629 2420 qui
652 2335 711 2400 hoc
736 2333 806 2400 vult
827 2333 945 2414 facere,
968 2339 1091 2418 oportet
1118 2333 1200 2419 quod
1217 2333 1340 2398 deserat
1358 2349 1449 2398 mun·

491 2439 567 2506 dum
590 2445 622 2506 et
644 2455 715 2504 oum
751 2439 861 2504 loaone
884 2443 977 2506 exeat
1002 2439 1029 2504 in
1056 2439 1227 2506 desertum.
1252 2475 1297 2486 —-
1322 2437 1450 2522 Propter

416 2595 419 2602 .
491 2545 575 2632 qnod
587 2545 746 2632 adiungit:
762 2545 849 2622 13333,
869 2545 928 2632 qut
943 2545 977 2610 iu
996 2551 1076 2612 33313
1083 2545 1236 2628 pretioso
1250 2551 1329 2610 suut
1344 2551 1374 2608 et
1388 2543 1449 2608 iui

493 2651 618 2718 (13133313
648 2651 685 2716 iu
715 2651 870 2716 domibus
896 2671 1014 2736 regum
1037 2659 1136 2728 suut·
1159 2651 1250 2734 quasi
1273 2651 1450 2716 311333333-

492 2757 547 2826 stis
572 2757 707 2842 pretiosa
730 2759 847 2825 333313
872 2757 1015 2824 deliciosa
1038 2765 1114 2824 sunt
1136 2755 1302 2824 hominum
1317 2755 1449 2822 munda-

492 2883 622 2944 norum,
650 2883 711 2930 non
736 2865 879 2930 virorum
902 2863 1115 2948 spiritualium
1138 2871 1169 2930 et
1193 2863 1447 2936 christianorum.

491 2971 578 3040 Unde
608 2971 727 3056 primae
760 2971 839 3038 Petri
871 2971 988 3038 tertio⁴
1022 2971 1138 3038 dicitur
1173 2971 1211 3038 de
1244 2971 1448 3038 mulieribus:

498 3105 513 3136 3
530 3079 669 3162 erarum
697 3097 757 3144 non
785 3079 826 3144 sit
856 3079 1057 3146 extrinsecus
1090 3079 1275 3162 capillatura
1308 3085 1364 3144 aut
1387 3079 1447 3144 cir-

491 3173 649 3254 cumdatio
671 3187 742 3250 auri
773 3193 805 3252 et
827 3185 948 3272 argenti
972 3193 1027 3252 3333
1053 3183 1224 3252 indumenti
1254 3185 1449 3252 vestimento

493 3313 564 3358 rum
589 3293 737 3358 cultus».
763 3293 864 3376 Super
894 3309 957 3376 quo
990 3291 1177 3376 Gregorius:
1206 3291 1448 3376 «Nemoputet

491 3399 522 3466 in
547 3399 636 3466 cultu
657 3397 869 3482 pretiosarum
894 3397 1026 3466 vestium
1052 3399 1157 3466 deesse
1181 3405 1356 3484 peccatum.
1374 3399 1448 3466 Pen-

491 3513 574 3584 sate,
597 3521 680 3588 quae
706 3505 798 3588 culpa
830 3503 870 3572 sit
901 3505 960 3572 hoc
995 3505 1086 3572 etiam
1123 3505 1206 3572 viros
1242 3511 1448 3590 appetere,a

491 3631 555 3700 quo
578 3613 701 3678 curavit
736 3619 840 3696 pastor
873 3611 1024 3680 Ecclesiae
1054 3611 1145 3678 etiam
1180 3613 1310 3680 seminas
1340 3613 1448 3696 prohi

491 3719 567 3786 bere
581 3745 612 3782 3.
638 3717 819 3784 Huiusmodi
842 3737 979 3804 namque
1004 3721 1190 3784 vestimenta
1211 3719 1350 3802 pretiosa
1374 3727 1448 3786 sunt

491 3823 629 3892 carnalia
661 3829 693 3888 et
725 3823 888 3904 deliciosa,
913 3823 944 3890 in
967 3823 1086 3892 deliciis
1122 3831 1227 3892 autem
1251 3825 1448 3910 periclitatur

492 3929 663 4020 spiritualis
680 3931 760 4010 vita;
780 3929 866 3996 uode
887 3931 1007 4018 primae
1029 3931 1070 3996 ad
1084 3921 1283 4000 Timotheum
1301 3931 1447 4018 quinto⁵z

498 4035 646 4114 «Vidua,
671 4035 807 4120 quaein
837 4033 955 4104 deliciis
979 4045 1044 4114 est,
1070 4037 1178 4104 vivens
1200 4045 1325 4104 mortua
1353 4045 1399 4104 est
1416 4063 1447 4118 »3

485 4141 639 4210 ieremias
668 4141 828 4226 trigesimo
860 4143 980 4228 primo:
1011 4171 1024 4202 a
1041 4145 1209 4228 Usquequo
1246 4143 1364 4210 deliciis
1386 4143 1448 4210 dis-

491 4249 637 4336 solveris,
652 4249 715 4314 lilia
730 4267 810 4334 vaga
825 4255 860 4314 »1
884 4249 1066 4318 Huiusmodi
1088 4257 1194 4316 autem
1211 4257 1314 4318 vestes
1332 4249 1449 4336 pretio-

491 4375 541 4424 sae
566 4363 595 4424 et
619 4355 780 4423 deliciosae
806 4365 1038 4424 consueverunt
1062 4375 1129 4426 esse
1148 4375 1249 4426 vanae
1263 4357 1381 4444 gloriae
1397 4375 1448 4424 oo-

490 4465 589 4544 casim
614 4469 645 4530 et
668 4461 737 4530 ideo
761 4463 862 4530 addit:
889 4465 929 4532 iu
959 4465 1113 4532 3133331333
1148 4483 1263 4552 regum
1289 4473 1368 4530 33331
1376 4489 1386 4542 ;
1410 4465 1449 4532 313

348 4659 349 4666 ¹
491 4589 554 4656 quo
580 4569 780 4638 Ecclesiastiei
807 4571 972 4636 undecimo
986 4573 1017 4636 6:
1048 4597 1063 4630 «
1079 4571 1112 4636 ln
1136 4571 1252 4638 vestitu
1273 4591 1314 4638 ne
1336 4571 1449 4656 glorie-

341 4667 349 4740 l
491 4675 534 4782 ris
557 4693 714 4762 rrrrquam,
740 4693 795 4742 nec
822 4675 849 4740 in
877 4675 925 4742 die
951 4679 1078 4744 honoris
1103 4677 1147 4744 tui
1173 4677 1383 4744 extollaris».

580 4785 632 4848 to.
656 4783 757 4864 (Vers.
785 4783 864 4862 26..)
890 4783 953 4850 Sed
975 4781 1449 4872 3333333333333333133311133

333 4903 366 4998 iii
374 4903 477 5000 3003qu
490 4907 584 4984 quam
608 4889 837 4956 commendavit
874 4891 1014 4956 Salvator
1050 4889 1195 4956 loannem
1227 4897 1381 4974 quantum
1409 4891 1448 4956 331

347 5007 458 5106 equinae
490 4997 639 5062 meritum
662 4997 759 5074 vitae,
782 4993 834 5060 hic
858 4993 1055 5062 commendat
1022 5001 1231 5080 alquantum
1220 4995 1286 5062 3331
1304 4993 1390 5082 offici
1378 5015 1448 5062 rum

490 5105 583 5170 doctr
551 5103 680 5182 33,333
704 5109 734 5168 33
759 5107 843 5168 recto
876 5101 1003 5182 ordine,
1033 5101 1109 5188 quia
1139 5103 1227 5188 prior
1258 5101 1350 5170 debet
1381 5119 1448 5170 esse

1083 567 1276 636 3333333333.
1304 569 1338 634 m
1363 565 1601 634 avarorumu
1624 563 1742 632 coola
1765 561 1798 628 o.
1822 562 1882 630 vu.

1513 741 1586 810 lieet
1618 751 1772 828 quantum
1798 739 1835 808 331
1861 739 2025 828 limpidato
2030 751 2091 808 33333
2121 738 2158 808 iu
2187 737 2411 828 cognoscendo
2440 749 2473 808 et

1513 857 1669 935 quantum
1703 849 1743 916 ad
1776 857 1857 916 uuct
1858 849 1958 916 333331
1959 869 2050 916 erue
2039 849 2072 916 33
2103 847 2262 928 docendo,
2296 865 2376 932 quae
2409 847 2473 916 duo

1512 955 1687 1042 perfectum
1712 955 1850 1024 reddunt
1871 955 2008 1024 3133133333
2032 955 2180 1024 officium.

1605 1062 1705 1129 Primo
1730 1081 1806 1148 ergo
1828 1071 1927 1150 quant
1930 1081 1983 1128 um
1999 1063 2076 1128 adlr
2065 1061 2186 1150 33333333
2173 1069 2312 1128 artuum
2302 1061 2339 1128 33
2354 1081 2471 1148 cogno·
2489 1075 2625 1120 commenda

1511 1151 1631 1236 33333313
1653 1169 1796 1236 divinum
1818 1171 2004 1254 mysterium
2029 1169 2164 1236 dicitur:
2180 1169 2329 1256 Sedqurt
2281 1169 2471 1236 3333333333
2480 1127 2634 1234 “iiiiii-²⁸

1513 1273 1646 1342 33333333
1685 1273 1908 1360 Prophetum?
1931 1275 1981 1342 cui
2016 1273 2132 1342 scilicet
2169 1273 2319 1342 Dominus
2351 1275 2470 1342 revelet
2520 1233 2607 1278 ⁸⁰⁹¹¹d⁰

1512 1381 1638 1460 lutura,
1664 1379 1836 1448 secundum
1862 1381 1938 1450 illud
1961 1385 2052 1450 hmos
2074 1381 2211 1450 tertiol:
2234 1381 2370 1466 «Neque
2387 1381 2472 1450 enim

1512 1487 1585 1558 facit
1610 1489 1761 1554 Dominus
1794 1489 1877 1556 Deus
1913 1489 2062 1570 verbum,
2087 1487 2145 1556 nisi
2171 1489 2259 1574 prius
2285 1489 2472 1558 revelaverit

1514 1601 1671 1662 secretum
1703 1613 1800 1662 suum
1833 1596 1874 1661 ad
1908 1613 2015 1662 servos
2047 1615 2119 1662 suos
2153 1597 2328 1680 Prophetas
2340 1621 2368 1660 ».
2394 1595 2472 1664 Huic

1513 1705 1619 1768 autem
1653 1719 1716 1768 non
1751 1701 1853 1768 solum
1887 1699 1996 1768 futura
2027 1699 2200 1788 praedixit,
2224 1699 2279 1768 sed
2307 1699 2400 1768 etiam
2436 1717 2472 1770 se

1513 1807 1761 1890 praesentialiter
1786 1805 1937 1884 ostendit;
1961 1815 1993 1872 et
2016 1807 2084 1872 ideo
2109 1807 2210 1872 addit:
2241 1805 2372 1888 Utique,
2398 1805 2471 1874 dieo

1513 1909 1623 1990 333133,
1634 1919 1665 1978 33
1676 1909 1755 1996 phu
1766 1929 1869 1998 qurum
1885 1909 2099 1998 Prophetum.
2113 1913 2233 1996 Deque
2247 1909 2429 1978 Ambrosius
2440 1909 2469 1978 8:

1519 2043 1536 2078 «
1552 2019 1630 2104 Quia
1653 2019 1744 2086 multi
1767 2017 1937 2104 cupierunt
1959 2037 2032 2086 enm
2056 2017 2179 2098 videre,
2204 2035 2298 2104 quem
2323 2017 2380 2086 iste
2398 2035 2472 2102 pro-

1513 2125 1671 2210 phetavit,
1688 2143 1782 2210 quem
1800 2125 1858 2190 iste
1873 2125 2055 2208 conspexit,
2071 2143 2166 2212 quem
2182 2125 2241 2192 iste
2256 2125 2469 2208 6333133331»;

1513 2229 1601 2308 ideo,
1624 2231 1814 2296 ostendendo
1841 2229 2002 2296 Christum
2018 2227 2122 2314 ¹digito
2145 2239 2177 2296 et
2200 2229 2333 2296 videndo
2360 2229 2469 2310 oculo,

1513 2335 1581 2402 aliis
1607 2335 1768 2422 Prophetis
1793 2335 1853 2402 fuit
1874 2335 2078 2404 excellentior
2096 2341 2126 2404 et
2141 2335 2271 2416 beatior,
2297 2335 2471 2404 secundum

1513 2442 1590 2508 illud
1614 2443 1695 2508 inira
1718 2443 1838 2510 decimo
1852 2443 1881 2506 ⁹:
1912 2441 2025 2510 «Beati
2051 2443 2150 2520 oculi,
2174 2443 2228 2528 qui
2258 2441 2364 2508 vident
2387 2459 2470 2526 quae

1513 2567 1569 2616 vos
1592 2549 1712 2616 videtis.
1739 2549 1813 2616 Dico
1835 2547 1921 2614 enim
1944 2545 2049 2626 vobis,
2072 2549 2158 2632 quod
2181 2549 2271 2614 multi
2298 2549 2470 2634 Prophetae

1513 2661 1546 2720 et
1568 2671 1658 2740 reges
1682 2657 1852 2722 voluerunt
1874 2653 1982 2722 videre
2011 2671 2094 2740 qaae
2117 2653 2323 2732 3333363333,
2349 2659 2378 2722 et
2408 2671 2469 2722 non

1512 2759 1662 2828 viderunt
1677 2787 1706 2824 ».
1734 2761 1769 2836 Et
1793 2761 1877 2838 ideo,
1901 2761 1977 2844 quia
1999 2759 2205 2826 excellentius
2228 2761 2289 2826 luit
2309 2761 2378 2826 eius
2402 2759 2470 2826 olli-

1512 2865 1598 2932 cium
1622 2885 1715 2950 quam
1742 2867 1987 2950 Prophetarum,
2011 2865 2079 2932 ideo
2105 2865 2249 2950 Baptista,
2268 2867 2388 2932 13333333
2405 2867 2470 2950 pri-

1514 2971 1615 3050 mo¹⁰,
1638 2970 1813 3038 Pharisaeis
1835 2971 2080 3056 quaerentibus:
2111 2971 2297 3056 «Propheta
2319 2989 2354 3038 es
2375 2977 2430 3036 1333
2448 3001 2471 3048 3

1514 3077 1694 3162 respondet:
1716 3103 1733 3136 «
1746 3079 1809 3142 Non
1827 3095 1908 3156 sum,
1927 3079 1980 3144 sed
1995 3097 2058 3144 vox
2074 3079 2237 3144 clamantis
2251 3079 2284 3142 in
2300 3079 2424 3146 deserto
2437 3105 2468 3148 a,

1512 3183 1572 3252 Nec
1596 3191 1643 3250 est
1667 3183 1770 3271 aliqua
1806 3183 2026 3262 contradictio,
2052 3183 2106 3250 sed
2139 3185 2358 3266 consonantia,
2395 3185 2470 3268 quia

1509 3289 1673 3378 propheta
1695 3289 1847 3374 praedicit
1877 3289 1986 3358 lutura
2007 3297 2041 3358 et
2062 3291 2220 3370 absentia,
2249 3291 2305 3358 sed
2327 3311 2391 3358 33333
2416 3287 2470 3377 pa-

1513 3397 1618 3464 telarit
1640 3401 1788 3480 praesent
1791 3397 1825 3460 ia

1604 3505 1653 3568 iil
1681 3499 1780 3586 (Veis
1807 3497 1882 3576 37..)
1909 3503 2051 3568 Secrrndo
2073 3521 2149 3568 vero
2162 3511 2325 3586 quantum
2345 3503 2381 3570 ad
2408 3521 2470 3568 uu
2488 3515 2631 3612 311333833ὲὲ-

1512 3611 1631 3676 3333333
1633 3619 1694 3676 tem
1718 3609 1754 3676 t'u
1777 3609 1921 3676 3133333313
1942 3627 1999 3694 per
2023 3609 2166 3676 diuinum
2188 3609 2370 3676 rnandatum
2393 3607 2470 3676 diei·
2496 3619 2571 3666 33313

1512 3721 1583 3782 tur:
1610 3715 1671 3782 1133
1693 3725 1757 3796 333,
1730 3717 1897 3784 tutte
1856 3715 2045 3804 quiescrp
2009 3723 2116 3800 33333333
2138 3725 2203 3794 333,
2237 3715 2354 3784 seilicet
2376 3717 2470 3782 11313-

1512 3823 1836 3902 chtaetttert01¹,utt
1856 3823 1953 3908 loquit
1956 3841 1997 3890 ur
2019 3823 2111 3890 Pater
2128 3823 2168 3888 ad
2189 3823 2319 3890 Filium:
2351 3849 2364 3880 3
2381 3823 2470 3906 Ecce,

1511 3947 1569 4016 ego
1585 3929 1675 3994 mitto
1696 3931 1843 4014 angelum
1870 3945 1974 3994 meum
1988 3955 2017 4008 3,
2043 3929 2072 3996 331
2098 3934 2144 3996 331
2168 3929 2313 3994 nuntium
2336 3931 2471 3996 authen·

1512 4039 1628 4116 ticum,
1653 4035 1816 4114 loannem,
1841 4035 1895 4122 qui
1928 4037 2064 4122 augelus
2087 4035 2203 4104 dicitur
2236 4055 2298 4102 non
2321 4037 2470 4120 simplici-

1511 4149 1575 4210 tate
1607 4151 1755 4222 naturae,
1785 4143 1836 4210 sed
1869 4143 2055 4210 auctoritate
2084 4143 2260 4222 doctrinae,
2295 4143 2469 4214 secundum

1512 4249 1589 4316 illud
1624 4251 1792 4318 llalachiae
1822 4251 1979 4318 secundo:
2007 4277 2023 4310 «
2041 4251 2131 4318 labia
2165 4249 2332 4318 sacerdotis
2367 4257 2469 4318 custo-

1511 4357 1597 4426 dient
1631 4357 1812 4438 scientiam,
1845 4363 1876 4426 et
1907 4359 2005 4444 legem
2032 4357 2193 4444 requirent
2217 4357 2253 4424 de
2290 4375 2345 4424 ore
2378 4357 2466 4438 eim,

1512 4465 1586 4552 quia
1611 4465 1740 4552 angelus
1763 4465 1884 4534 Domini
1916 4465 2115 4532 exercituum
2138 4473 2232 4532 est».
2256 4463 2326 4532 ldeo
2362 4469 2468 4534 autem

1512 4573 1628 4640 dicitur
1659 4573 1788 4638 loannes
1820 4573 1961 4638 33333333
1991 4571 2028 4636 acl
2058 4573 2184 4638 modum
2219 4573 2342 4658 hegeh,
2372 4573 2466 4658 quia,

1513 4679 1594 4744 sicut
1618 4679 1721 4764 hogeli
1751 4705 1766 4736 3
1784 4679 1888 4744 videat
1905 4679 2013 4744 faciem
2035 4679 2130 4744 Patris
2144 4681 2171 4718 ¹²
2184 4705 2198 4736 3
2222 4679 2251 4744 in
2269 4677 2407 4756 13331333,
2424 4679 2480 4750 333

1511 4783 1578 4870 ipse
1604 4783 1680 4848 vidit
1700 4783 1810 4850 faciem
1835 4783 1950 4852 Christi
1976 4791 2006 4852 et
2029 4783 2213 4852 monstravit
2240 4785 2269 4850 in
2300 4801 2403 4852 carne.
2426 4823 2469 4836 -

1512 4889 1641 4972 Propter
1667 4891 1750 4974 quod
1772 4889 1874 4956 addit:
1901 4895 1986 4954 Auta
2006 4887 2129 4976 faeiem
2154 4897 2264 4966 333333,
2291 4889 2319 4954 id
2345 4897 2390 4956 est
2415 4909 2469 4974 ap·-

1512 4994 1697 5080 paritionem
1723 4995 1752 5060 in
1778 5009 1888 5074 carne,
1912 4997 1950 5062 de
1975 5013 2038 5080 qua
2054 4997 2083 5062 io
2105 4997 2223 5062 Psalmo
2237 4995 2279 5060 13:
2302 4995 2469 5062 «Ostende

1511 5101 1602 5168 nohis
1625 5101 1734 5170 faciem
1760 5107 1866 5182 tuam,
1888 5113 1921 5170 et
1954 5103 2031 5170 salvi
2063 5103 2181 5170 erimus
2197 5129 2228 5168 3.
2252 5103 2336 5170 Hanc
2360 5101 2495 5170 taciem,
2543 5193 2545 5196 Ι

491 5209 554 5276 3113
587 5209 669 5278 bona
701 5225 794 5294 quam
827 5207 967 5274 doctrina
992 5213 1046 5274 aut
1034 5209 1132 5274 tthen
1112 5215 1182 5274 333
1205 5207 1407 5274 Commendat
1395 5215 1449 5274 tur
1511 5207 1708 5276 desiderabat
1740 5209 1831 5276 lsaias
1865 5209 1894 5276 in
1928 5227 2061 5296 persona
2097 5211 2238 5290 Patrem,
2273 5209 2470 5296 sexagesimo

490 5323 593 5382 autem
621 5317 792 5382 (1333333333
816 5311 961 5402 officium
985 5317 1016 5382 in
1041 5317 1153 5382 loanne
1179 5313 1365 5400 dupliciter,
1389 5315 1448 5380 sci·
1512 5323 1639 5400 quarto:
1671 5315 1825 5382 «Utinam
1850 5315 2049 5400 dirumperes
2070 5317 2172 5384 caelos
2195 5323 2226 5382 et
2248 5315 2469 5396 descenderem

552 5637 572 5694 ¹¹
591 5665 704 5728 Vulgata
722 5671 750 5716 et
767 5665 788 5716 H
809 5647 936 5718 3331333333
942 5683 952 5730 ,·
971 5665 1059 5716 3133113.
1080 5665 1128 5728 11,
1147 5665 1179 5718 8:
1202 5665 1344 5718 Hominem
1364 5665 1448 5718 molti·

491 5753 539 5808 bus
560 5753 702 5808 3333333333
719 5781 762 5798 -ι
774 5751 893 5806 Subinde
911 5755 1038 5818 allegatur
1059 5755 1144 5806 Matth.
1166 5755 1194 5818 3,
1215 5753 1239 5806 1.
1317 5799 1318 5802 ,
1408 5833 1409 5836 ¹

561 5839 573 5872 ²
590 5843 666 5896 Vers.
686 5845 710 5896 8.
728 5873 763 5882 -
782 5843 912 5894 Sententia
933 5843 1058 5894 Bernardi
1075 5841 1187 5896 babetur
1199 5845 1228 5896 11.
1242 5843 1274 5896 de
1288 5843 1449 5896 Considerat.

1582 5663 1593 5694 ⁵
1614 5667 1688 5720 Vers.
1707 5665 1733 5720 6.
1753 5665 1812 5730 (pro
1831 5665 1861 5720 333
1879 5663 1980 5720 delictis·
1997 5671 2039 5720 333
2055 5665 2131 5718 333131.
2152 5665 2180 5718 33
2192 5663 2294 5718 delecter
2311 5663 2397 5728 333331),
2412 5669 2471 5730 post

1511 5769 1592 5824 quem
1614 5757 1659 5808 ter.
1679 5757 1726 5818 31,
1748 5755 1790 5806 ii.

1582 5839 1594 5872 ⁶
1616 5845 1688 5896 Pers.
1712 5845 1737 5896 3.
1755 5869 1791 5882 -
1811 5845 1937 5910 Superius
1955 5859 2004 5908 pro
2030 5857 2115 5898 noune
2141 5841 2246 5912 gloriae
2264 5841 2369 5896 3333333
2387 5841 2469 5896 BCD

491 5947 515 5986 e.
532 5933 558 5986 6.
576 5949 601 5986 n.
633 5933 679 5984 lt:
704 5933 747 5984 Sic
774 5933 933 5998 Prophetae,
957 5931 996 5984 sie
1022 5933 1139 5998 Apostoli
1166 5929 1325 5984 lectitabant,
1361 5935 1449 5986 Fortes
1511 5931 1659 6002 3333333133
1649 5947 1737 6000 33333
1756 5933 1802 5986 oin
1820 5947 1900 6000 snpra
1921 5947 1982 6000 pag.
2002 5933 2061 5998 161,
2080 5935 2184 5986 notai.

491 6025 565 6076 tuere
583 6023 608 6074 in
628 6021 696 6076 bello
722 6019 783 6090 [clr.
802 6019 882 6074 Hebr.
901 6021 951 6086 lt,
968 6019 1035 6088 3l.],
1055 6035 1106 6074 noo
1127 6023 1216 6074 molles
1242 6021 1266 6072 in
1295 6019 1392 6076 sericis.
1424 6021 1449 6074 Si

491 6111 559 6164 tilius
578 6115 626 6162 ete.
645 6139 680 6148 -
700 6113 749 6162 Pro
768 6107 867 6178 quodsi
882 6107 956 6180 31333
974 6109 1025 6164 Cb
1044 6107 1110 6178 quio
1127 6109 1165 6174 33,
1187 6111 1206 6162 Η
1226 6123 1314 6178 quare
1330 6109 1365 6162 33.

562 6197 573 6228 ³
591 6201 704 6264 Vulgata
722 6199 819 6251 omittit
835 6197 877 6266 iu,
896 6199 968 6266 qnod
999 6205 1084 6254 tamen
1110 6199 1234 6252 exhibent
1252 6199 1328 6252 Card.
1356 6201 1418 6262 ¹Hugr
1420 6213 1449 6266 o,

490 6291 519 6340 B.
536 6289 646 6352 Albert,
663 6289 690 6340 S.
710 6289 804 6340 Thom.
829 6287 936 6358 (Calena
953 6285 1044 6354 aurea)
1065 6295 1089 6342 et
1108 6289 1236 6354 hyrenae.

563 6377 573 6406 ⁴
592 6379 668 6432 Vere.
691 6379 715 6430 3.
733 6407 769 6418 --
788 6377 876 6430 Verba
894 6377 1014 6442 Gregorii
1027 6379 1158 6432 habentur
1173 6381 1188 6430 l.
1202 6377 1297 6430 11333311.
1311 6379 1335 6430 in
1349 6379 1448 6442 evang.

490 6469 579 6520 honril.
599 6469 624 6518 6.
643 6481 666 6518 33.
689 6469 717 6532 3,
737 6465 783 6520 ubi
803 6471 862 6532 post
881 6467 968 6520 deesse
983 6469 1127 6534 peecatum
1144 6473 1229 6520 textus
1248 6469 1383 6532 originalis
1399 6467 1449 6520 du·

1583 6019 1689 6074 111333.
1706 6021 1734 6076 i.

1582 6107 1861 6166 81313331313133133.
1886 6127 1914 6166 n.
1942 6115 2001 6166 -.1011
2027 6111 2109 6166 Cocld.
2134 6071 2236 6178 legunt:
2267 6109 2364 6176 Quae...
2390 6123 2471 6180 quero

1512 6199 1561 6254 3333
1574 6199 1761 6268 prophetando
1781 6201 1951 6270 eouspeuua
1939 6199 2154 6268 eructuando.

1583 6283 1688 6344 ⁹Vers.
1708 6291 1750 6344 33
1770 6295 1797 6352 et
1815 6289 1863 6354 ‘243
1882 6293 1930 6342 333.
1941 6291 2036 6342 hlatth.
2057 6289 2103 6356 13,
2124 6291 2166 6342 to.
2186 6303 2242 6356 seq.

1583 6373 1607 6406 ¹⁰
1626 6379 1699 6430 Vers.
1721 6379 1763 6430 31.
1782 6385 1808 6430 31
1825 6379 1869 6430 23.
1889 6377 1955 6430 Vide
1975 6391 2055 6442 sopra
2072 6391 2136 6442 pag.
2157 6377 2199 6440 73,
2221 6383 2308 6430 uotam
2327 6379 2355 6432 6.

1583 6463 1605 6496 ¹¹
1625 6463 1799 6520 31333.1.-
1822 6465 1941 6520 Subinde
1959 6469 2085 6532 allegatur
2114 6467 2222 6520 llalarh.
2243 6469 2274 6530 3,
2292 6467 2322 6534 3,
2344 6471 2392 6520 cir,
2415 6467 2472 6520 llie·

397 6561 399 6566 '
489 6555 584 6618 plieem
603 6553 783 6618 probationem
803 6553 938 6620 adiungit,
956 6553 1011 6606 scil.
1027 6553 1133 6606 laudem
1146 6553 1251 6606 Domini
1263 6553 1299 6606 de
1310 6553 1449 6616 asperitate
1511 6555 2470 6622 3οιι.,11.(“.33333333331.333Μ31313.11,8.31Β33313,1133133337,

489 6643 639 6697 vestimenti
658 6643 759 6696 loannis
776 6649 803 6694 et
822 6643 1041 6708 vituperationem
1068 6643 1224 6696 laminarum
1245 6635 1359 6710 pretiosa
1377 6647 1449 6696 reste
1513 6643 1560 6696 ubi
1577 6645 1695 6712 sequitur
1713 6647 1832 6710 Gregor,
1852 6647 1869 6698 l.
1888 6645 1985 6700 Hamil.
2003 6645 2029 6696 in
2049 6647 2147 6712 bivang.
2173 6647 2259 6700 homil.
2281 6647 2305 6700 6.
2323 6661 2351 6700 n.
2370 6647 2395 6700 5.
2415 6661 2471 6714 seq.

490 6735 618 6788 nuntium
634 6733 790 6800 (3333133,
812 6733 855 6802 3.).
876 6735 925 6786 Pro
941 6733 1061 6800 33333333,
1073 6745 1143 6802 quae
1155 6731 1237 6802 cahra
1252 6731 1288 6786 rit
1306 6733 1356 6788 hoe
1369 6729 1449 6786 333333

488 6821 563 6876 uiros
581 6823 705 6890 oppetere
722 6823 768 6890 (ita
796 6827 880 6874 textus
903 6821 1048 6886 originalis)
1075 6823 1152 6874 codd.
1174 6817 1239 6892 qrriu
1266 6819 1303 6890 [H
1322 6823 1346 6874 et
1366 6819 1447 6892 idem]

489 6907 546 6962 3333
566 6907 645 6964 dubio
663 6909 738 6964 333333
757 6913 881 6978 appetu-e
899 6907 1045 6976 33133333.

1583 6731 1607 6762 1²
1627 6735 1713 6788 uarro.
1736 6737 1782 6802 33,
1808 6737 1847 6790 33.

1583 6817 1606 6850 ¹³
1625 6825 1718 6876 Psalm.
1739 6823 1789 6886 te,
1809 6825 1857 6892 ab,
1876 6829 2032 6892 postquem
2052 6827 2110 6880 lsai.
2129 6827 2176 6892 63,
2198 6829 2222 6878 l.
