5900 8266
542 517 609 586 tut

543 695 658 764 mentis
679 701 741 762 tam
769 703 914 780 respectu
938 697 999 764 Dei
1022 715 1113 783 quiam
1128 699 1281 784 proximi
1294 717 1390 784 quam
1407 699 1500 766 etiarn

543 801 607 868 sici.
630 803 906 868 Introducnntur¹
927 805 1012 870 enim
1036 805 1088 870 hic
1109 805 1211 888 ipsius
1241 805 1398 872 Pharisaei
1419 823 1501 890 pra-

545 907 672 974 liarnm
695 907 784 974 actio
804 905 977 992 fastuosa,
1002 907 1211 994 reprehensio
1233 909 1380 976 alioruin
1403 929 1501 994 pruc-

544 1021 719 1080 snmluosa
740 1019 774 1078 et
795 1013 1035 1080 commendatio
1055 1013 1113 1078 sni
1136 1031 1221 1078 eane
1239 1013 1401 1098 plor'iosa.
1490 1101 1491 1104 Ἴ

635 1121 685 1184 ii.
712 1117 811 1202 (Vers.
842 1119 916 1200 11.).
941 1117 1044 1184 Primo
1067 1117 1164 1204 igitar
1180 1125 1337 1202 qirarrtam
1358 1117 1398 1184 ed
1419 1137 1501 1204 pra-

422 1223 673 1290 arimannorum
695 1225 854 1288 actionem
878 1225 1068 1308 fastuosam
1093 1223 1182 1288 dicit:
1211 1219 1418 1288 Pharisaeus
1439 1243 1501 1290 on-

547 1335 609 1394 tcm
629 1337 727 1396 stans
747 1329 844 1414 apati
858 1349 891 1394 se
908 1329 1044 1396 orabat:
1061 1329 1162 1406 Dens,
1182 1329 1319 1412 pretias
1344 1347 1407 1414 apo
1423 1329 1500 1408 tibi;

545 1435 575 1498 in
602 1453 665 1520 qao
693 1435 841 1518 arguitur
873 1435 1074 1512 Pharisaeus,
1100 1453 1161 1498 non
1196 1433 1273 1518 qriia
1298 1435 1416 1518 gratias
1438 1429 1510 1520 agit

545 1539 624 1620 Deo,
651 1537 703 1606 sed
729 1541 802 1624 qaia
824 1539 885 1606 hoc
910 1541 982 1608 lacit
997 1539 1090 1606 modo
1106 1541 1251 1624 superbo.
1277 1539 1362 1606 Unde
1386 1539 1500 1624 Grego-

545 1643 655 1724 rias21
685 1669 700 1700 <t
718 1645 754 1732 Si
780 1645 1024 1728 reprehenditur
1048 1643 1100 1710 iile
1132 1645 1186 1730 qai
1214 1643 1350 1728 superbe
1382 1645 1498 1728 gratias

400 1763 525 1862 agappa
545 1747 624 1832 agit,
648 1747 726 1834 quiid
747 1765 822 1834 ergo
847 1749 898 1816 iiie
922 1747 975 1834 qui
998 1749 1165 1834 impugnat
1194 1747 1327 1834 gratiam
1343 1753 1378 1814 »t
1404 1749 1500 1832 appa·

497 1849 502 1862 '
546 1861 594 1920 ret
617 1861 723 1920 antem
745 1855 846 1922 fastus
867 1855 967 1940 ipsius
989 1873 1031 1920 ex
1061 1855 1139 1934 hoc,
1171 1855 1255 1940 qarod
1290 1873 1357 1920 non
1391 1855 1501 1920 irrorar-

545 1969 621 2028 oato
644 1979 782 2044 corpore
804 1961 941 2040 orabat,
969 1961 1019 2028 scd
1046 1967 1150 2026 erecta
1173 1961 1293 2038 iconie,
1317 1977 1389 2026 cum
1419 1961 1501 2026 dica-

545 2071 599 2132 tur
621 2065 716 2132 isaiae
740 2065 978 2152 sexagesimi:
1007 2095 1023 2126 α
1040 2065 1172 2134 Venient
1193 2067 1232 2132 ad
1268 2073 1298 2134 te
1332 2065 1421 2134 curvi
1445 2065 1500 2132 titii

544 2189 651 2240 corna]
670 2171 723 2258 qui
742 2177 769 2238 ῖθ
788 2173 1050 2252 humiliaverant,
1065 2179 1098 2240 et
1113 2173 1290 2240 adorabant
1304 2173 1432 2258 vestigia
1448 2191 1501 2258 pe·

545 2277 621 2344 dum
644 2283 773 2344 tuorum
793 2307 820 2346 x.
847 2281 982 2366 Apparet
1002 2281 1098 2348 etiam
1121 2279 1236 2360 fastus,
1259 2279 1334 2366 quia
1358 2279 1453 2366 apud
1469 2299 1500 2348 se

545 2385 665 2452 oraim
687 2393 834 2472 tanquam
860 2387 916 2456 sibi
941 2389 1081 2472 placens,
1108 2395 1216 2454 contra
1247 2387 1323 2454 iilud
1349 2387 1430 2472 quod
1455 2389 1500 2454 di-

545 2491 627 2560 citur
649 2493 690 2560 ad
711 2493 866 2560 Romanos
891 2493 1012 2560 decimo
1049 2495 1200 2580 quintos:
1233 2493 1422 2562 «Debemus
1443 2513 1501 2562 nos

469 2597 472 2602 ’
544 2599 701 2668 firmiores
725 2599 951 2668 imbecillitates
983 2603 1182 2668 infirmorum
1206 2601 1363 2668 sustinere
1385 2607 1418 2668 et
1439 2621 1502 2668 nori

544 2703 774 2790 nobismetipsis
800 2707 921 2794 plaeere
937 2735 966 2770 x.
1001 2707 1153 2772 «Etenim
1185 2707 1328 2772 Christus
1353 2725 1415 2772 non
1442 2707 1500 2772 sibi

545 2809 663 2894 placuit
680 2837 707 2874 x.
735 2811 769 2874 Et
794 2811 863 2876 ideo
895 2809 1137 2876 proverbiorum
1172 2811 1281 2876 tertio:
1310 2835 1325 2866 «
1343 2809 1409 2876 Noli
1434 2825 1501 2874 esse

545 2915 668 2998 sapiens
691 2913 773 2996 apud
800 2915 1008 2998 temetipsum.
1034 2913 1122 2980 Time
1144 2913 1313 2980 Dominum
1337 2919 1368 2980 et
1392 2911 1502 2978 recede

544 3019 666 3084 amato
683 3043 697 3074 »
726 3023 783 3082 eta.
810 3019 944 3100 apparet
978 3015 1184 3084 nihilominus
1214 3017 1329 3094 fastus,
1356 3015 1431 3100 qrria
1451 3015 1502 3082 in-

545 3123 629 3206 cepit
649 3139 674 3186 a
703 3121 972 3206 ntapnidcationc
1004 3121 1185 3202 botrorum,
1216 3139 1299 3208 quae
1319 3129 1500 3206 acceperat,

545 3247 618 3294 crim
640 3227 747 3310 potiris
774 3247 793 3292 a
824 3229 874 3294 sui
908 3229 1107 3296 accusatione
1137 3229 1298 3296 debuisset
1330 3227 1501 3314 incepisse

544 3333 786 3402 proverbiorum
811 3333 930 3400 decimo
953 3335 1108 3400 octavo-t:
1136 3361 1152 3392 «
1167 3335 1269 3400 insius
1294 3335 1322 3400 in
1349 3333 1503 3418 principio

544 3445 591 3508 est
614 3445 775 3506 accusator
800 3439 846 3508 sui
866 3463 895 3520 »3
927 3439 1041 3524 incepit
1065 3439 1104 3506 ab
1127 3439 1215 3518 aitis,
1242 3457 1314 3506 cum
1340 3439 1501 3508 debuisset

544 3545 683 3630 incipere
704 3547 745 3612 ab
767 3545 897 3624 intimis,
923 3553 958 3612 at
982 3547 1161 3630 perveniret
1186 3547 1223 3610 ad
1253 3563 1384 3612 summa.
1420 3547 1503 3612 Unde

543 3649 792 3736 Hieronymusi:
824 3651 1017 3718 «humilitas
1042 3657 1088 3718 est
1112 3651 1213 3736 prima
1237 3651 1337 3720 virtus
1353 3651 1503 3718 Christia-

544 3775 657 3822 norum
674 3781 706 3836 s,
730 3765 762 3824 et
782 3757 868 3836 ideo,
891 3757 957 3842 ipsa
980 3757 1218 3844 praetermissa,
1244 3757 1273 3824 in
1300 3775 1434 3826 vacuum
1456 3757 1504 3830 ,ia-

478 3923 479 3926 ,
543 3863 687 3930 boratur.
717 3863 805 3930 Unde
838 3863 961 3930 Bedaiz
993 3865 1120 3944 «Ecce,
1149 3865 1336 3930 Pharisaeus
1361 3865 1397 3930 ad
1424 3863 1503 3930 rel-

450 3987 452 3990 ·
544 3971 657 4036 rendas
680 3971 796 4056 gratias
821 3971 948 4036 oculum
971 3969 1080 4048 habet,
1113 3969 1150 4036 ad
1187 3963 1374 4038 humilitatis
1396 3977 1503 4038 ousio-

545 4074 629 4142 diam
651 4093 713 4142 non
737 4075 841 4144 habet.
876 4075 909 4140 Εῖ
947 4073 1022 4160 qaid
1055 4075 1200 4160 prodest,
1237 4075 1262 4142 si
1298 4081 1363 4142 tota
1392 4075 1503 4142 civitas

545 4181 759 4262 custodiatur,
781 4189 814 4248 ei
842 4199 945 4248 unum
978 4179 1139 4260 foramen,
1174 4199 1231 4264 per
1263 4179 1347 4264 qaod
1383 4179 1503 4246 intrent

544 4285 667 4366 hastae,
694 4285 947 4372 relinquerem?

639 4393 689 4460 18.
713 4393 861 4462 Secundo
880 4399 1032 4480 quantum
1058 4393 1094 4458 ad
1124 4389 1404 4480 reprehensionem
1424 4411 1503 4478 pro·

396 4507 527 4556 Secundum·
546 4497 634 4564 ocimi
651 4507 948 4584 praesumtiosam
968 4497 1089 4564 subdit:
1118 4497 1206 4582 Qttia
1226 4517 1294 4564 icon
1316 4517 1390 4564 sum
1415 4499 1504 4564 sicat

619 4873 627 4904 ¹
650 4873 730 4930 Codd.
752 4875 861 4930 CDFH
884 4873 1077 4930 introducitur.

617 4963 712 5018 2Cod.
729 4965 753 5014 H
773 4963 922 5036 Greporins
944 4963 970 5018 ia
990 4963 1101 5028 Glossa,
1124 4965 1220 5016 scilicet
1239 4961 1416 5028 interlineari,
1432 4977 1504 5030 quae

546 5059 649 5116 umen,
665 5059 793 5118 quantum
812 5053 924 5116 scimus,
944 5065 994 5104 non
1014 5055 1053 5104 est
1071 5065 1101 5104 ex
1121 5051 1258 5114 Gregori0‚
1276 5051 1325 5104 sed
1341 5065 1372 5104 ex
1385 5051 1506 5116 hiigust,

546 5137 804 5206 summatenus
834 5141 877 5192 36.
906 5139 941 5192 de
967 5137 1063 5190 Verbis
1082 5139 1197 5206 Dourini)
1216 5153 1240 5190 c.
1266 5137 1288 5188 3.
1310 5153 1335 5190 n.
1354 5139 1386 5188 32
1409 5137 1505 5204 «Quid

545 5235 587 5280 est
603 5241 667 5294 ergo
686 5227 732 5294 qai
751 5227 834 5292 impie
850 5231 987 5292 oppugnat
1007 5227 1164 5292 grassensi
1178 5225 1380 5290 reprehenditur
1399 5225 1445 5290 quii
1464 5239 1506 5278 sa·

546 5313 629 5380 perbe
648 5315 855 5380 aptugnensem
875 5317 923 5366 Pro
944 5311 1009 5382 qaid
1027 5311 1086 5380 [FG
1103 5313 1207 5366 addunt
1223 5311 1274 5380 cst]
1293 5325 1359 5380 erpo
1379 5311 1423 5380 itte
1444 5313 1505 5366 Vat.

547 5401 612 5470 qaid
630 5413 695 5470 erpo
714 5401 767 5454 crit
783 5401 834 5454 iili.

617 5485 1099 5554 111θῖέ,1ῖ.---Τ11θορῖ]γ1θθῖ.,1η
1128 5491 1191 5542 Luc.
1211 5487 1260 5552 18,
1278 5485 1354 5538 e-tl:
1385 5487 1504 5542 Ostendit

547 5581 635 5630 autem
655 5575 782 5628 Dominus
803 5581 831 5628 et
856 5589 905 5640 per
930 5575 1073 5630 stationem
1100 5571 1230 5644 [σταῖεῖς,
1257 5575 1273 5626 i.
1301 5591 1325 5628 θ.
1349 5575 1437 5642 stam]
1463 5591 1505 5630 su·

547 5663 666 5732 perhiam
684 5665 741 5718 eius
760 5671 786 5716 θῖ
802 5665 955 5716 hamilitatis
973 5665 1096 5730 inopiam.
1115 5665 1225 5718 Humilis
1247 5665 1318 5716 enim
1340 5665 1390 5716 viri
1414 5671 1455 5718 est
1478 5671 1506 5720 et

547 5759 669 5818 aspectus
686 5755 850 5818 humiliatns;
869 5755 912 5806 hic
929 5759 1018 5806 atatem
1042 5761 1068 5806 θῖ
1093 5755 1184 5808 habita
1212 5759 1237 5806 et
1267 5759 1341 5818 gestu
1368 5755 1501 5820 superbus

547 5845 708 5908 agnoscitur.
726 5845 852 5910 Quamvis
870 5847 960 5896 aulem
977 5849 1004 5910 et
1023 5845 1056 5896 de
1084 5843 1223 5910 publicano
1247 5843 1346 5898 dictum
1366 5845 1409 5910 sit,
1428 5845 1503 5912 quod

548 5931 659 5998 steterit,
677 5935 767 5984 tamen
785 5931 891 5986 videet
908 5947 977 6000 utrae
994 5939 1154 6000 sequantur,
1172 5933 1245 6000 quand
1265 5947 1349 6000 neque
1367 5933 1458 5986 oculos
1475 5933 1503 5986 in

375 6031 376 6034 ’
468 6043 470 6046 ·
548 6021 650 6076 caelum
668 6021 782 6074 voluerit
797 6021 932 6086 extollere,
953 6023 1024 6076 tande
1041 6025 1116 6076 statio
1136 6023 1193 6076 eius
1211 6023 1347 6076 incurvata
1360 6031 1422 6074 erat.
1436 6023 1505 6076 litias

548 6097 636 6164 autem
651 6115 675 6164 ct
686 6109 754 6164 oculi
772 6111 797 6164 in
809 6111 912 6164 eaelum
923 6111 1123 6174 extollebantur,
1137 6117 1163 6164 et
1174 6125 1221 6164 eor
1232 6109 1310 6162 simui
1325 6109 1503 6166 extollebatur.

617 6195 629 6228 ⁴
651 6199 724 6252 Vers.
738 6201 762 6252 t.
776 6205 800 6252 et
818 6201 849 6264 3,
866 6205 927 6264 post
945 6213 1014 6266 qnos
1033 6201 1108 6252 Prov.
1127 6201 1159 6264 3,
1171 6199 1198 6252 7.
1212 6227 1246 6238 -··
1259 6199 1345 6264 Basii,
1358 6199 1506 6252 Commeat.

549 6289 575 6340 in
590 6289 645 6340 lsai.
662 6289 684 6350 i,
699 6287 742 6340 ts.
755 6287 835 6354 (inter
854 6301 933 6352 opera
953 6285 1049 6352 Basilii)
1069 6301 1096 6340 n.
1115 6289 1164 6368 363
1187 6307 1202 6336 a
1215 6287 1296 6342 Stans
1309 6289 1401 6340 autem
1412 6285 1506 6342 Picari-

529 6381 530 6384 ’
549 6389 627 6430 sacas
647 6375 713 6430 llaec
730 6373 804 6444 opud
819 6391 850 6430 se
866 6375 977 6442 orabat,
995 6391 1047 6430 non
1067 6377 1140 6442 apud
1157 6367 1253 6442 ileum3
1268 6375 1422 6442 respiciebat
1434 6391 1505 6430 nam·

549 6477 603 6532 que
619 6463 655 6516 ad
672 6477 701 6514 se
720 6463 820 6530 ipsum,
841 6463 972 6530 siquidem
986 6465 1009 6516 in
1025 6463 1164 6528 superbiae
1186 6469 1293 6528 peccato
1316 6465 1506 6518 versabatur».
1566 6489 1570 6496 ·

549 6555 668 6618 burgast,
680 6551 729 6604 ioc.
741 6551 784 6606 cit.
797 6565 819 6604 c.
834 6553 858 6604 2.
870 6565 897 6604 n.
911 6555 939 6604 t:
953 6553 1023 6620 Quid
1035 6553 1169 6616 rogaverit
1180 6553 1280 6618 Deum,
1296 6565 1395 6620 atraere
1408 6553 1431 6604 in
1445 6567 1506 6604 ver-

550 6637 591 6692 bis
609 6637 681 6700 eias;
699 6639 762 6692 nihii
782 6637 906 6692 invenies.
925 6639 1047 6694 Ascendit
1066 6653 1166 6706 ororc;
1189 6639 1274 6692 notuit
1294 6641 1376 6694 Deum
1396 6655 1504 6706 rogare,

550 6727 596 6780 sed
615 6739 642 6778 se
661 6727 776 6780 laudere.
796 6727 889 6778 iarum
910 6733 954 6780 est*
967 6743 1019 6780 non
1038 6729 1120 6780 Deum
1141 6741 1249 6794 rogare,
1269 6729 1314 6782 sed
1336 6743 1362 6782 se
1384 6729 1505 6794 laudare,

480 6807 492 6822 ¹
550 6809 700 6882 insaporet
720 6815 820 6880 roganti
843 6815 1006 6886 [publicano]
1028 6817 1158 6871 insultare.

1111 523 1304 592 cunutus.
1331 523 1367 590 IN
1393 523 1629 592 evadentium
1651 523 1769 592 tuate
1790 523 1824 590 C.
1848 523 1950 608 XViii.

1565 699 1662 766 celeri
1682 697 1875 778 ironainnm,
1899 697 1987 784 quasi
2006 697 2101 766 dicei:
2129 699 2220 766 aeteri
2241 707 2316 766 sunt
2331 705 2520 784 peccatores,

1565 823 1621 890 ego
1646 811 1749 872 autern
1773 803 1894 882 iusius;
1918 805 2003 870 unde
2035 803 2307 870 interlinearisi:
2336 805 2450 886 sQaid
2473 813 2520 872 est

1565 911 1661 976 celeri
1682 907 1918 990 liminiana
1937 911 2043 976 omnes
2060 901 2187 994 praeter
2201 909 2325 992 ipsnm‘t
2348 909 2454 994 quasi:
2470 927 2520 976 so-

1565 1019 1614 1084 ius
1639 1017 1740 1084 iustus
1765 1035 1851 1096 sum,
1877 1015 1970 1084 ceteri
2007 1021 2186 1100 peccatores
2201 1041 2230 1080 x,
2258 1015 2292 1080 Et
2324 1015 2354 1080 in
2381 1015 2440 1082 hoo
2461 1015 2520 1082 du·
2540 1029 2624 1126 vortig
2639 1031 2679 1074 fai·

1564 1121 1684 1204 pliciter
1709 1121 1831 1188 dicebat
1852 1121 1983 1188 laisum:
2010 1127 2039 1186 et
2068 1119 2142 1204 quia
2163 1137 2199 1186 εθ
2215 1119 2341 1188 ¹dicebat
2365 1139 2426 1186 non
2452 1137 2520 1188 esse
2579 1093 2595 1126 ⁸¹
2622 1095 2640 1126 ⁸'
2674 1141 2676 1144 ·

1564 1231 1777 1310 peccatorem,
1799 1245 1872 1294 oum
1907 1225 2031 1294 dicatur
2066 1225 2184 1310 primae
2216 1225 2337 1292 loannis
2373 1225 2474 1310 primo
2488 1225 2519 1292 ⁹:

1569 1357 1587 1386 «
1602 1331 1632 1396 Si
1656 1331 1848 1412 dixerimus,
1872 1333 1948 1418 quia
1963 1339 2125 1416 peceatum
2147 1349 2210 1398 non
2233 1333 2403 1408 habemus,
2434 1349 2520 1398 men-

1563 1435 1656 1500 daces
1676 1453 1804 1514 samus,
1831 1443 1859 1502 et
1885 1437 1998 1504 veritas
2022 1437 2052 1504 in
2078 1435 2166 1502 nobis
2181 1453 2252 1502 ,non
2275 1440 2323 1502 est
2337 1461 2368 1500 ».
2394 1437 2518 1504 Falsum

1564 1539 1657 1606 etiam
1679 1539 1821 1618 dicebat,
1845 1541 1919 1624 qixia
1943 1561 1975 1610 se
1999 1543 2100 1610 sotum
2137 1541 2259 1608 dicebat
2288 1539 2421 1620 iustam,
2448 1559 2519 1610 cuni

1564 1643 1717 1712 Dominus
1739 1645 1823 1710 Eiiae
1845 1645 1976 1714 dicenti:
2006 1675 2022 1706 «
2037 1649 2172 1714 delictas
2198 1665 2269 1714 sam
2296 1663 2353 1732 ego
2386 1647 2470 1730 solas
2485 1673 2519 1726 i,

1563 1749 1648 1816 dicat
1664 1751 1743 1817 tertii
1763 1753 1879 1834 Regum
1904 1751 2025 1818 decimo
2046 1771 2130 1818 nono
2144 1755 2186 1818 1⁰:
2210 1781 2224 1812 a
2241 1753 2359 1840 Reliqui
2378 1753 2454 1820 mihi
2471 1769 2520 1822 se·-

1563 1861 1649 1940 ptem
1673 1855 1771 1922 millia
1793 1855 1951 1934 virorum,
1967 1857 2021 1942 qui
2037 1873 2099 1922 non
2116 1867 2331 1926 curvaverunt
2345 1877 2448 1942 genua
2463 1875 2522 1926 sua

1563 1965 1636 2026 ante
1660 1959 2001 2038 sustantionensi,
2027 1977 2097 2028 eum
2133 1963 2171 2028 sit
2207 1963 2236 2028 in
2264 1963 2418 2028 inlinitum
2444 1963 2520 2026 ini-

1565 2065 1680 2144 ri0r11,
1698 2083 1760 2133 non
1778 2067 1877 2134 scium
1897 2083 1927 2132 se
1944 2065 2019 2132 dicit
2034 2065 2136 2134 solum
2153 2067 2281 2146 iustum,
2296 2085 2408 2134 verum
2425 2069 2520 2134 etiam

1564 2179 1684 2238 ceteros
1709 2173 1818 2240 asserit
1844 2177 2031 2256 peccatores,
2054 2155 2166 2242 notans
2189 2193 2241 2242 eos
2266 2173 2303 2240 de
2320 2173 2521 2242 mullitudine

1563 2275 1725 2344 vitiorum.
1739 2315 1783 2326 -
1800 2277 1837 2344 Et
1851 2275 1920 2344 ideo
1943 2275 2044 2344 addit:
2069 2279 2243 2362 deplores,
2262 2277 2399 2358 iniusti,
2421 2279 2520 2346 adnl-

1565 2369 1645 2452 tcri:
1671 2389 1707 2450 ut
1729 2395 1879 2472 raptores
1904 2383 2047 2464 dicautur
2072 2401 2128 2470 per
2146 2383 2427 2470 concupiscentiam
2445 2403 2520 2452 ocii-

1566 2491 1686 2568 lorum,
1712 2491 1830 2558 iniusti
1853 2509 1910 2578 per
1931 2489 2118 2574 superbiam,
2136 2491 2217 2558 vitae
2238 2497 2271 2558 et
2293 2487 2440 2554 adulteri
2462 2507 2521 2572 per

1565 2597 1851 2680 concupiscentiam
1872 2597 1992 2674 carnis3
2018 2597 2048 2662 in
2064 2597 2181 2680 uiribus
2197 2605 2293 2674 notat,
2310 2595 2521 2662 communiter

1564 2699 1642 2764 alios
1659 2717 1726 2766 ase
1742 2719 1809 2766 esse
1826 2699 1956 2764 iniectos
1973 2701 2031 2766 hoc
2047 2701 2161 2782 tripiici
2177 2703 2263 2780 vitio,
2280 2719 2320 2766 ex
2338 2719 2401 2784 qao
2417 2709 2523 2768 manat

1565 2803 1751 2870 universatis
1770 2803 1976 2888 transgressio
1991 2809 2023 2868 et
2039 2807 2229 2888 perpetratio
2243 2815 2457 2890 pcccatorum,
2473 2823 2521 2872 se-

1565 2909 1704 2974 cundnm
1718 2897 1794 2976 iilud
1806 2909 1925 2992 primae
1936 2907 2056 2974 loannis
2069 2911 2208 2976 secundo
2221 2913 2262 2978 1²:
2285 2909 2418 2990 «Omne,
2435 2913 2520 2994 quod

1565 3013 1660 3080 estin
1677 3013 1811 3092 mundo,
1836 3021 1890 3082 aui
1908 3021 1953 3082 θεῖ
1971 3015 2222 3098 concupiscentia
2236 3015 2355 3094 saraia,
2375 3009 2430 3082 aiil
2447 3033 2521 3082 con-

1565 3119 1756 3202 cupiscentia
1772 3119 1956 3198 oculorum,
1981 3127 2037 3184 aut
2057 3121 2206 3206 snperbia
2225 3123 2302 3190 vitae
2319 3147 2350 3186 ».
2367 3157 2411 3170 -·
2427 3121 2465 3184 Et
2480 3139 2521 3190 ne

1565 3225 1728 3292 videretur
1744 3225 1827 3310 ioqui
1846 3225 1926 3292 sicat
1941 3225 2097 3304 incertas,
2120 3225 2246 3294 adducit
2270 3227 2361 3294 etiarn
2379 3227 2520 3310 publica-

1566 3349 1640 3396 nam
1667 3331 1695 3396 in
1715 3331 1912 3414 exemptam,
1934 3349 2006 3398 cum
2025 3331 2146 3398 subdit:
2172 3333 2259 3400 Vetat
2275 3331 2373 3400 etiam
2390 3331 2442 3400 iric
2458 3351 2521 3418 pa-

1566 3435 1738 3514 ilica-nne·
1752 3436 1836 3520 qum
1855 3455 1916 3502 uon
1938 3437 2012 3502 dicit
2037 3437 2203 3520 piihiicano
2220 3439 2448 3522 compatiendo,
2467 3441 2520 3506 sed

1538 3539 1539 3542 ’
1566 3543 1672 3628 potius
1683 3541 1879 3626 despiciendo
1895 3551 1927 3610 et
1941 3541 2115 3622 irridendo,
2127 3549 2302 3628 quocontra
2315 3543 2519 3610 Ecclesiastici

1566 3649 1755 3734 septimo¹³:
1787 3675 1803 3706 «
1823 3649 1867 3714 Ne
1888 3647 2020 3716 irrideas
2051 3648 2209 3716 hominem
2243 3649 2277 3716 in
2309 3647 2520 3716 amaritudine

1565 3755 1686 3820 animae
1709 3771 1795 3820 suae.
1821 3753 1873 3820 Est
1895 3755 1979 3820 enim
2002 3753 2058 3838 qai
2081 3755 2228 3822 humiliat
2258 3763 2291 3822 et
2315 3755 2370 3840 qui
2404 3753 2522 3822 exaltat

1566 3859 1811 3942 circumspector
1822 3859 1908 3926 Deus
1920 3887 1950 3932 x.
1964 3895 2007 3906 ·-
2021 3859 2057 3925 Et
2072 3867 2160 3938 nota,
2177 3859 2259 3944 quod
2278 3859 2463 3926 Pharisaeus
2480 3877 2521 3926 ex
2541 3875 2674 3922 nutantum.

1566 3965 1812 4032 consideratione
1838 3965 1995 4050 publicani
2019 3967 2223 4032 consurrexit
2249 3965 2280 4030 in
2308 3965 2521 4030 temeritatem

1566 4071 1695 4150 iudicii,
1712 4069 1797 4156 qaia,
1814 4087 1884 4138 ciam
1902 4071 2036 4150 videret,
2052 4071 2139 4138 iilum
2153 4087 2222 4138 esse
2234 4077 2442 4156 peccatorem,
2458 4089 2521 4138 non

1566 4179 1666 4246 solum
1682 4179 1795 4262 ipsum,
1811 4195 1923 4244 verum
1939 4177 2031 4246 etiam
2049 4183 2169 4246 ceteros
2191 4177 2425 4244 condemnabat.
2441 4175 2521 4242 Con-

1566 4269 1707 4354 surrexit
1718 4285 1812 4350 etiam
1824 4283 1857 4350 in
1871 4281 2040 4352 clationem
2053 4283 2178 4362 animi;
2189 4283 2273 4348 unde
2288 4285 2464 4348 Bernartius
2478 4285 2520 4350 ¹⁴:

1570 4417 1585 4450 a
1602 4389 1794 4456 incentivam
1811 4391 1951 4458 clationis
1962 4397 2010 4458 est
2022 4389 2229 4456 consideratio
2243 4389 2425 4468 deterioris,
2440 4387 2523 4456 sicui

1565 4499 1756 4564 incentivum
1778 4497 1964 4566 hamilitatis
1988 4503 2034 4566 est
2058 4495 2262 4564 consideratio
2286 4495 2468 4564 melioris».

1639 4873 1648 4904 ⁵
1667 4879 1744 4930 Vers.
1764 4875 1804 4928 17,
1817 4901 1854 4914 -
1867 4875 1994 4938 Superius
2005 4889 2055 4938 pro
2067 4887 2135 4942 qaae
2147 4875 2288 4940 acceperat
2301 4873 2319 4924 Ε
2331 4887 2400 4938 qliae
2412 4871 2520 4940 lecerat.

1639 4959 1649 4992 ⁰
1668 4963 1749 5026 Epist.
1768 4963 1811 5014 il.
1831 4963 1903 5028 (alias
1925 4961 1998 5028 iii.)
2015 4975 2043 5012 n.
2065 4965 2091 5010 t:
2114 4961 2169 5012 Seis
2187 4961 2256 5012 enim
2282 4961 2379 5024 dogrna
2402 4965 2519 5014 nostrum

1569 5047 1811 5118 [Christianorum],
1829 5047 1980 5100 hurnihtatis
1994 5055 2079 5100 tenere
2092 5047 2227 5110 vexilium,
2240 5051 2264 5098 et
2278 5061 2324 5110 per
2337 5047 2389 5098 ima
2402 5047 2521 5112 gradien-

1568 5145 1619 5200 tcs,
1638 5137 1671 5188 ad
1691 5149 1793 5188 summa
1813 5149 1862 5188 nos
1880 5135 2013 5188 scandere.
2030 5135 2080 5188 Cir.
2099 5135 2179 5200 Epist.
2199 5133 2259 5188 tls.
2278 5133 2419 5204 (allusit.)
2439 5149 2463 5188 a.
2478 5137 2520 5190 aa.

1639 5219 1647 5252 ²
1667 5223 1738 5276 Lihr.
1758 5223 1788 5276 V.
1809 5223 1834 5276 in
1854 5227 1914 5276 Lixo.
1937 5225 1984 5286 18,
2005 5227 2052 5288 m,
2072 5221 2118 5276 abi
2135 5223 2383 5290 aquitareregor,
2396 5227 2412 5278 1.
2428 5227 2520 5278 Hamil.

1568 5313 1593 5364 in
1611 5315 1704 5366 Erech.
1721 5311 1811 5364 homil.
1829 5313 1855 5364 t.
1886 5327 1911 5364 n.
1940 5313 1962 5364 ii.
1989 5319 2014 5366 et
2040 5311 2109 5366 XiX.
2129 5313 2214 5364 Moral.
2242 5325 2263 5364 c.
2293 5313 2334 5366 21.
2355 5329 2379 5368 n.
2398 5315 2441 5368 33.
2460 5317 2521 5368 Sen-

1568 5399 1647 5452 tentia
1664 5399 1752 5452 Bedae
1769 5397 1902 5452 exhibetur
1919 5397 2010 5452 verbis
2020 5399 2127 5452 Glossae
2138 5397 2295 5452 ordinariae
2308 5401 2332 5452 in
2345 5401 2406 5454 Lac.
2423 5401 2433 5452 i
2441 5401 2463 5464 8,
2481 5405 2521 5454 ta.

1639 5485 1839 5554 “Exhirgast.,
1869 5489 1916 5542 loc.
1942 5487 1984 5542 cit.
2014 5503 2036 5542 c.
2067 5491 2090 5542 i.
2120 5503 2144 5542 n.
2162 5481 2194 5556 '23
2218 5489 2246 5542 in
2273 5503 2326 5556 qvia
2354 5497 2414 5556 pist
2442 5491 2523 5560 quasi

1568 5577 1655 5630 Glossa
1685 5577 1758 5630 addit
1779 5575 1849 5632 dicat
1878 5583 1902 5632 et
1929 5577 2024 5632 ornittit
2048 5577 2130 5634 acini
2150 5581 2322 5648 peccamine,-
2341 5593 2390 5644 pro
2419 5581 2519 5634 sumC

1568 5679 1644 5732 cum,
1661 5667 1720 5718 Vat.
1739 5665 1781 5722 sit.

1638 5751 1743 5810 9Vere.
1763 5759 1790 5820 8;
1810 5761 1854 5810 cir.
1875 5771 1954 5822 supra
1971 5771 2033 5824 pag.
2054 5755 2113 5820 287,
2133 5761 2193 5810 nota
2213 5757 2256 5808 i3.

1640 5843 1661 5876 ¹⁰
1681 5849 1755 5902 Vere.
1776 5845 1823 5898 ii:
1841 5847 1983 5900 Dereiictas
2003 5861 2061 5898 sirm
2074 5861 2124 5910 ego
2138 5847 2220 5912 soius;
2233 5861 2259 5898 v.
2276 5847 2321 5900 l8:
2340 5847 2521 5914 Derciinquam

1568 5935 1632 5986 mihi
1652 5935 1675 5988 in
1696 5937 1771 5990 israel
1788 5941 1890 6004 septem
1907 5935 1987 5986 miliia
2007 5941 2070 5998 eic.;
2088 5937 2136 5990 cir.
2156 5935 2233 5986 Rom.
2255 5935 2300 5998 ii,
2321 5935 2343 5988 i.

1640 6023 1659 6054 ¹¹
1682 6027 1737 6078 Vat.
1758 6023 1785 6078 in
1803 6025 1965 6078 immensam
1993 6021 2054 6076 Elia
2078 6023 2204 6092 interior,
2223 6037 2292 6090 qnae
2312 6025 2388 6076 etiam
2406 6023 2520 6078 subinde

1568 6115 1730 6178 pro'notuns
1750 6111 1920 6166 elvitiorum
1950 6111 1980 6180 (ii
2003 6115 2190 6178 peccatorum)
2215 6111 2347 6164 sirbslituit
2377 6125 2475 6166 uocans
2496 6119 2520 6166 et

1569 6215 1703 6256 errorum.

1640 6289 1661 6320 ¹²
1683 6291 1757 6344 Vere.
1777 6291 1822 6354 i63
1840 6293 1887 6344 cir.
1904 6305 1983 6358 supra
2003 6303 2066 6354 pag.
2084 6289 2149 6358 371,
2167 6295 2227 6342 nota
2248 6289 2272 6340 7.
2285 6313 2322 6326 -
2333 6287 2460 6352 Superius
2472 6301 2523 6352 pro
2612 6311 2620 6316 ·*

1563 6393 1630 6460 per,
1651 6379 1722 6446 qnod
1742 6385 1781 6432 ter
1799 6379 1926 6446 occrrrrit,
1947 6381 1967 6432 G
1985 6381 2104 6448 propter.

1640 6465 1662 6500 ¹³
1682 6469 1755 6520 Vere.
1776 6469 1816 6520 in.
1832 6497 1862 6538 -7
1877 6469 1965 6522 Giossa
1985 6465 2166 6520 interlinearis
2187 6465 2227 6532 (ex
2247 6467 2366 6526 singna,
2385 6463 2434 6516 loc.
2453 6463 2521 6532 cit.):

1574 6553 1651 6610 Velut
1667 6553 1747 6610 ctiam
1767 6553 1808 6608 hic
1823 6553 1999 6622 publicanus,
2018 6567 2087 6620 ecce,
2105 6565 2137 6604 ex
2161 6551 2247 6604 vicino
2276 6547 2415 6614 publicano
2435 6549 2520 6602 maior

1568 6643 1677 6696 tumoris
1697 6643 1806 6696 occasio.

1641 6729 1664 6762 ¹⁴
1680 6731 1733 6786 Cir.
1751 6735 1836 6786 serm.
1853 6733 1898 6784 36.
1914 6731 1949 6784 de
1967 6729 2095 6792 Diversis,
2113 6741 2141 6780 n.
2159 6727 2184 6778 3.
2204 6739 2259 6792 sea.
2278 6729 2304 6778 et
2323 6725 2356 6778 de
2381 6727 2454 6778 satu
2471 6725 2523 6776 vir-

1568 6827 1653 6876 tutum
1673 6819 1749 6890 (inter
1768 6835 1848 6886 opera
1866 6817 2017 6886 Bernardi),
2035 6829 2062 6880 p.
2082 6819 2097 6868 1.
2117 6829 2143 6868 n.
2162 6815 2193 6882 9,
2213 6811 2257 6868 ubi
2276 6813 2367 6878 docet,
2387 6813 2419 6866 ad
2439 6811 2522 6878 adipi·
