5900 8266
984 655 1176 724 comiteur.
1201 659 1237 724 IN
1263 661 1500 728 evasseiimt
1526 661 1642 728 tuctu
1666 663 1698 728 C.
1724 663 1773 730 VI.

482 833 534 898 65.
559 831 621 898 Sed
643 829 735 898 uobis
756 831 846 910 dico,
869 831 930 918 qui
950 831 1077 898 auditis
1101 840 1159 898 ete.
1184 833 1254 898 Post
1276 853 1349 918 pro-

233 961 309 1012 5555,
319 959 377 1004 555
389 937 554 1004 missiones
568 935 782 1022 praemiorum
799 943 828 1002 ei
851 937 1107 1002 comminationes
1121 935 1348 1022 suppliciorum

238 1017 368 1114 biblii·
389 1041 497 1108 subdit
512 1041 563 1108 bio
579 1039 674 1106 tertio
693 1041 886 1126 Evangelista
912 1041 993 1126 tapes
1007 1045 1261 1124 praeconiorum
1284 1041 1350 1108 sive

233 1123 282 1218 uis
296 1119 375 1226 {iiiia
389 1147 577 1212 documenta
601 1143 785 1228 dirigentia,
812 1151 844 1210 et
866 1145 960 1210 babet
992 1145 1068 1210 baec
1091 1161 1166 1228 pars
1193 1143 1283 1210 duas.
1314 1143 1348 1210 ln

390 1267 528 1334 quarum
545 1247 646 1332 prima
663 1249 750 1330 ponit
764 1247 953 1314 documenta
965 1249 1112 1332 propria
1125 1255 1155 1312 ei
1174 1267 1349 1332 expressa·

389 1355 423 1420 in
446 1353 584 1420 secunda
608 1369 684 1418 iero
697 1351 981 1420 similitudinarie
1001 1363 1032 1418 et
1047 1351 1233 1432 translata,
1257 1353 1299 1418 ibi
1319 1355 1348 1418 ¹:

391 1459 525 1524 Dicebat
550 1465 660 1522 cuiun
683 1457 750 1524 ittis
771 1465 802 1522 et
821 1457 1071 1522 similitudinem
1097 1465 1155 1522 etc.

480 1561 569 1628 Cinna
596 1561 712 1646 prima
743 1561 938 1628 documenta
968 1561 1166 1628 auditoribus
1192 1579 1350 1628 commen·

245 1693 374 1744 55555
391 1667 494 1734 danda
522 1669 583 1732 hoo
615 1667 705 1732 inodo
738 1669 878 1750 procedit
912 1669 1025 1733 Christi
1060 1667 1211 1734 doctrina.
1245 1669 1348 1732 Primo

248 1745 380 1852 ilidii·
392 1789 529 1858 namque
554 1789 588 1838 ea
609 1771 805 1858 promulgat
824 1771 885 1838 sub
908 1769 1105 1856 perfectione
1133 1771 1347 1836 eofnoenieuie.

244 1853 381 1954 affiiiiu‘ii'i'
392 1877 536 1942 Secundo
553 1893 628 1942 iero
640 1875 763 1960 probat
785 1895 825 1940 55
848 1875 1028 1942 conditione
1052 1875 1233 1960 deficiente,
1256 1877 1299 1942 ibi
1315 1875 1347 1938 ²:

393 1981 489 2046 Etsi
509 1979 724 2064 diligitiseos
749 1981 808 2066 qui
828 1999 885 2044 uos
908 1979 1060 2062 diligunt.
1076 1979 1183 2044 Tertio
1204 1997 1280 2044 vero
1301 1997 1348 2044 re·

391 2085 497 2152 sumit
517 2105 593 2152 cum
618 2085 747 2152 ratione
768 2091 931 2162 mouente,
954 2083 1014 2148 ibi:
1048 2085 1275 2152 Verumtamen
1297 2083 1347 2150 ui-

393 2193 480 2278 iipite
504 2191 657 2258 inimicos
680 2199 813 2256 uestros.
837 2191 955 2274 Quarto
980 2189 1143 2256 concludit
1163 2209 1227 2274 pro
1249 2189 1347 2256 retri-

393 2299 523 2364 butione
545 2295 744 2382 sufficiente,
767 2295 827 2362 ibi:
854 2297 957 2360 lisioie
982 2313 1059 2380 erpo
1084 2295 1321 2362 misericordes.

482 2403 572 2468 Circa
606 2401 879 2466 documentorum
903 2399 1205 2486 promuipniionem
1237 2407 1346 2466 notan-

255 2531 282 2572 55
306 2525 375 2580 urimo
392 2509 468 2576 dum
492 2515 558 2584 est,
587 2505 672 2590 quod
700 2507 840 2584 adhoc,
873 2507 955 2590 qriod
980 2507 1074 2572 homo
1105 2505 1143 2571 sit
1172 2505 1344 2590 perfectus,

261 2581 375 2676 iiim*
392 2629 519 2680 neeesse
542 2617 602 2688 est,
624 2611 726 2694 ipsum
745 2627 813 2676 esse
834 2611 971 2692 perlecto
989 2609 1188 2688 benevolum,
1211 2609 1346 2692 perlecto

391 2717 573 2804 pacificum
587 2725 621 2782 et
635 2715 771 2800 perlecto
788 2713 973 2800 beneficum.
993 2715 1130 2782 Primum
1150 2713 1275 2798 respicit
1293 2711 1346 2800 os-

392 2821 580 2908 tentionem,
604 2821 778 2888 secundum
799 2821 988 2904 passionem
1019 2827 1050 2886 et
1073 2821 1200 2886 tertium
1232 2839 1346 2904 opera-

394 2927 523 2994 tionem.

482 3033 534 3094 aa.
560 3029 660 3114 (Vers.
680 3029 758 3110 25).
773 3029 833 3094 Dat
847 3029 945 3114 igitur
963 3031 1068 3114 primo
1082 3031 1262 3096 mandatnm
1278 3045 1356 3114 per*

247 3157 375 3200 Primanus
392 3137 491 3202 lectae
515 3135 766 3214 beneuolentiae,
790 3151 863 3200 curn
887 3135 946 3200 ait:
971 3135 1034 3202 Sed
1056 3135 1146 3202 uobis
1174 3135 1264 3214 dico,
1288 3135 1347 3222 qui

251 3209 375 3304 iiim
393 3239 537 3306 auditis:
566 3241 696 3326 Diligite
718 3241 872 3306 inimicos
886 3247 1017 3304 uestros.
1035 3241 1095 3304 lloc
1107 3237 1245 3324 namque
1259 3259 1345 3304 man-

392 3345 501 3412 datum
524 3349 572 3410 est
586 3343 801 3424 auditoribus,
826 3343 855 3410 id
873 3347 919 3410 est
935 3343 1134 3412 credentibus
1148 3351 1179 3412 et
1202 3343 1346 3412 obedien·

394 3451 492 3528 tinus,
518 3451 774 3534 proponendum,
798 3449 969 3532 inquibus
1001 3449 1120 3514 habitat
1142 3449 1242 3526 Deus,
1272 3449 1347 3534 qnia

392 3555 510 3622 dicitur
531 3555 651 3638 primae
674 3553 795 3622 loannis
820 3553 971 3638 quartoi:
1003 3553 1092 3638 «Qui
1116 3555 1225 3622 manet
1244 3555 1274 3620 in
1297 3571 1347 3620 ca·

394 3659 485 3726 ritate
509 3661 539 3726 in
563 3661 629 3724 Deo
651 3665 774 3738 manet,
798 3667 830 3726 et
851 3661 937 3726 Deus
959 3661 989 3724 in
1015 3679 1050 3726 eo
1064 3687 1092 3738 5.
1118 3661 1153 3726 Et
1176 3661 1246 3726 talis
1261 3659 1347 3726 audit

394 3765 576 3832 mandatum
599 3765 757 3844 caritatis,
780 3783 842 3830 non
875 3765 976 3832 solum
1001 3783 1077 3832 aure
1106 3765 1263 3850 corporis,
1292 3763 1347 3832 sed

394 3871 515 3950 cordis,
531 3871 704 3936 secundum
728 3871 806 3936 illud
828 3871 948 3938 loannis
969 3879 1094 3938 octavo:
1118 3871 1203 3956 «Qui
1226 3889 1269 3938 ex
1283 3871 1347 3938 Deo

395 3985 441 4042 ost
458 3975 553 4042 rerba
569 3975 624 4040 Dei
649 3975 736 4040 audit
750 4001 782 4038 5.
799 3975 887 4042 Hunc
909 3975 1051 4042 auditum
1075 3977 1230 4042 excitabat
1255 3973 1347 4042 Isaiae

395 4077 655 4166 quinquagesimo
677 4081 802 4164 quinto:
826 4105 841 4138 u
851 4077 962 4144 Audite
977 4079 1139 4146 audientes
1154 4097 1204 4144 me
1219 4085 1250 4144 et
1265 4097 1347 4144 com-

317 4239 320 4246 ,
394 4185 474 4252 edite
508 4183 642 4262 bonum,
664 4189 696 4250 et
719 4183 924 4250 delectabitur
959 4183 989 4248 in
1015 4183 1218 4250 crassitudine
1244 4183 1348 4250 anima

394 4295 507 4356 vestra.
533 4287 679 4354 Inclinato
695 4305 805 4354 aurem
824 4295 959 4354 vestram
977 4295 1010 4354 et
1034 4289 1136 4354 venite
1151 4289 1189 4356 ad
1212 4305 1276 4366 me;
1291 4307 1347 4354 au·

394 4393 474 4474 dite,
497 4399 530 4458 et
543 4393 628 4458 vivet
650 4393 755 4466 anima
771 4399 875 4460 vestra
891 4419 919 4456 a.
946 4393 1032 4458 Vivet
1046 4393 1156 4478 utique
1179 4411 1233 4478 per
1264 4411 1348 4460 man·-

236 4497 501 4612 nffiiggffiudatum
525 4497 716 4578 dilectioniS,
738 4499 828 4582 quia,
852 4499 934 4564 sicut
956 4497 1071 4564 dicitur
1094 4499 1213 4582 primae
1229 4497 1348 4564 loannis

355 4597 360 4612 '
394 4603 525 4682 tectior,
553 4627 570 4662 (ι
587 4603 641 4688 qui
665 4621 727 4668 555
750 4603 851 4688 diligit
872 4611 978 4670 manet
1000 4603 1032 4668 in
1055 4609 1155 4670 morto
1171 4627 1208 4682 »;
1230 4609 1262 4668 et
1277 4609 1348 4668 autc

394 4707 489 4774 illud:
518 4707 610 4774 «Nos
646 4707 780 4788 seimon,
814 4709 963 4792 quoniam
997 4707 1280 4774 translatismnus
1309 4707 1347 4772 de

394 4819 496 4880 morte
518 4813 555 4880 ad
572 4813 685 4892 vitam,
711 4813 857 4898 quoniam
872 4813 1032 4896 diligimus
1053 4811 1167 4880 iratres
1182 4839 1214 4878 ».
1230 4813 1275 4876 tu
1289 4813 1349 4878 boc

392 4917 557 5002 apostotus
580 4919 617 4984 ad
652 4919 799 5002 Ephesios
827 4919 954 5004 quinto:
986 4919 1179 4984 «ambulate
1211 4919 1241 4984 in
1274 4919 1347 4984 dile-

395 5023 515 5102 ctione,
539 5023 621 5090 sicut
644 5029 675 5090 ot
698 5023 843 5090 Christus
869 5023 981 5090 dilexit
1011 5041 1067 5088 nos
1091 5029 1119 5090 et
1152 5023 1278 5090 tradidit
1300 5041 1348 5090 se-

394 5127 562 5212 metipsum
587 5145 646 5212 pro
668 5127 758 5194 nobis
774 5153 804 5206 »;
835 5155 851 5186 «
866 5129 1033 5212 quoniam,
1061 5145 1134 5194 oum
1161 5127 1277 5194 inimici
1300 5145 1348 5194 es-

395 5247 522 5310 semus,
558 5233 621 5298 Doo
657 5233 846 5298 reconciliati
881 5249 991 5298 sumus
1026 5249 1083 5316 per
1115 5237 1246 5300 mortem
1283 5233 1347 5296 Filii

467 5665 571 5722 ¹Vers
593 5669 633 5718 32.

466 5753 571 5808 ²Vers.
591 5757 639 5818 32;
660 5755 763 5808 tertium
785 5753 895 5808 habetur
914 5771 939 5808 v.
959 5755 999 5808 35.
1021 5761 1046 5806 ei
1062 5761 1185 5822 quartum
1205 5771 1232 5808 v.
1250 5755 1293 5806 36.
1310 5781 1348 5794 -

394 5843 503 5896 interius
521 5855 570 5908 pro
590 5839 1144 5912 555515555555555555555555555555
1163 5843 1221 5894 Vei.
1240 5839 1348 5896 coarctu-

395 5927 435 5982 dii
446 5941 505 5998 per
518 5929 723 5984 retributionem
741 5929 921 6000 sufficentiae.
965 5943 967 5946 ·

469 6013 571 6070 ³llers.
595 6019 636 6070 to.
656 6045 690 6058 -
708 6019 766 6070 Duo
793 6031 867 6084 seqq.
891 6017 941 6070 loci
966 6021 1027 6070 sunt
1048 6019 1116 6070 ioan.
1136 6019 1167 6080 8,
1187 6017 1230 6070 57.
1247 6025 1273 6070 ei
1292 6017 1349 6070 lsai.

395 6103 444 6166 55,
464 6107 489 6158 2.
507 6119 563 6172 seq.
582 6131 619 6144 -
635 6105 744 6158 Interius
761 6103 845 6156 verbo
857 6103 990 6160 enodabat
1001 6105 1059 6158 Vat.
1073 6105 1194 6172 praefigit
1206 6103 1347 6158 ¹Doniimts.

464 6189 477 6220 ⁴
496 6191 570 6244 vers.
592 6193 636 6256 55;
658 6193 720 6244 ibid.
746 6193 822 6244 edam
843 6190 970 6245 hebetur:
989 6193 1046 6246 Nos
1062 6191 1164 6246 scimus
1182 6197 1231 6244 etc.
1248 6219 1284 6232 -
1304 6193 1350 6244 Se-

393 6285 510 6346 quuntur
528 6281 593 6346 Epir.
614 6281 644 6342 5,
665 6283 690 6332 2.
708 6285 735 6332 ei
751 6283 829 6332 Rom.
851 6281 882 6342 5,
902 6281 947 6346 itt,
962 6277 1008 6334 ubi
1019 6279 1134 6332 nonnulli
1148 6281 1226 6334 codd.
1238 6277 1288 6332 Dei
1298 6293 1347 6344 pro

393 6367 448 6418 Deo
469 6365 578 6432 (vadato
597 6367 830 6434 interpunctione).

465 6449 477 6480 ⁵
496 6453 575 6516 Epist.
593 6455 613 6504 l.
630 6455 699 6506 loen.
719 6457 749 6520 3,
768 6455 810 6504 58.
829 6481 866 6492 -
882 6453 1000 6506 Subinde
1012 6455 1158 6518 allegantur
1170 6455 1245 6506 Rom.
1260 6455 1303 6516 52,
1316 6455 1347 6520 2;

393 6541 473 6592 Pron.
492 6541 540 6608 25,
559 6543 601 6592 25.
621 6545 646 6592 ot
665 6543 742 6594 Rom.
761 6541 809 6604 52,
827 6543 870 6592 20.

464 6623 477 6654 ⁶
496 6629 528 6682 Ut
545 6627 639 6680 dicitur
657 6629 733 6682 Eccli.
753 6627 864 6702 i8,to.

464 6711 570 6768 ⁷llere.
590 6715 637 6780 55,
657 6713 702 6768 uni
721 6727 768 6778 pro
791 6709 1007 6766 maledicentibus
1035 6709 1108 6766 nobb
1136 6711 1185 6776 (sic
1208 6715 1270 6762 Luc.
1297 6715 1347 6764 boe

393 6799 462 6866 ioco)
483 6799 595 6864 Vulgata
612 6797 831 6868 persequentibus
851 6811 912 6862 nos,
931 6787 1087 6862 postquem
1108 6799 1125 6850 i.
1144 6799 1209 6850 Petr.
1230 6797 1260 6860 3,
1280 6797 1305 6846 2.

464 6883 571 6938 ⁸Vers
594 6887 635 6938 52.
656 6913 690 6924 -
708 6885 831 6952 Sequitur
849 6887 903 6936 Act
924 6885 953 6948 7,
974 6885 1015 6936 oo.

502 6989 530 7044 S.
549 6991 653 7042 Bonae.
667 7015 701 7028 -
715 6991 794 7042 Tom.
812 6989 865 7042 Vll.

2310 663 2370 730 iai

1412 835 1528 916 eius»,
1550 837 1591 904 ad
1613 837 1770 904 Romanos
1791 837 1912 922 quinto.
1939 835 1974 902 Et
1996 835 2040 902 ita
2062 853 2119 902 nos
2144 833 2292 902 debemus
2314 835 2370 901 ini-

1413 943 1509 1008 micos
1534 943 1671 1026 diligere.
1689 943 1785 1008 -Et
1807 943 1956 1026 quoniam
1979 959 2042 1006 non
2066 939 2181 1006 sufficit
2212 967 2226 996 «
2242 941 2371 1024 diligere
2384 955 2534 1018 naissitanus

1412 1045 1509 1112 55555
1534 1063 1636 1130 neque
1655 1045 1761 1130 lingua
1785 1047 1906 1126 solum,
1928 1045 1982 1114 sed
1998 1063 2095 1130 opere
2108 1053 2143 1112 ei
2165 1045 2369 1126 t·eritate⁵»;
2403 1021 2425 1050 ¹¹¹
2440 1015 2514 1062 ΨΜ·

1412 1149 1481 1216 ideo
1503 1149 1626 1216 subdit:
1662 1153 1745 1216 Bene
1767 1147 1869 1236 facite
1901 1147 1952 1216 its
1982 1149 2042 1238 qui
2072 1149 2370 1226 efternacensis

1412 1253 1452 1318 sit
1480 1253 1635 1318 «dilectio
1671 1255 1737 1320 sine
1769 1255 1967 1322 simulatione
1982 1279 2018 1332 »3
2049 1253 2293 1320 proverbiorum
2326 1253 2369 1318 5-

1412 1357 1530 1442 gesimo
1546 1359 1671 1444 quinto:
1692 1361 1751 1426 «Si
1778 1361 1876 1426 esurit
1901 1361 2047 1426 inimicus
2063 1367 2154 1438 tuus,
2173 1359 2242 1426 ciba
2267 1361 2368 1438 illnm;

1413 1465 1545 1540 sisini,
1574 1472 1684 1546 potunt
1709 1465 1748 1530 da
1776 1465 1817 1532 illi
1844 1491 1879 1544 »ς
1906 1465 1986 1534 idem
2018 1465 2140 1540 dicitur
2157 1465 2194 1530 ad
2219 1467 2370 1534 Rontanos

1412 1571 1606 1636 duodecimo.
2137 1561 2142 1574 ’

1501 1675 1553 1738 66,
1577 1675 1680 1756 (Vers.
1704 1677 1782 1760 25).
1806 1677 1843 1743 Ei
1865 1677 1965 1762 quia6
1993 1703 2008 1736 r
2027 1675 2160 1744 verbum
2183 1677 2298 1744 melius
2322 1687 2367 1744 est
2382 1685 2533 1784 ssqgegggggtta

1412 1795 1505 1862 quarn
1530 1779 1637 1846 datram
1655 1807 1686 1858 »,
1711 1787 1742 1848 et
1765 1799 1869 1848 sermo
1892 1781 2031 1848 declarat
2057 1781 2220 1860 allectum,
2244 1781 2366 1848 subdit:
2504 1769 2511 1780 ’

1412 1883 1594 1948 benedicite
1610 1885 1875 1952 risubciieentibus
1890 1885 1995 1966 uobis,
2013 1887 2045 1950 in
2057 1903 2204 1952 sermone
2217 1885 2367 1970 publium

1411 1995 1440 2054 et
1461 1995 1555 2054 orate
1574 2009 1638 2072 pro
1664 1991 1947 2056 caiumuiuniibus
1973 2011 2046 2068 uos,
2069 1991 2102 2056 in
2132 2007 2279 2056 sermone
2305 1991 2369 2074 pri-

1413 2099 1492 2158 taio.
1508 2093 1707 2172 Benedictis,
1733 2095 1761 2162 in
1784 2113 1929 2162 sermone
1950 2095 2124 2160 manifesto.
2150 2095 2190 2160 ‚td
2209 2095 2268 2160 boc
2292 2097 2368 2176 lpo-

1411 2197 1509 2262 stolus
1533 2197 1570 2262 ad
1597 2201 1748 2266 Bostrenos
1761 2197 1945 2264 duodecimo
1959 2199 1989 2262 ⁷:
2019 2225 2035 2254 a
2053 2197 2226 2264 benedicite
2242 2199 2368 2266 maledi-

1411 2303 1554 2368 centibus
1577 2303 1680 2382 vobis,
1703 2303 1876 2370 benedicite
1901 2309 1932 2368 et
1954 2303 2050 2368 nolite
2077 2301 2262 2368 maledicere
2279 2329 2313 2380 »;
2339 2311 2367 2370 ei

1410 2407 1529 2492 primae
1553 2409 1632 2476 Petri
1651 2409 1757 2476 tertio:
1789 2435 1804 2466 «
1819 2407 1899 2474 Nulli
1919 2409 2036 2474 malum
2059 2425 2117 2492 pro
2132 2407 2214 2470 malo
2238 2407 2367 2474 redden-

1411 2517 1455 2578 tes
1481 2531 1537 2578 neo
1562 2515 1759 2580 maledictum
1787 2533 1844 2598 pro
1869 2515 2048 2592 maledicto,
2072 2511 2125 2578 sed
2156 2513 2367 2592 econtrario,

1410 2617 1674 2686 benedicentes».
1708 2621 1826 2696 Orate,
1860 2617 1951 2684 etiam
1986 2619 2016 2684 in
2053 2635 2195 2686 sermone
2228 2625 2367 2696 secreto,

1409 2725 1557 2806 exemplo
1577 2725 1680 2804 illius,
1696 2724 1736 2792 de
1757 2743 1821 2808 quo
1837 2723 1932 2790 Isaiae
1953 2723 2214 2808 quinquagesimo
2231 2721 2322 2788 tertio
2339 2723 2367 2788 8:

1415 2829 1509 2892 «Pro
1542 2827 1841 2914 transgressoribus¹
1858 2829 1957 2894 oratii
1975 2853 2009 2906 »;
2043 2835 2072 2894 et
2108 2827 2254 2908 exemplo
2285 2827 2368 2894 illius

1408 2935 1658 3018 protomartyris,
1677 2935 1809 2998 ictuum
1823 2933 1972 3016 septimo:
1996 2931 2131 2999 «Positis
2154 2937 2258 2996 antem
2284 2931 2369 3016 geni-

1408 3039 1486 3118 um,
1510 3041 1653 3106 clamarit
1683 3057 1756 3106 roco
1781 3055 1911 3130 magius:
1936 3039 2081 3118 Domine,
2104 3055 2141 3102 ne
2171 3043 2290 3102 statuas
2306 3037 2369 3130 illis

1409 3145 1468 3210 boc
1494 3151 1653 3230 peccatum
1671 3173 1699 3208 ».

1501 3251 1551 3312 or.
1577 3249 1634 3314 Sed
1658 3247 1734 3312 lmic
1756 3247 1939 3312 contrariari
1968 3247 2104 3326 videtur,
2128 3247 2211 3328 quod
2233 3245 2367 3322 Eliscus,
2387 3255 2505 3352 utffqggtp

1409 3351 1512 3434 quarti
1540 3353 1653 3436 Regma
1682 3351 1818 3418 secundo
1829 3351 1854 3430 ⁹,
1880 3351 1979 3418 irattts
2002 3359 2049 3418 est
2072 3349 2181 3436 pueris
2210 3349 2368 3416 irridenti·
2400 3327 2410 3352 ⁵
2491 3339 2496 3352 '

1409 3455 1488 3534 bus,
1505 3463 1535 3520 ei
1554 3457 1632 3522 Elias
1646 3457 1932 3540 quinquagenario,
1948 3457 2052 3542 quarti
2071 3459 2188 3540 Regum
2204 3455 2321 3542 primo,
2338 3465 2369 3522 ei

1409 3561 1524 3626 Paulus
1548 3561 1699 3646 sacerdoti
1724 3579 1863 3638 summo,
1881 3563 2012 3628 initium
2037 3561 2186 3646 vigesimo
2209 3561 2313 3628 tertio.
2327 3597 2369 3610 -·-

1410 3665 1454 3730 ad
1476 3665 1535 3730 boc
1561 3665 1725 3748 respondet
1751 3665 1829 3730 Beda
1842 3667 1879 3742 ¹⁰,
1903 3667 1986 3748 [quod
2004 3667 2064 3732 ism
2084 3691 2100 3724 «
2118 3683 2179 3730 555
2199 3673 2274 3730 sunt
2299 3673 2367 3730 sota

1409 3769 1602 3856 optantium,
1628 3771 1680 3836 sed
1712 3769 1939 3852 praedictiones
1961 3771 2143 3838 futurorum
2164 3793 2199 3848 »3
2228 3769 2274 3836 sel
2308 3789 2368 3836 555

1410 3873 1627 3940 irascebantur
1649 3881 1759 3940 contra
1781 3881 1942 3952 naturam,
1965 3877 2019 3942 sed
2044 3881 2151 3940 cotitra
2181 3873 2302 3940 iititrm
2332 3875 2370 3940 Ui

1410 3979 1493 4044 enim
1507 3979 1580 4044 dicit
1592 3979 1782 4064 augustinus
1798 3981 1839 4042 ¹¹:
1864 4005 1879 4036 «
1892 3979 1941 4044 Sic
1957 3979 2099 4046 homines
2117 3985 2190 4046 sunt
2204 3979 2369 4064 diligendi,

1410 4090 1448 4149 ut
1470 4089 1572 4150 tamen
1589 4103 1699 4150 55555
1724 4103 1785 4150 nou
1811 4083 1980 4168 diligantur
2004 4101 2177 4150 errores».
2201 4085 2370 4168 sicigitur

1409 4189 1464 4254 dat
1485 4189 1665 4256 mandatum
1691 4189 1845 4272 perlectae
1863 4189 2113 4266 boneiotamiae,
2137 4207 2217 4270 quae
2243 4207 2304 4252 nou
2321 4207 2370 4252 so·

1411 4293 1475 4360 lum
1501 4293 1641 4360 consistit
1656 4293 1689 4358 iu
1705 4293 1813 4372 cordo,
1830 4295 1883 4360 scd
1899 4293 1992 4358 etiam
2009 4293 2039 4360 iu
2057 4311 2151 4378 opere
2167 4301 2198 4360 ot
2213 4309 2368 4360 sannone.

1410 4399 1497 4466 Unde
1520 4399 1747 4484 arigernum
1777 4427 1791 4456 a
1809 4401 1851 4464 llo
1876 4399 2038 4466 diledione
2056 4399 2229 4466 Conditoris
2249 4401 2369 4484 lingua,

1411 4521 1500 4570 mens
1523 4511 1551 4570 ot
1577 4521 1689 4568 manus
1712 4505 1894 4588 requiratur
1909 4531 1941 4566 n.

1499 4609 1542 4674 De
1568 4609 1628 4674 boc
1643 4615 1747 4674 atatem
1764 4609 1922 4674 uictridoto
1949 4607 2181 4672 berterrolentiae
2198 4609 2227 4672 in
2246 4625 2367 4672 summa
2389 4617 2530 4714 55ᾱὲἐᾶῌί-

1411 4712 1582 4778 notandum
1604 4719 1665 4788 cst,
1691 4713 1952 4796 quodquoniam
1976 4711 2015 4776 acl
2039 4709 2193 4798 tellectum
2224 4711 2367 4794 astringit
2407 4681 2433 4722 ⁸²
2489 4689 2505 4714 ''

1411 4813 1590 4892 uniuersos,
1613 4823 1767 4898 qumtum
1799 4815 1995 4900 adripiunt
2023 4813 2167 4900 astringit
2198 4815 2367 4900 perlectos,

1410 4925 1564 5002 quantum
1588 4919 1626 4984 ad
1649 4917 1793 5004 effectum
1820 4921 1849 4984 in
1882 4919 2016 4986 articulo
2039 4919 2230 4984 trecassitatis
2261 4935 2368 4984 ornnes

1410 5023 1568 5108 astringit,
1586 5023 1662 5090 citra
1679 5025 1894 5092 necessitatem
1907 5041 1969 5090 555
1985 5023 2131 5108 astringit
2148 5023 2367 5110 insperfeetos,

1412 5125 1469 5192 nisi
1493 5137 1647 5212 qttantum
1676 5129 1811 5214 requirit
1835 5129 1972 5194 debitum
1998 5129 2132 5194 alicuius
2155 5129 2312 5212 praerepti
2331 5129 2367 5194 ¹³.

1414 5231 1578 5318 Perfectus
1614 5241 1720 5300 atatem
1755 5255 1778 5300 5
1815 5243 1906 5300 ,siritu
1943 5233 2162 5318 praelationis
2201 5233 2367 5318 astringit,

1480 5665 1584 5720 ”Vera
1604 5669 1647 5720 23.
1667 5695 1699 5704 -
1721 5671 1778 5720 Duo
1805 5683 1879 5734 seqq.
1907 5671 1957 5720 loci
1985 5675 2045 5720 sum
2074 5669 2116 5720 tv.
2145 5671 2210 5734 Reg.
2243 5671 2263 5730 t,
2292 5671 2318 5720 9.
2343 5675 2369 5720 et

1410 5757 1464 5806 555.
1484 5757 1532 5818 23,
1550 5757 1575 5806 3.

1481 5839 1502 5872 ¹⁰
1522 5843 1590 5896 Libr.
1611 5845 1638 5896 ti.
1657 5843 1682 5894 in
1697 5845 1758 5894 Luc.
1773 5845 1802 5906 5,
1816 5845 1857 5894 28.
1872 5843 1961 5896 Verba
1975 5845 2118 5908 allegantur
2133 5845 2280 5896 secuudum
2293 5845 2367 5896 Glos·

1410 5943 1467 5984 sam
1493 5929 1665 5984 ordinarium
1694 5929 1731 5992 (in
1760 5931 1871 5982 curidum
1892 5931 1968 5996 loc),
1986 5945 2053 5996 qum
2084 5937 2169 5982 tanieu
2190 5945 2247 5996 pro,
2261 5929 2368 5998 praedi·

1411 6013 1508 6070 ctiories
1528 6015 1661 6070 substituit
1675 6015 1935 6082 pruemmtintioues.

1481 6101 1501 6130 ¹¹
1523 6103 1675 6154 555555ῑί55.
1697 6103 1815 6168 Prosperi
1836 6103 1956 6168 Aquitani
1971 6117 2000 6154 cs
2015 6103 2162 6166 augoatno
2180 6103 2367 6166 delibutarum,

1411 6207 1436 6244 5.
1461 6193 1485 6242 2.
1510 6189 1561 6242 Cir.
1586 6191 1709 6254 august,
1734 6191 1849 6242 Enormi.
1874 6189 1900 6240 in
1926 6191 1968 6242 Ps.
1997 6189 2054 6240 ltili.
2079 6203 2104 6238 n.
2130 6189 2157 6242 5.
2174 6193 2200 6238 ct
2219 6189 2305 6252 Sernt.
2327 6187 2367 6238 aa.

1412 6277 1563 6346 (51555237.
1583 6277 1616 6328 dc
1636 6277 1778 6340 Tempore)
1797 6291 1821 6328 c.
1841 6277 1864 6328 ti.
1884 6291 1912 6328 n.
1930 6277 1956 6328 5.
1975 6289 2048 6342 seqq.

1481 6361 1502 6392 ¹²
1523 6363 1593 6416 libr.
1612 6365 1638 6416 tt.
1659 6365 1751 6416 llomil.
1774 6367 1799 6414 in
1819 6367 1918 6428 Erang.
1939 6363 2134 6416 irentiaco.
2162 6365 2190 6426 2,
2211 6361 2254 6414 ubi
2276 6377 2325 6426 pro
2344 6365 2367 6414 et

1411 6463 1509 6502 rimatus
1529 6457 1611 6502 tortus
1628 6449 1762 6514 originalis
1782 6453 1806 6502 et
1825 6449 1887 6502 tito.

1482 6533 1764 6590 ”cicilianum
1791 6537 1835 6588 30.
1862 6553 1888 6604 q.
1919 6535 1941 6588 i.
1971 6541 1994 6586 et
2024 6535 2047 6586 5.
2069 6563 2105 6574 -
2126 6535 2164 6586 Do
2191 6547 2247 6602 seq.
2274 6535 2367 6600 triplici

1412 6631 1478 6676 stetu
1491 6628 1668 6688 perlectorum
1686 6627 1734 6676 cir.
1754 6627 1781 6676 S.
1799 6625 1914 6688 Bonam,
1932 6623 2044 6688 apolog.
2064 6637 2227 6688 pauperum,
2243 6623 2324 6688 Resp.
2347 6624 2367 6676 l.

1412 6725 1433 6764 c.
1459 6713 1485 6764 3.
1502 6739 1538 6752 -
1556 6709 1620 6766 Cod.
1639 6713 1659 6766 C
1677 6713 1754 6776 legit:
1773 6715 1881 6780 praeiet·
1901 6709 2100 6774 necessitatem,
2123 6709 2151 6762 si
2173 6709 2303 6778 astringit
2321 6709 2367 6764 im·

1407 6797 1540 6864 perfectos
1558 6811 1612 6852 non
1631 6803 1684 6864 est,
1705 6799 1757 6850 uisi
1776 6799 1802 6852 iu
1821 6803 1954 6866 qtututum
1973 6795 2091 6864 requirit
2108 6805 2171 6862 cic.;
2192 6799 2230 6850 u:
2255 6803 2367 6868 praeter

1412 6884 1593 6940 riceeasitotem
1613 6901 1675 6940 cero
1693 6899 1746 6940 iton
1766 6883 1894 6954 ustrutqit
1914 6883 2097 6952 inperfectos,
2121 6883 2169 6940 sed
2192 6885 2219 6940 si
2240 6887 2367 6958 usbt'uqii

2226 6995 2258 7046 io
