5908 8266
524 641 587 706 570

521 815 735 894 condemnari,
762 815 851 902 quia,
870 821 905 884 ut
929 817 1044 884 dicitur
1062 817 1197 884 ictuum
1219 815 1371 902 vigesimo
1386 817 1478 902 quin-

521 931 551 990 to
568 925 588 1002 ¹,
613 949 630 982 «
647 939 710 988 non
732 927 780 988 est
795 911 991 990 consuetudo
1009 923 1151 990 Romanis
1166 923 1319 990 damnare
1340 923 1478 1006 aliquem

520 1031 697 1106 hominem,
726 1027 911 1112 priusquam
938 1029 964 1094 is
995 1029 1050 1114 qui
1081 1035 1266 1106 occursator,
1299 1033 1479 1122 praesentes

520 1137 635 1202 haheat
655 1141 854 1202 accusatores
884 1137 1052 1220 locumque
1077 1133 1261 1202 defendendi
1284 1133 1416 1218 accipiat
1440 1133 1479 1198 ad

368 1253 500 1298 ruentum·
519 1241 674 1308 abluenda
706 1239 837 1306 crimina
853 1265 885 1304 s.
916 1239 987 1306 ldeo
1019 1239 1194 1306 secundum
1224 1235 1307 1304 iuris
1334 1235 1478 1304 ordinem

518 1355 590 1414 ante
614 1347 761 1414 lationem
783 1345 956 1412 sententiae
980 1361 1107 1412 neeesse
1131 1351 1179 1412 est
1194 1343 1383 1428 praecedere
1404 1359 1479 1428 par-

518 1453 598 1520 tium
631 1451 901 1532 convocationem,
932 1449 1050 1536 quihus
1078 1449 1274 1526 conuocatis,
1307 1447 1479 1532 proceden-

518 1559 594 1624 dum
620 1563 675 1626 est.
758 1587 761 1594 ·
963 1621 964 1624 ,

611 1667 659 1730 l8.
686 1663 785 1746 (Vers.
815 1661 888 1746 lt).
914 1661 1173 1730 ldeosubditur:
1199 1657 1294 1726 Dicit
1313 1661 1362 1726 eet
1382 1657 1479 1726 illes.-

377 1775 499 1824 nauata.
521 1769 692 1838 cernentes
725 1765 811 1836 anibi
839 1765 929 1834 lanne
957 1765 1122 1834 nerninem
1151 1765 1253 1854 qnasi
1282 1771 1480 1832 auertentem

514 1877 700 1964 paepnlern,
737 1875 901 1942 recolendo
938 1859 1205 1950 accusationem:
1240 1871 1323 1940 unde
1358 1871 1481 1940 loannis

517 1985 638 2050 tlecimo
653 1991 763 2050 octavo
776 1983 804 2048 2:
824 2009 839 2040 ιε
857 1981 921 2048 Nisi
943 1985 1024 2048 esset
1041 1979 1092 2048 hic
1116 1977 1307 2060 malefactor,
1326 1997 1389 2048 non
1416 1986 1480 2048 tra-

517 2089 705 2156 didissemus
729 2105 803 2156 eum
825 2087 881 2154 tibi
897 2111 930 2152 ε.

611 2195 660 2262 lt.
686 2195 788 2280 (Vers.
822 2193 873 2258 lu.
909 2191 984 2278 le).
1007 2189 1137 2278 etpost
1170 2193 1400 2262 accusationem
1421 2213 1481 2288 ,se-

380 2313 500 2370 tenuistis
518 2303 630 2390 quitur
662 2301 851 2390 inquisitio,
881 2301 950 2368 ideo
983 2301 1110 2370 subdit:
1145 2303 1187 2370 Et
1217 2321 1302 2382 eece,
1338 2321 1395 2390 epo
1428 2289 1482 2370 co·

517 2429 597 2476 rern
621 2407 711 2476 eolis
735 2409 963 2498 internecuno,
988 2409 1117 2476 nullent
1139 2429 1284 2478 caesena
1310 2411 1422 2478 inueni
1442 2411 1481 2478 in

518 2513 647 2582 bomine
672 2515 733 2582 isto
754 2535 796 2582 eae
818 2513 885 2596 leis,
912 2515 947 2582 in
971 2515 1188 2606 quibuscum
1214 2517 1391 2582 accusatis.
1417 2515 1481 2582 Sed

516 2641 620 2710 nepae
633 2621 790 2690 Heroas.
813 2621 904 2690 Nona
920 2621 1038 2690 rentisi
1057 2643 1116 2690 ees
1130 2623 1178 2690 ad
1192 2621 1289 2690 illurn
1300 2623 1330 2702 ³,
1351 2629 1380 2688 et
1395 2641 1479 2702 eece,

517 2725 606 2794 nituit
625 2729 765 2816 dignane
789 2737 891 2796 rnorte
916 2737 1030 2796 netarn
1052 2737 1101 2796 est
1125 2729 1171 2808 ei,
1194 2727 1386 2796 ostendendo
1410 2727 1479 2794 eius

518 2835 742 2914 innocentiam,
766 2853 863 2920 quam
885 2835 1021 2900 ostendit
1044 2853 1102 2918 per
1123 2833 1389 2900 examinationem
1406 2849 1479 2914 pro-

517 2939 619 3024 priam
641 2945 675 3006 et
703 2939 846 3006 alienam.
869 2939 957 3004 Unde
986 2939 1137 3004 Glossa4:
1166 2963 1182 2996 (ι
1207 2937 1323 3003 Pilatus
1343 2933 1478 3014 latetur,

517 3063 575 3110 nee
599 3061 630 3110 se
656 3061 712 3110 nec
743 3041 896 3110 Herodem
920 3041 1039 3128 aliquid
1060 3041 1095 3108 in
1124 3041 1307 3120 occidendo,
1334 3039 1383 3106 uel
1407 3040 1479 3106 illu-

517 3149 618 3218 dendo
641 3149 765 3216 Christe
789 3149 944 3214 inuenisse
962 3175 990 3212 u.
1016 3149 1093 3214 Nam
1114 3155 1149 3216 et
1169 3154 1255 3214 recte
1286 3147 1331 3212 illi
1354 3165 1478 3232 compe-

518 3257 555 3322 tit
579 3257 658 3322 illud
680 3253 840 3322 Psalmii:
868 3279 883 3312 (ε
901 3253 973 3340 igne
994 3273 1045 3322 me
1064 3253 1269 3336 examinasti,
1291 3261 1324 3322 et
1345 3273 1408 3320 non
1430 3259 1478 3322 est

518 3363 645 3428 inuenta
668 3359 699 3428 in
723 3377 774 3428 me
796 3359 991 3446 iniquitas».

606 3469 660 3534 20.
683 3467 785 3554 (Vers.
803 3467 879 3552 ld).
905 3467 940 3534 ut
965 3469 1038 3554 quia
1054 3470 1150 3536 talem
1172 3467 1318 3554 iniquum
1342 3473 1390 3536 est
1405 3487 1478 3536 con-

388 3581 498 3680 Sissiiffii
517 3573 674 3652 damnari,
707 3573 777 3640 ideo
799 3571 921 3640 subdit:
958 3573 1176 3642 intendatant
1209 3593 1286 3662 erpo
1310 3573 1405 3640 illene
1427 3575 1478 3640 di-

437 3647 452 3690 q
481 3665 486 3678 ’
517 3679 663 3762 enittern,
686 3679 896 3764 praedicendo
917 3699 1050 3768 aequam
1069 3679 1275 3762 sententiam;
1298 3681 1377 3748 haee
1394 3681 1476 3748 enim

518 3787 669 3854 sententia
693 3791 762 3854 erat
783 3785 912 3854 terenda
943 3787 1118 3854 seeundum
1149 3787 1319 3870 iustitiam,
1341 3805 1384 3856 ex
1414 3807 1478 3874 que

518 3893 724 3962 accusabatur
747 3893 918 3974 innocens3
950 3893 1004 3962 sed
1028 3893 1145 3962 Pilatus
1166 3895 1227 3962 hoe
1250 3911 1314 3962 non
1339 3893 1479 3980 audebat

517 4001 641 4082 faeere,
674 4001 729 4068 sed
769 4001 942 4086 quaerebat
973 4019 1139 4070 assensum
1172 4001 1272 4088 pertis
1308 4001 1475 4082 aduersae,

518 4107 702 4188 ostendens,
724 4105 811 4194 qued
834 4125 897 4174 nen
923 4113 1047 4194 poterat
1073 4107 1213 4176 damnari
1238 4107 1338 4188 iuste;
1370 4127 1409 4174 ne
1434 4115 1478 4174 ta-

517 4231 589 4282 men
606 4221 738 4300 possent
771 4213 921 4299 conqueri
946 4215 983 4282 de
1017 4213 1200 4282 remissione
1233 4213 1364 4294 iudicis,
1388 4215 1479 4282 otiert

517 4319 711 4406 punitionem
734 4319 873 4388 accusati
902 4319 935 4386 in
956 4319 1019 4388 hoc
1046 4319 1131 4406 quod
1153 4319 1247 4400 dicit,
1270 4337 1305 4388 se
1327 4319 1479 4388 ernenda-

518 4433 605 4506 turn,
623 4425 654 4492 id
668 4433 716 4494 est
731 4425 936 4510 flagellatum,
952 4425 1109 4492 dimittere
1122 4425 1209 4492 uelle.
1226 4425 1315 4492 Unde
1329 4425 1438 4492 Glossa
1449 4427 1477 4492 6:

510 4559 537 4592 -«
553 4531 669 4618 Flagris
706 4539 735 4600 et
770 4529 933 4612 ludibriis,
966 4537 1125 4618 quantum
1157 4531 1291 4612 iubetis,
1325 4531 1478 4612 alliciam,

517 4637 688 4706 dummodo
710 4657 751 4708 ne
773 4637 886 4706 sitiatis
908 4637 1076 4706 innoxium
1092 4637 1277 4724 sanguinem
1290 4663 1325 4720 »;
1349 4657 1391 4708 ex
1415 4659 1479 4726 qno

516 4755 647 4834 apparet
669 4745 879 4834 repugnantia
893 4745 1160 4814 condemnationis
1184 4751 1214 4814 et
1238 4745 1315 4832 legis
1329 4745 1477 4814 iustitiae.

588 5093 597 5124 ¹
620 5097 695 5150 Vers.
707 5097 751 5158 Ι16,
764 5093 811 5148 ubi
823 5093 841 5148 C
854 5095 906 5146 DH
920 5095 1044 5148 omittunt
1057 5093 1199 5158 eumenen,
1209 5099 1236 5146 ot
1246 5093 1272 5144 in
1286 5093 1337 5144 line
1351 5093 1395 5146 AC
1405 5095 1481 5144 DEH

517 5185 608 5248 legunt
626 5181 662 5236 od
677 5183 826 5252 perpende
845 5183 879 5252 [E
893 5181 1092 5252 expurganda,
1113 5183 1134 5234 H
1152 5179 1298 5248 abluenda]
1314 5183 1481 5248 peecata.—

518 5273 644 5336 Superins
663 5285 711 5336 pro
731 5259 834 5324 ueteres
855 5267 937 5324 ΑΕΒ
951 5273 1087 5324 auctores.

589 5357 600 5390 2
621 5359 696 5412 Vers.
714 5359 758 5410 30.
769 5387 806 5396 —
818 5359 908 5408 Glossa
929 5355 1070 5410 ordinaria
1091 5355 1132 5422 (ex
1145 5353 1227 5422 Beda)
1244 5357 1269 5406 in
1291 5357 1353 5408 Lua
1372 5357 1420 5422 23,
1434 5357 1480 5410 ll:

517 5449 648 5514 Querulum
671 5447 786 5500 studium
805 5433 951 5508 ¹dimittendi
966 5447 1052 5496 lesum
1065 5441 1161 5496 Pilatus
1174 5443 1281 5508 habeat,
1301 5445 1413 5496 attende.
1432 5445 1482 5496 Pri·

517 5549 563 5586 tne
580 5535 630 5588 illis
649 5531 834 5586 accusantibus
848 5531 924 5594 dicit,
937 5545 964 5582 se
985 5531 1047 5584 nihil
1065 5543 1161 5584 causae
1175 5531 1199 5582 in
1219 5543 1250 5582 eo
1268 5531 1416 5594 inuenisse3
1435 5531 1482 5584 de-

516 5621 579 5676 inde
599 5621 721 5676 tamenin
737 5621 839 5686 incepto
860 5617 1059 5684 persistentibus
1077 5619 1156 5672 mittit
1175 5619 1206 5672 ad
1227 5618 1371 5684 Herodem,
1394 5627 1423 5672 nt
1440 5633 1482 5672 ex·

489 5775 492 5782 ⁴
516 5711 616 5774 ploret,
634 5723 669 5762 an
687 5711 731 5764 ille
748 5709 845 5774 aliquid
866 5707 972 5762 sceleris
991 5709 1014 5760 in
1036 5723 1065 5762 eo
1085 5707 1203 5760 inuenire
1224 5709 1320 5774 pessit,
1346 5723 1377 5762 an
1396 5709 1481 5762 dimit·

517 5799 627 5852 tendum
652 5801 784 5852 decernat.
809 5797 929 5864 Denique
946 5799 1059 5852 Heredis
1086 5797 1175 5864 agnita
1199 5800 1348 5864 voluntate,
1371 5813 1421 5852 nee
1442 5801 1482 5852 in·

515 5891 595 5940 vento
615 5889 639 5940 in
660 5889 717 5942 lesu
737 5885 866 5950 facinore,
883 5885 969 5950 plebis
982 5885 1134 5940 sententiam
1155 5887 1272 5954 altaerit,
1292 5887 1334 5940 eui
1353 5903 1434 5940 unum
1454 5889 1480 5942 in

516 5977 616 6030 Pascha
642 5981 747 6044 oportet
774 5975 878 6030 dimitti.
908 5978 1002 6030 lterum
1030 5977 1110 6030 eliam
1127 5975 1203 6030 tertio
1224 5979 1316 6030 uolens
1336 5977 1479 6042 dimittere,

516 6065 669 6130 interrogat.
689 6067 741 6120 Sed
758 6071 858 6132 quanto
875 6065 1005 6120 curiosius
1025 6065 1158 6120 dimittere
1178 6067 1295 6134 quaerit,
1319 6067 1481 6120 criminosio-

516 6167 559 6208 res
578 6155 612 6210 ad
629 6169 723 6208 necem
741 6155 798 6208 eius
816 6155 924 6208 invenit.
1220 6205 1221 6208 ,

589 6239 602 6274 ³
618 6243 701 6296 Cedd.
723 6241 771 6296 AC
784 6243 835 6296 ΒΗ
854 6243 927 6300 Nem
944 6243 1050 6298 remisit
1067 6243 1148 6298 illrum
1166 6243 1202 6296 ed
1220 6257 1269 6298 nos
1289 6243 1351 6312 [CD
1368 6243 1407 6298 cd
1418 6257 1478 6310 ees,

516 6335 546 6386 B.
563 6333 663 6386 albert.
681 6333 720 6386 ad
737 6329 801 6400 nee].

588 6419 601 6450 4
619 6423 722 6474 Scilicet
740 6419 881 6474 ordinaria
902 6419 943 6488 (ex
963 6421 1059 6488 Bedat:
1073 6421 1113 6472 Ad
1125 6419 1338 6484 exprobrandam
1356 6419 1479 6474 duritiem

517 6509 674 6564 ludaeorum
692 6511 735 6562 vel
754 6509 891 6572 getrtilium
912 6509 1004 6562 latetur
1024 6509 1147 6562 Pilatus..
1164 6509 1308 6574 iuvenisse,
1322 6509 1368 6560 sed
1381 6509 1480 6562 alienae

518 6599 677 6650 crudelitatis
695 6595 855 6650 elamoribus
872 6597 1083 6662 obtemperasse.

590 6685 601 6716 ⁵
618 6677 715 6740 Psalm.
735 6683 783 6750 lii,
802 6687 828 6736 3.
1242 6753 1245 6758 Ι

590 6773 720 6840 6Νεειρε
746 6771 927 6826 interlinearis
954 6773 993 6840 (ex
1020 6773 1100 6840 Beda)
1124 6773 1152 6824 in
1180 6773 1243 6824 Luc.
1270 6773 1318 6836 23,
1344 6773 1392 6838 ts;
1405 6771 1479 6840 ibid.

519 6863 607 6916 Glossa
626 6859 769 6916 ordinaria
789 6861 831 6928 (ex
849 6861 980 6924 ambros,
999 6861 1033 6912 X.
1049 6863 1078 6912 tn
1095 6863 1159 6912 Luc.
1174 6875 1199 6914 c.
1218 6861 1262 6912 23.
1280 6873 1306 6910 n.
1327 6857 1394 6924 Pel:
1418 6859 1480 6912 Pila·

521 6965 560 7004 tus
578 6951 691 7006 absolvit
704 6953 801 7014 lesum,
822 6963 903 7016 quem
921 6947 1017 7012 prohat
1028 6949 1209 7010 innocentem,
1227 6947 1275 7000 sed
1293 6953 1323 6998 ut
1343 6947 1488 7010 implerem-¹

1008 625 1009 628 ‘
1088 641 1281 710 coniurans.
1307 643 1343 710 m
1366 641 1605 710 uulneratum
1629 641 1748 710 tecla
1770 639 1804 706 e.
1828 639 1929 704 nxrrr.

1633 821 1686 884 al.
1703 817 1804 902 (Pers.
1824 815 1897 898 le).
1916 813 2059 882 Secundo
2073 821 2228 900 attentum
2249 815 2288 882 ad
2312 833 2502 900 repugnen-
2519 831 2568 878 εει
2583 829 2658 886 impia.

1544 923 1626 990 tiam
1649 923 1935 990 condernrtetienis
1955 929 1988 988 et
2008 923 2255 988 corrsnetadinis
2274 921 2355 1004 piae
2370 919 2502 988 subiun-

1542 1027 1601 1112 git:
1627 1027 1761 1096 Necesse
1782 1035 1893 1094 autern
1919 1027 2058 1094 habebat
2078 1027 2243 1094 dintittere
2264 1027 2310 1094 ee'c
2329 1045 2391 1112 per
2417 1027 2502 1096 diem

1541 1129 1663 1220 fhstern
1688 1153 1805 1200 anttne.
1829 1135 1908 1200 Haec
1939 1141 2046 1202 autem
2067 1135 2238 1202 necessitas
2259 1151 2322 1200 non
2356 1133 2502 1202 manabat

1543 1257 1584 1306 er
1608 1239 1761 1326 imperiali
1786 1241 1871 1320 iure,
1893 1241 1948 1308 sed
1972 1259 2013 1310 en
2030 1241 2271 1320 eonsuetudine;
2297 1239 2379 1308 unde
2406 1241 2501 1308 liabe-

1543 1347 1645 1414 nusi:
1677 1347 1773 1412 «Non
1805 1347 1976 1434 imperialis
1998 1349 2073 1436 legis
2099 1347 2274 1426 sanctione,
2309 1347 2363 1412 sed
2397 1365 2501 1416 annue

1544 1451 1662 1532 gentis,
1685 1451 1739 1518 cui
1759 1471 1817 1538 per
1832 1451 1908 1520 talia
1930 1453 2054 1538 placere
2067 1453 2242 1540 gaudebat,
2264 1451 2410 1518 deuictus
2428 1469 2501 1520 con-

1544 1557 1709 1628 suetudine
1727 1587 1755 1628 u.
1773 1561 1854 1630 llaec
1876 1567 1983 1628 autem
1997 1561 2190 1652 consuetude
2216 1565 2284 1630 erat
2299 1559 2330 1624 in
2355 1559 2406 1658 dio
2423 1559 2502 1628 festo

1544 1665 1678 1748 paschae
1712 1667 1745 1734 in
1785 1667 1968 1736 memoriam
2001 1667 2193 1736 liberationis
2229 1665 2336 1754 pepuli
2373 1663 2414 1732 de
2446 1667 2502 1734 de-

1544 1769 1685 1856 gyptiaca
1711 1775 1879 1850 seruitute3
1907 1773 1990 1838 unde
2011 1773 2132 1840 loannis
2156 1773 2276 1840 decimo
2294 1771 2432 1840 octauo8
2456 1771 2502 1838 di-

1544 1875 1639 1958 citur,
1666 1879 1749 1966 quod
1778 1907 1794 1938 ε
1809 1877 1891 1946 dixit
1923 1877 2055 1946 Pilatus:
2089 1877 2139 1946 Est
2171 1885 2278 1946 auum
2307 1879 2502 1946 consuetudo

1544 1985 1650 2066 vohis,
1682 1993 1719 2056 ut
1749 2005 1851 2054 unum
1878 1985 2034 2052 dimittam
2057 1985 2148 2052 robis
2177 1985 2211 2050 in
2240 1977 2372 2072 paseha;
2406 1985 2502 2052 uultis

1544 2107 1635 2180 erge,
1661 2099 1695 2162 ut
1721 2093 1872 2160 dimittam
1899 2091 1986 2158 uehis
2009 2109 2114 2176 regem
2141 2089 2328 2158 ludaeorum
2346 2095 2389 2156 »l

1632 2201 1685 2268 Si.
1712 2201 1811 2284 (Pers.
1842 2199 1916 2284 l8.).
1941 2199 1977 2264 Et
1998 2199 2077 2264 haee
2098 2195 2214 2266 oblatio
2235 2201 2303 2264 erat
2328 2195 2501 2264 seeundum
2521 2213 2627 2310 eleanan

1545 2323 1665 2374 morem
1686 2307 1887 2386 clementiae,
1913 2305 1967 2374 sed
1992 2305 2075 2372 banc
2099 2311 2224 2374 recusat
2245 2303 2436 2392 peruersitas
2454 2303 2503 2372 lu-

1544 2413 1695 2482 daeorum
1720 2415 1750 2480 in
1775 2413 1915 2494 Christ03
1939 2421 1971 2480 et
1992 2412 2061 2480 ideo
2087 2413 2182 2504 addit:
2210 2411 2418 2480 declamauit
2441 2431 2503 2478 ae-

1544 2527 1607 2588 tent
1628 2519 1755 2588 εεεεεί9
1788 2521 1947 2588 oniense
1973 2519 2088 2600 tarda,
2117 2519 2250 2588 dicens:
2290 2519 2374 2586 Tolle
2398 2515 2501 2598 dane,

1543 2633 1572 2690 et
1595 2627 1721 2692 dirnitte
1741 2627 1838 2694 nodis
1859 2627 2064 2694 Barahham.
2090 2627 2152 2694 Hoc
2172 2634 2279 2694 autem
2295 2627 2386 2710 petiit
2408 2627 2504 2692 turba

1543 2733 1582 2798 ad
1598 2731 1831 2816 suggestionem
1847 2731 2025 2816 principum
2041 2737 2074 2798 et
2090 2733 2283 2810 scribarum;
2306 2733 2392 2800 unde
2407 2731 2503 2798 Marci

1541 2837 1664 2904 decimo
1679 2837 1791 2920 quinto
1804 2837 1846 2900 ²⁰:
1866 2861 1884 2894 «
1898 2837 2058 2902 Pontifices
2072 2843 2175 2902 autem
2189 2837 2425 2903 concitauerunt
2439 2845 2505 2902 tnr-

1541 2939 1629 3020 ham‚
1656 2945 1691 3006 ut
1715 2939 1813 3026 magis
1837 2939 2010 3008 Barahbam
2025 2939 2198 3008 dimitteret
2218 2941 2265 3008 eis
2279 2965 2310 3004 u.
2336 2943 2370 3008 et
2387 2941 2418 3006 in
2444 2943 2504 3008 hoe

1541 3053 1671 3132 apparet
1687 3063 1797 3112 eorum
1814 3045 1998 3126 crudelitas,
2016 3045 2090 3132 quia
2104 3047 2244 3132 piissimo
2262 3047 2392 3114 Domino
2410 3067 2503 3134 prae-

1541 3153 1686 3218 tulerunt
1709 3151 1928 3236 impiissimum
1943 3151 2151 3220 «homicidam.

1631 3257 1683 3326 23.
1710 3259 1810 3344 (Vers.
1838 3259 1911 3342 lu).
1939 3257 2010 3326 ideo
2031 3257 2155 3326 subdit:
2183 3253 2250 3342 cet
2273 3267 2345 3324 eret
2364 3265 2664 3344 propteroenaraua.

1541 3365 1732 3434 seditionem
1757 3365 1928 3454 quaerelam
1952 3363 2081 3452 facturn
2103 3365 2140 3432 in
2162 3365 2294 3434 civitate
2315 3373 2341 3430 et
2366 3363 2503 3432 domici-

1541 3473 1638 3540 dinrn
1660 3473 1785 3538 missas
1809 3473 1844 3540 in
1868 3491 2051 3552 carcerem,
2076 3477 2106 3542 et
2131 3473 2173 3538 ita
2196 3479 2265 3540 erat
2286 3471 2453 3538 seditiosus
2468 3479 2502 3542 et

1541 3579 1714 3660 homicida,
1737 3579 1868 3666 insuper
1891 3585 1921 3646 ei
1947 3581 2040 3660 latro,
2067 3581 2147 3648 sicut
2171 3579 2285 3646 dicitur
2310 3577 2433 3644 loannis
2447 3577 2501 3646 de-

1542 3685 1624 3752 cimo
1654 3689 1823 3754 octavo11:
1852 3713 1869 3746 «
1884 3689 1957 3754 Erat
1979 3693 2085 3754 autem
2109 3687 2265 3754 Barahhas
2288 3685 2370 3752 latro
2390 3711 2421 3750 u.
2452 3685 2501 3752 lix

1544 3813 1607 3878 quo
1632 3799 1767 3880 apparet
1791 3793 1980 3860 ludaeorum
2012 3791 2216 3878 peruersitas,
2243 3791 2317 3876 quia
2346 3791 2500 3858 Salvatori

1541 3899 1763 3986 praetulerunt
1777 3899 1979 3978 seditiosum,
1998 3897 2187 3968 benefactori
2202 3899 2306 3966 iurem
2330 3903 2363 3964 et
2377 3899 2498 3964 auctori

1541 4007 1626 4072 uitae
1647 4005 1869 4090 praetulerunt
1897 4005 1996 4070 vitam
2025 4005 2216 4084 homicidam
2250 4003 2331 4070 unde
2365 4003 2499 4070 ictuum

1541 4111 1653 4180 tertio:
1684 4137 1700 4170 <t
1714 4111 1776 4178 Vos
1801 4117 1944 4178 sanctum
1960 4115 1993 4178 et
2015 4109 2133 4178 iustum
2157 4107 2295 4196 negastis
2309 4115 2340 4176 et
2364 4109 2499 4194 petistis,

1541 4217 1648 4286 uirum
1672 4217 1861 4284 homicidam
1884 4217 1993 4284 donari
2010 4217 2118 4296 robis;
2140 4223 2303 4284 auctorem
2325 4233 2402 4282 vero
2419 4215 2500 4284 ritae

1541 4323 1788 4392 interfecistis».
1814 4325 1850 4390 Et
1883 4323 1959 4390 haee
1983 4323 2043 4388 luit
2066 4341 2190 4388 summe
2211 4319 2372 4406 impietas,
2404 4319 2500 4388 uitam

1542 4427 1675 4496 reddere
1697 4427 1887 4496 destructori
1910 4435 1942 4496 et
1963 4429 2089 4496 aulerre
2114 4429 2208 4496 vitam
2234 4427 2309 4494 fonti
2333 4425 2431 4492 tetius
2453 4427 2500 4492 ui-

1543 4539 1611 4614 tae;
1627 4535 1710 4602 unde
1727 4533 1833 4600 Glossa
1844 4535 1885 4600 ²2:
1907 4559 1924 4592 «
1940 4535 1998 4618 Qui
2013 4553 2073 4620 pro
2088 4533 2158 4602 lesu
2174 4535 2345 4610 latronem,
2363 4547 2421 4616 pro
2436 4532 2502 4598 Sal-

1543 4647 1650 4706 retere
1676 4639 1923 4722 interfectorem,
1952 4659 2011 4726 pre
2044 4641 2151 4708 datore
2175 4639 2255 4706 ritae
2288 4637 2501 4722 ademptorem

1543 4747 1706 4832 elegerunt
1731 4747 1843 4814 merito
1868 4747 2000 4814 salutem
2024 4745 2231 4830 perdiderunt
2252 4749 2284 4808 et
2306 4741 2402 4810 uitam
2420 4769 2450 4808 t.

1546 5099 1586 5146 tur
1607 5093 1767 5156 Scripturas,
1788 5093 1899 5144 absoluit
1919 5093 2025 5160 quidem
2045 5093 2155 5156 iudicia,
2174 5105 2252 5158 quern
2274 5097 2360 5144 tamen
2373 5091 2502 5156 crureifigit

1545 5179 1679 5244 mysterio.
1734 5231 1740 5246 ,

1616 5265 1625 5296 ¹
1645 5267 1714 5318 libr.
1735 5267 1797 5318 Vlll.
1815 5267 1964 5320 Crinrrnent.
1977 5267 2001 5318 in
2021 5267 2174 5332 eleuther,
2194 5267 2237 5334 15,
2256 5267 2303 5318 urbi
2321 5267 2439 5334 sequitur
2458 5269 2501 5320 Be·

1545 5357 1620 5422 dam,
1640 5357 1682 5409 tl.
1703 5357 1730 5408 in
1748 5359 1809 5410 Luc.
1830 5359 1875 5420 23,
1904 5357 1948 5420 li,
1969 5357 2012 5424 qui
2039 5373 2088 5422 pro
2106 5357 2224 5412 devictus
2249 5355 2295 5422 (ita
2312 5357 2393 5408 etiam
2412 5359 2502 5412 Glossa

1545 5443 1728 5500 interlinearis
1746 5445 1773 5496 in
1793 5447 1856 5498 Luc.
1873 5441 1921 5512 23,
1941 5445 1994 5514 ll.)
2015 5445 2148 5498 substituit
2166 5445 2312 5500 deuinctus.

1616 5531 1626 5562 ⁸
1646 5535 1722 5586 vers.
1740 5533 1789 5598 393
1801 5535 1848 5586 clr.
1867 5535 1892 5584 S.
1908 5535 2021 5600 Bonam,
2040 5533 2184 5588 Commeat.
2197 5535 2225 5586 in
2243 5537 2313 5586 luen.
2327 5549 2349 5588 c.
2364 5535 2406 5588 ts.
2418 5549 2445 5586 n.
2459 5533 2500 5588 72.

1616 5619 1626 5650 ⁹
1646 5621 1729 5676 Cedd.
1746 5621 1766 5676 C
1780 5623 1828 5674 oo
1840 5625 1860 5674 ll
1878 5623 2000 5676 omittunt
2014 5621 2104 5678 sterent.
2117 5653 2155 5666 -
2167 5623 2292 5690 Superius
2305 5637 2355 5690 pro
2373 5621 2421 5678 sed
2432 5621 2502 5678 liene

1544 5715 1655 5768 recuset
1673 5715 1693 5766 l]
1714 5711 1774 5770 ticet
1790 5713 1860 5768 tratre
1877 5717 2026 5770 recusaret.

1616 5801 1638 5832 ¹⁰
1658 5805 1731 5856 Vers.
1751 5805 1797 5870 tl,
1817 5819 1866 5870 pro
1885 5819 1938 5872 ouo
1958 5805 2017 5858 tat.
2030 5805 2123 5870 allegat
2142 5807 2229 5858 llatth.
2245 5801 2291 5870 27,
2306 5803 2354 5856 20:
2367 5803 2503 5868 Principes

1544 5881 1632 5944 alutem
1653 5891 1818 5946 sacerdotum
1839 5897 1863 5944 et
1881 5891 1996 5946 seniores
2009 5897 2196 5958 persuaserunt
2210 5891 2313 5958 populis
2324 5929 2332 5954 ‚
2344 5897 2373 5944 nt
2386 5897 2503 5956 peterent

1544 5979 1701 6034 Barahham.

1616 6069 1637 6100 ¹¹
1658 6071 1733 6122 Pers.
1754 6071 1794 6122 le.
1808 6069 1974 6122 -Subinde
1992 6071 2118 6134 allegatur
2138 6071 2192 6122 det.
2214 6071 2241 6136 3,
2262 6071 2300 6122 ll.
2322 6083 2377 6136 seq.
2390 6099 2424 6110 -
2444 6071 2503 6122 lule·

1543 6159 1599 6212 rins
1616 6173 1665 6224 pro
1683 6159 1768 6214 citent
1787 6157 1933 6214 ltomieidce
1955 6157 2004 6224 (ita
2024 6157 2085 6226 Ch)
2104 6155 2387 6222 acoenonoetus.
2410 6155 2503 6212 eirene

1544 6245 1716 6302 homicidam.

1615 6331 1639 6362 ²²
1659 6335 1761 6388 Scilicet
1779 6331 1919 6388 ordinarie
1940 6331 1981 6400 (ex
1995 6333 2077 6402 Beda)
2095 6335 2121 6386 in
2135 6335 2199 6386 Luc
2212 6335 2259 6394 23,
2282 6331 2322 6384 t8.
2340 6333 2390 6386 Pro
2408 6331 2503 6386 datore

1544 6421 1614 6476 citae
1634 6425 1656 6476 D
1672 6425 1794 6476 creatore
1819 6421 1902 6486 citae,
1914 6425 1941 6474 et
1955 6437 2002 6488 pro
2017 6419 2199 6488 ademptorem
2217 6419 2268 6472 CD
2285 6419 2503 6488 oondemptorern

1545 6509 1604 6578 (cir.
1614 6511 1655 6564 Du
1665 6509 1763 6576 Gange,
1772 6511 1930 6564 Glossarium
1942 6515 2005 6564 etc:
2018 6495 2188 6578 Gondemptie
2199 6523 2247 6576 pro
2258 6509 2470 6576 condemnatio),
2480 6511 2504 6560 G

1543 6585 1748 6668 perernptereen.
1769 6599 1893 6664 August,
1912 6599 1938 6650 iu
1958 6601 2026 6652 loun.
2046 6599 2145 6662 Eveng.
2162 6603 2197 6650 tr.
2210 6599 2270 6650 tte.
2288 6611 2316 6650 n.
2337 6599 2346 6648 l
2358 6613 2366 6648 ι
2379 6597 2446 6652 Cum
2464 6601 2502 6650 ln·
2594 6657 2595 6662 η

1544 6685 1602 6738 daei
1615 6689 1785 6748 clamassent,
1797 6701 1849 6740 non
1863 6689 1948 6740 lesum
1961 6685 2037 6740 sihia
2052 6687 2132 6740 Pilato
2144 6685 2238 6740 dimitti
2252 6687 2319 6740 uelle
2330 6699 2379 6750 per
2390 6688 2488 6752 pascha
2495 6725 2503 6752 ,

1543 6775 1591 6828 sed
1616 6773 1762 6828 barabbam
1786 6777 1928 6840 latronem,
1954 6791 2009 6830 non
2027 6779 2202 6840 Salvatorem,
2225 6775 2273 6830 sed
2295 6775 2502 6838 interfectorem,

1543 6877 1596 6916 non
1609 6865 1728 6916 datorem
1747 6863 1830 6930 sitae,
1847 6865 1895 6916 sed
1913 6865 2111 6932 ademptorem,
2125 6869 2190 6920 tune
2206 6861 2382 6932 apprehendit
2396 6863 2502 6918 Pilatus

1543 6953 1635 7004 lescen
1652 6953 1676 7004 et
1695 6949 1843 7018 flagellarit
1859 6949 1943 7020 [loen.
1958 6955 2004 7022 til,
2027 6953 2076 7024 t.].

2543 2267 2613 2312 udaei.
2716 2285 2718 2290 ·
