5900 8266
521 605 583 672 rat

372 793 495 892 gngflgggg
520 791 661 868 utroque
683 789 874 850 servantur.
897 783 1015 850 —Sic
1046 783 1224 868 spirituales
1259 785 1475 852 observantiae

385 859 399 902 Ρ
491 883 498 894 ’
519 895 592 954 sunt
603 887 836 972 spiritualibus
848 907 909 956 non
928 887 1107 956 carnalibus
1123 889 1341 974 imponendae,
1355 889 1407 972 qui
1422 889 1475 956 de-

498 1039 499 1042 =
520 993 682 1078 signantur
699 1009 755 1078 per
775 1002 1020 1074 veterascens
1035 995 1209 1062 secundum
1226 995 1305 1060 illud
1322 995 1432 1060 Psalmi
1446 997 1473 1060 1:

524 1129 537 1156 «
554 1103 665 1168 Faetus
690 1119 761 1168 sum
784 1099 866 1168 sicut
890 1107 962 1168 uter
977 1099 1011 1166 in
1026 1101 1142 1186 pruina
1155 1127 1189 1180 »3
1212 1101 1296 1168 unde
1313 1101 1489 1186 designem

520 1211 574 1270 tur
589 1221 646 1288 per
659 1211 749 1270 utres
764 1203 1008 1272 Gabaonitarum
1037 1213 1149 1290 ruptos
1172 1213 1204 1272 et
1226 1207 1363 1284 solutos3
1389 1207 1476 1272 losue

520 1331 617 1378 nono:
646 1339 660 1372 o
677 1313 769 1380 Utres
783 1311 847 1378 vini
863 1331 962 1378 novos
977 1311 1198 1396 implevimus,
1212 1313 1266 1398 qui
1284 1329 1371 1380 nunc
1390 1311 1475 1396 rupti

521 1427 594 1486 sunt
607 1425 704 1504 atque
718 1417 813 1484 soluti
829 1425 903 1484 sunt
914 1445 948 1498 »‚
963 1423 995 1484 et
1010 1419 1053 1486 lta
1068 1417 1106 1484 ad
1123 1417 1344 1486 continendum
1370 1419 1475 1486 vinum

519 1525 626 1612 inepti.
644 1525 678 1590 Et
701 1523 770 1590 ideo
791 1523 912 1608 primae
923 1525 968 1590 ad
984 1525 1162 1590 Corinthios
1179 1525 1289 1592 tertio:
1313 1525 1383 1590 «Et
1403 1543 1476 1610 ego,

482 1709 484 1714 ι
520 1631 647 1712 iratres,
662 1649 724 1698 non
742 1631 829 1716 potui
853 1631 943 1698 vobis
958 1629 1043 1716 loqui
1061 1629 1149 1716 quasi
1166 1631 1404 1716 spiritualibus,
1422 1629 1475 1698 scd

520 1737 607 1822 quasi
626 1735 814 1816 carnalibus,
831 1743 978 1822 tanquam
993 1737 1135 1822 parvulis
1149 1735 1182 1802 iu
1195 1737 1329 1804 Christo.
1346 1739 1404 1804 Lac
1422 1755 1475 1804 vo-

520 1843 569 1912 his
583 1851 693 1930 potum
714 1843 803 1924 dedi,
821 1861 883 1910 non
899 1861 1002 1910 escam
1015 1869 1046 1906 v.
1065 1845 1238 1930 antequam
1254 1861 1329 1930 ergo
1345 1843 1391 1942 eis
1415 1843 1477 1928 spi·

520 1951 646 2018 ritualia
660 1951 877 2034 iniungantur,
890 1967 1017 2016 necesse
1031 1957 1089 2028 est,
1101 1957 1139 2014 ut
1154 1949 1251 2014 corda
1261 1967 1373 2014 eorum
1386 1967 1476 2014 reno-

521 2064 645 2134 ventur,
660 2057 841 2122 iuxtaillud
857 2055 1026 2122 Ezechielis
1043 2055 1203 2138 trigesimo
1214 2053 1344 2122 sentoi:
1365 2055 1476 2134 «Ecce,

520 2163 598 2230 dabo
623 2163 711 2230 vobis
731 2181 786 2230 cor
811 2181 926 2230 novum
952 2169 982 2230 et
1007 2161 1152 2248 spiritum
1177 2159 1293 2228 novurh
1316 2161 1476 2248 ponamin

521 2269 622 2336 medio
644 2269 740 2338 vestri
758 2295 786 2350 »;
813 2269 887 2356 quia
907 2269 948 2336 ad
969 2269 1092 2336 Galatas
1117 2275 1207 2336 sexto
1231 2269 1395 2354 apostolus
1418 2269 1475 2335 ait:

458 2449 477 2470 Ἴ,
526 2377 590 2442 «Ιο
622 2377 745 2442 Christo
777 2378 843 2444 lesu
881 2391 983 2460 neque
1015 2375 1212 2442 circumcisio
1245 2375 1365 2460 aliquid
1394 2375 1476 2442 valet

521 2501 624 2568 neque
647 2483 865 2566 praeputium,
890 2481 943 2548 sed
965 2499 1047 2548 nova
1071 2487 1217 2548 creatura
1234 2509 1264 2546 o.
1290 2483 1326 2548 Et
1349 2483 1419 2548 ideo
1445 2481 1477 2548 in

521 2587 664 2652 Psalmo³
690 2587 825 2670 petitur:
845 2611 861 2644 ο
878 2587 939 2650 Cor
953 2587 1107 2652 mundum
1125 2603 1197 2652 crea
1211 2587 1245 2650 in
1261 2581 1323 2666 ine,
1337 2587 1435 2664 Deus,
1447 2593 1478 2652 et

521 2691 666 2776 spiritum
684 2697 806 2758 rectum
822 2691 937 2758 innova
959 2691 991 2758 in
1008 2691 1183 2758 visceribus
1204 2691 1281 2758 meis
1292 2715 1323 2772 »3
1338 2689 1426 2778 quod
1442 2691 1477 2758 lit

521 2797 551 2863 in
569 2797 645 2866 viris
659 2797 894 2884 spiritualibus
918 2797 1074 2866 secundae
1095 2797 1136 2866 ad
1154 2797 1332 2866 Corinthios
1347 2806 1476 2884 quarto:

525 2931 540 2962 «
557 2905 641 2972 Licet
662 2905 690 2972 is
712 2905 765 2990 qui
789 2907 867 2974 loris
890 2913 954 2986 est,
978 2911 1083 2974 noster
1120 2905 1213 2972 homo
1238 2913 1477 2992 corrumpatur,

521 3020 624 3080 tamen
647 3013 674 3078 is
698 3007 760 3098 qui
775 3013 861 3080 intus
884 3019 948 3094 est,
972 3019 1144 3080 renovatur
1168 3013 1207 3080 de
1221 3003 1271 3080 die
1296 3013 1326 3080 in
1350 3013 1433 3080 diem
1445 3041 1476 3080 n.

609 3121 661 3184 85.
687 3119 786 3202 (Vers.
814 3121 890 3202 Sil).
914 3121 975 3184 Hoc
1001 3119 1092 3186 etiam
1118 3121 1222 3202 ipsunt
1249 3117 1478 3184 nihilominus4

421 3229 501 3274 Teia·
521 3225 693 3310 expediens
719 3235 787 3292 erat
819 3223 948 3310 propter
980 3223 1241 3292 dissuetudinem
1274 3223 1477 3312 effectionis

521 3337 650 3416 propter
686 3349 778 3418 qrtam
810 3331 1030 3416 designandam
1063 3331 1153 3396 dicit:
1182 3331 1221 3394 nt
1244 3349 1335 3396 nertio
1370 3329 1478 3396 bibens

522 3445 612 3502 cetus
635 3437 748 3502 stetim
768 3437 839 3502 oud
861 3455 995 3502 nonnrn.
1019 3435 1056 3502 Et
1078 3437 1233 3502 rationem
1256 3437 1354 3502 huius
1377 3435 1479 3502 reddit

521 3547 650 3626 propter
685 3541 834 3610 iudicium
866 3559 992 3622 sensus,
1023 3559 1095 3608 cum
1132 3541 1223 3610 dicit:
1262 3541 1349 3610 Dicit
1372 3543 1476 3610 entim:

376 3655 501 3766 {pnigitis
528 3649 623 3716 Vetus
644 3649 762 3716 melius
777 3659 831 3716 est.
849 3685 890 3700 -·-
908 3649 942 3716 ln
958 3669 1021 3734 quo
1037 3667 1093 3736 per
1112 3649 1210 3718 simile
1227 3649 1258 3716 in
1274 3649 1478 3718 delectatione

1118 607 1311 676 coulllull'r.
1336 609 1374 674 lN
1397 607 1635 676 evadentium
1657 609 1773 676 lucta
1799 609 1829 676 C.
1855 611 1901 676 Vl.

1538 789 1685 854 ducatur.
1709 785 1747 850 Et
1767 785 1836 852 ideo
1872 785 2015 852 dicebant
2048 785 2174 872 quidam
2207 787 2340 854 actuum
2375 787 2495 856 decimo

1538 893 1693 978 qllinto⁵z
1736 891 1827 958 «Nisi
1864 889 2129 958 circumcidamini
2156 893 2338 966 ,secundum
2373 911 2493 960 morem

1538 997 1652 1082 ltloysi,
1679 1015 1741 1064 non
1767 997 1897 1080 potestis
1931 997 2044 1062 salvari
2060 1023 2089 1060 »..
2117 997 2197 1064 Ηοοο
2230 1003 2335 1066 autem
2360 997 2496 1066 affectio·
2517 1021 2601 1068 cartes
2615 1027 2646 1070 u.

1539 1121 1611 1170 nem
1635 1103 1762 1168 innovat
1784 1103 1917 1180 caritas
1941 1103 2117 1168 secundum
2138 1105 2216 1168 illud
2234 1105 2355 1172 loannis
2374 1105 2496 1172 decimo
2512 1079 2645 1174 iiiiiiuiffe'

1540 1207 1650 1276 tertio:
1682 1235 1697 1266 «
1712 1207 1890 1274 blandratum
1917 1225 2034 1274 novum
2057 1207 2096 1272 do
2120 1207 2225 1288 vobiS,
2248 1217 2284 1274 ut
2300 1207 2496 1294 diligatisin-

1540 1315 1640 1382 vicem
1658 1339 1689 1380 ›>.
1714 1315 1775 1380 lloc
1799 1315 1873 1382 lacit
1893 1333 1975 1382 ttova
1999 1331 2109 1398 sapere
2131 1319 2169 1378 ut
2190 1321 2313 1394 vetera;
2330 1315 2416 1382 unde
2432 1315 2495 1400 pri-

1541 1439 1611 1488 mae
1625 1423 1746 1486 loannis
1756 1421 1891 1486 secundo
1903 1423 1935 1486 6:
1953 1447 1969 1480 «
1983 1423 2048 1486 Non
2063 1419 2244 1486 mandatum
2258 1439 2376 1488 novum
2392 1421 2496 1490 scribo

1541 1527 1646 1606 vohis,
1673 1527 1725 1594 sed
1742 1525 1924 1594 mandatum
1940 1535 2049 1606 vetus
2065 1527 2147 1612 quod
2165 1525 2295 1594 audistis
2309 1527 2349 1594 ab
2365 1527 2451 1594 initio
2464 1555 2494 1594 o.

1547 1633 1695 1700 «lterum
1709 1633 1892 1700 mandatnm
1910 1651 2025 1700 novum
2044 1633 2145 1700 scribo
2163 1633 2267 1712 vobh,
2286 1633 2370 1720 quod
2384 1641 2496 1700 estve-

1541 1757 1615 1804 rum
1637 1745 1669 1804 et
1692 1739 1723 1804 in
1749 1739 1815 1824 ipso
1837 1745 1870 1804 et
1891 1737 1926 1804 in
1948 1737 2078 1804 vobis»,
2105 1741 2185 1806 llere
2207 1741 2266 1806 hoc
2303 1747 2352 1808 cst
2372 1759 2496 1806 nonunt

1541 1845 1757 1926 mundatum,
1781 1845 1866 1932 quod
1881 1853 1989 1912 vetera
2003 1851 2133 1912 evacuat
2149 1851 2181 1912 et
2195 1845 2281 1930 quod
2297 1847 2370 1914 lacit
2384 1863 2496 1932 sapere

1541 1971 1638 2032 nova;
1662 1951 1822 2020 secundae.
1838 1951 1878 2018 ad
1910 1949 2086 2020 Corinthios
2111 1951 2220 2036 quinto
2234 1953 2262 2018 ⁷:
2294 1951 2355 2018 «Si
2378 1971 2441 2038 qua
2463 1951 2495 2020 in

1541 2059 1666 2126 Christo
1688 2077 1768 2124 nova
1792 2065 1953 2138 creatura,
1979 2065 2085 2124 vetera
2110 2059 2319 2138 transierunt3
2345 2077 2432 2140 ecce,
2454 2059 2496 2126 fa·

1542 2173 1591 2248 cta
1616 2175 1689 2232 sunt
1710 2167 1815 2230 omnia
1836 2183 1919 2230 nove
1934 2189 1964 2244 »3
1991 2163 2081 2250 quia,
2108 2161 2188 2230 sicut
2222 2163 2338 2230 dicitur
2369 2163 2495 2230 levitici

1541 2271 1691 2356 vigesimo
1706 2277 1815 2350 sento,
1836 2297 1852 2330 «
1870 2271 1956 2338 novis
1974 2269 2282 2356 supervenientibus,
2303 2278 2411 2338 vetera
2424 2289 2496 2356 pro-

1542 2379 1650 2446 licietls
1663 2405 1693 2444 ».
1711 2415 1753 2428 -
1769 2379 1819 2446 Sic
1841 2395 1919 2464 ergo
1941 2383 2070 2464 propter
2086 2377 2253 2446 ruditatem
2269 2377 2496 2464 discipulorum
2510 2397 2618 2456 Epilogus.

1541 2491 1611 2552 tum
1633 2501 1676 2550 ex
1698 2491 1788 2570 parte
1811 2485 2083 2564 cortoersutimtis,
2110 2491 2177 2552 tuln
2192 2503 2235 2552 ex
2255 2491 2346 2570 parte
2369 2485 2496 2566 eornm,

1542 2597 1611 2656 tunt
1634 2607 1677 2656 ex
1700 2597 1790 2674 parte
1814 2591 1944 2670 mentis,
1982 2595 2070 2658 erant
2105 2591 2247 2674 discipuli
2272 2591 2405 2678 benigne
2432 2599 2496 2656 tra-

1542 2695 1659 2776 ctandi,
1683 2695 1822 2764 nondum
1844 2697 1883 2764 ad
1919 2695 2070 2764 ieiunium
2107 2697 2263 2776 arotondi,
2298 2695 2434 2764 maxime
2457 2697 2496 2764 ad

1541 2803 1693 2870 ieiunium
1717 2803 1953 2884 exsultationis,
1979 2803 2063 2890 quod
2094 2821 2157 2870 non
2188 2805 2333 2872 convenit
2364 2803 2423 2872 nisi
2446 2821 2496 2872 re-

1541 2909 1663 2974 novatis
1686 2909 1897 2994 pergratiam
1925 2909 2059 2994 Spiritus
2082 2909 2192 2974 sancti.

1631 3013 1716 3082 Unde
1740 3033 1780 3082 cx
1809 3015 1990 3100 praemissis
2019 3013 2193 3100 colligitur,
2235 3015 2317 3100 quod
2353 3013 2495 3100 discipuli

1542 3121 1655 3190 Christi
1682 3139 1743 3188 non
1766 3127 1858 3190 erant
1879 3121 2038 3202 arctandi,
2062 3123 2181 3190 netad
2204 3121 2357 3190 ieiunium
2372 3141 2496 3190 tttoero-
2600 3201 2602 3204 ,

1542 3229 1592 3294 ris
1623 3234 1752 3314 propter
1783 3229 1992 3314 praesentiam
2021 3229 2145 3316 sponsi,
2181 3247 2238 3298 neo
2267 3229 2496 3298 auscultationis

1543 3343 1672 3420 propter
1694 3335 1867 3402 absentiam
1901 3335 2037 3420 Spiritus
2070 3337 2186 3416 sancti;
2211 3343 2242 3402 et
2265 3335 2308 3400 ita
2330 3343 2422 3400 erant
2442 3337 2508 3402 bem

1542 3441 1635 3526 nigne
1657 3441 1833 3508 consolandi
1860 3447 2007 3526 unquam
2040 3441 2142 3508 adhuc
2174 3441 2278 3508 tenelli
2306 3447 2336 3508 et
2370 3439 2496 3508 intirmi.

1544 3547 1589 3614 Ex
1614 3547 1795 3634 praemissis
1816 3547 1914 3634 igitur
1945 3547 2137 3616 sufficienter
2167 3557 2313 3634 apparet,
2343 3551 2497 3634 quomodo

1543 3673 1561 3720 a
1583 3655 1715 3720 Domino
1739 3661 1814 3720 sunt
1842 3663 2027 3740 peccatores
2057 3655 2301 3722 misericorditer
2324 3655 2442 3734 coccii,
2461 3649 2499 3724 et

521 3763 615 3840 potus
638 3757 705 3822 vult
728 3757 906 3834 ostendere,
924 3757 1009 3842 quod
1024 3757 1155 3844 allectus
1172 3765 1277 3824 noster
1295 3775 1356 3822 non
1374 3757 1479 3824 statim
1542 3759 1679 3844 superbi
1699 3759 1927 3828 rationabiliter
1950 3757 2133 3846 corifutcti,
2160 3769 2190 3828 et
2214 3759 2346 3844 termini
2360 3763 2498 3828 suaviter

521 3861 696 3928 delectatur
718 3861 751 3928 in
773 3863 863 3930 novis
886 3863 1066 3944 servandis,
1097 3865 1155 3930 nisi
1189 3865 1345 3948 paulutive
1369 3883 1480 3932 manu·
1544 3865 1713 3934 consolati.
1740 3883 1741 3886 ’

1384 4133 1567 4202 Cnmrunuu
1592 4133 1639 4200 Vl.

616 4385 642 4448 1.
667 4383 810 4448 Factum
831 4391 879 4448 est
900 4389 1018 4450 cutem,
1036 4381 1072 4448 in
1096 4381 1249 4450 Snbboto.
1274 4381 1400 4468 SupraS
1418 4383 1482 4468 egit

368 4511 420 4554 nus
434 4485 716 4574 rim-Evangelista
740 4487 777 4554 de
801 4487 1029 4572 discipulorum
1054 4489 1235 4568 vocatione;
1258 4489 1291 4556 in
1314 4495 1402 4574 parte
1421 4489 1480 4556 ista

353 4565 585 4680 iiifhwmffl'agit
606 4595 645 4662 de
668 4595 821 4682 ipsorum
842 4591 1049 4682 defensione,
1073 4595 1147 4680 quia
1170 4597 1244 4662 boni
1271 4595 1408 4680 pastoris
1432 4603 1479 4662 est

519 4721 581 4768 non
605 4701 707 4770 solum
729 4719 805 4768 oves
827 4719 1036 4786 congregare,
1061 4701 1116 4768 sed
1142 4701 1238 4768 etiam
1268 4721 1287 4768 a
1317 4701 1401 4786 lupis
1425 4703 1488 4768 de»

518 4807 644 4876 iendere
656 4807 679 4874 ⁹.
704 4809 740 4876 nt
762 4809 856 4876 habet
880 4811 955 4876 haec
972 4825 1047 4892 pars
1062 4807 1149 4876 duas.
1169 4809 1200 4876 ln
1217 4809 1320 4894 prima
1339 4807 1479 4876 defendit

500 4933 573 4984 eos
595 4915 776 4984 testimonio
801 4915 1014 5002 Scriptorum
1037 4915 1070 4980 in
1101 4915 1239 4984 secunda
1268 4933 1363 4994 vero,
1386 4915 1479 4980 mira-

520 5025 590 5090 culo
614 5023 786 5108 potentiae,
811 5023 851 5088 ibi
868 5023 910 5086 ¹⁰:
937 5023 1077 5088 ductum
1100 5029 1147 5088 est
1171 5029 1277 5088 entem
1304 5029 1331 5086 et
1349 5021 1385 5086 in
1411 5019 1479 5086 clio

520 5129 671 5198 Suthule.
695 5131 762 5216 lpse
783 5129 868 5196 enim
891 5127 1036 5196 Christus
1060 5135 1107 5194 est
1135 5155 1149 5186 «
1166 5127 1221 5196 Dei
1246 5127 1348 5196 virtus
1372 5133 1402 5196 et
1423 5127 1477 5194 Dei

519 5237 669 5322 sapientia
686 5261 715 5318 »3
740 5235 823 5304 unde
845 5235 992 5320 discipuli
1014 5235 1167 5304 vocabant
1190 5253 1276 5302 eum:
1301 5233 1479 5320 «Magister

519 5353 551 5410 et
572 5343 702 5410 Domine
718 5371 751 5424 u,
773 5343 894 5410 lnaunis
924 5341 1044 5410 decimo
1072 5343 1182 5422 tertio;
1206 5349 1238 5410 et
1271 5341 1341 5410 ideo
1376 5341 1480 5428 primo

515 5449 656 5518 deiendit
679 5457 714 5518 ut
738 5449 894 5536 lllopister
917 5467 974 5536 per
999 5449 1212 5518 testimonium
1242 5449 1479 5528 authenticum,

435 5553 442 5560 ”
516 5557 676 5636 secundo,
700 5563 736 5624 ut
762 5557 924 5624 Dentinus
947 5575 1004 5642 per
1027 5575 1109 5642 opus
1130 5557 1367 5624 miraculosum.

513 5895 621 5958 punito·
644 5899 730 5954 utres,
755 5893 779 5944 ot
808 5887 897 5940 riurrm
929 5887 1077 5958 offenditur
1097 5911 1124 5944 n.
1147 5889 1273 5956 Superius
1298 5903 1347 5956 pro
1371 5891 1480 5956 rumpet

515 5981 603 6044 plures
625 5981 701 6034 codd.
726 5977 837 6050 rumpit.
863 5979 972 6032 interius
998 5991 1047 6044 pro
1070 5983 1216 6034 seroontru·
1242 5979 1263 6032 H
1289 5991 1348 6030 cum
1366 5977 1478 6042 Vulgata

515 6073 719 6124 conserventur.

586 6157 594 6188 ¹
617 6163 708 6214 Psaltn,
731 6161 796 6228 118,
816 6161 858 6210 83.
871 6187 905 6198 -
920 6159 976 6212 Duo
997 6173 1070 6226 seqq.
1089 6161 1140 6214 lori
1159 6165 1219 6214 sunt
1238 6163 1312 6212 losue
1335 6157 1367 6226 9,
1387 6157 1430 6208 13.
1452 6161 1479 6208 et

515 6251 531 6300 l.
552 6247 611 6302 Cor.
632 6251 662 6316 3,
684 6253 706 6304 l.
725 6265 780 6318 seq.
801 6247 955 6324 Clrglledo,
980 6249 1006 6302 ll.
1028 6247 1056 6298 in
1077 6249 1138 6304 Luc
1163 6247 1193 6314 5,
1217 6249 1258 6302 37.
1279 6261 1333 6312 seq.

544 6347 546 6350 '
584 6333 595 6366 ²
617 6341 692 6394 Vers.
710 6339 755 6390 26.
771 6365 809 6376 —
827 6337 950 6406 Sequitur
968 6339 1023 6390 Gal.
1045 6339 1073 6400 6,
1094 6341 1137 6394 15.

585 6421 595 6454 ³
617 6429 771 6494 Pertinebit,
793 6430 838 6490 11,
858 6433 1014 6494 postquem
1036 6429 1064 6480 ll.
1082 6427 1141 6482 Cor.
1163 6427 1193 6492 i,
1212 6429 1255 6480 16.

584 6515 595 6544 ⁴
616 6521 675 6574 Vot.
692 6515 890 6574 inchoantibus.

584 6605 595 6636 ⁵
616 6609 691 6664 Vens.
714 6609 738 6672 l,
757 6607 803 6662 uhi
827 6621 877 6672 pro
901 6605 1008 6662 scituri
1025 6607 1110 6660 ACD
1126 6605 1197 6664 solui
1213 6603 1281 6678 (ieri.
1301 6631 1335 6642 —
1360 6597 1476 6654 Subinde

513 6697 639 6766 allegatur
660 6699 727 6754 loon.
750 6699 798 6764 13,
818 6695 860 6750 31.
1229 6703 1232 6708 “
1373 6705 1376 6716 “

587 6783 691 6844 irus.
713 6789 739 6840 7.
757 6795 783 6844 et
804 6793 831 6852 8,
852 6787 972 6854 pluribus
993 6787 1106 6842 entissis

584 6873 594 6904 ²
619 6879 690 6932 Vers.
711 6877 759 6946 tt,
777 6883 837 6946 post
857 6889 938 6946 quem
955 6879 1018 6930 Lev.
1040 6877 1086 6940 66,
1107 6877 1149 6930 lt.

583 6961 593 6994 ⁸
614 6965 676 7034 Cap
697 6969 728 7034 5,
749 6967 791 7022 nt.
811 6983 834 7020 n.
857 6967 899 7018 63.
920 6979 996 7034 seqq·

1633 4381 1722 4450 Circa
1756 4383 1895 4468 primum
1923 4391 2030 4450 autem
2059 4383 2243 4452 defendendi
2279 4383 2406 4450 modum
2439 4387 2499 4454 tria
2521 4399 2619 4462 ortensio
2636 4411 2663 4486 ⁶¹.

1544 4489 1805 4556 introducuntur:
1829 4489 1968 4574 primurn
1994 4497 2041 4558 est
2063 4489 2271 4556 erinninondt'
2288 4489 2434 4570 occasio,
2453 4453 2664 4564 sp.,⁸,⁰,¹,¹i{¹,²iiri¹t⁰r·

1544 4597 1682 4662 cundum
1713 4603 1759 4664 est
1787 4595 2035 4664 criminationis
2061 4595 2223 4682 oppositio
2237 4597 2273 4674 11,
2302 4597 2430 4662 tertium
2453 4563 2553 4668 esim

1544 4701 1800 4770 criminatorum
1821 4699 2026 4790 oonsutttti0.'

1631 4811 1662 4876 2.
1694 4809 1797 4894 (Vera
1830 4809 1882 4892 1.).
1922 4807 2135 4876 Criminnndi
2169 4807 2264 4894 igitur
2297 4809 2501 4878 occasionem
2512 4823 2665 4922 1333223053

1543 4915 1628 4984 dedit
1649 4914 1877 5000 discipulorum
1910 4915 2096 4996 necessum,
2126 4925 2255 4998 propter
2288 4933 2382 5000 quam
2408 4917 2500 4984 velle·
2525 4931 2628 4976 minanti.

1544 5023 1620 5088 bant
1643 5023 1745 5106 spicas
1775 5021 1808 5088 in
1831 5019 1983 5088 Sabbatis.
2008 5021 2045 5088 Et
2066 5023 2148 5088 hanc
2172 5027 2277 5100 notat,
2301 5039 2372 5088 cum
2405 5021 2499 5090 dicit:

1544 5129 1688 5194 Factum
1709 5133 1756 5194 est
1779 5127 1815 5194 in
1840 5125 1983 5194 Sobboto
2005 5127 2149 5194 secundo
2169 5127 2300 5212 primo,
2324 5127 2356 5192 id
2382 5133 2429 5194 est
2454 5147 2500 5196 se·
2519 5141 2639 5198 Eulicaio

2520 5195 2641 5240 verborum.

1544 5235 1645 5302 cundo
1670 5255 1687 5302 a
1711 5235 1830 5320 primo,
1864 5233 1892 5300 id
1922 5241 1970 5302 est
1997 5233 2174 5302 immediate
2204 5241 2355 5320 sequente
2387 5233 2502 5304 Sabba-

1544 5347 1611 5408 tum
1634 5341 1840 5424 praeoedem,
1858 5341 1894 5408 de
1914 5359 1977 5428 quo
1993 5341 2136 5408 habitum
2155 5347 2200 5408 est
2218 5359 2313 5426 supra
2329 5347 2442 5426 quarto
2457 5343 2500 5422 12,

1544 5447 1573 5514 in
1600 5467 1662 5534 quo
1686 5449 1809 5516 curavit
1829 5449 2077 5516 daemoniacum.
2104 5447 2176 5528 Vel,
2201 5449 2283 5516 sicut
2304 5445 2379 5514 dicit
2403 5447 2499 5534 Chry-

1544 5551 1726 5634 sostotntu,
1750 5553 1782 5620 in
1814 5555 1947 5622 Sabbato
1979 5553 2121 5620 secundo
2153 5555 2282 5642 primo,
2312 5551 2343 5620 id
2374 5561 2422 5622 esi
2453 5557 2500 5624 bis

1614 5883 1624 5914 ⁰
1643 5887 1680 5940 De
1698 5885 1785 5938 othcio
1805 5885 1867 5940 boni
1886 5887 1999 5950 pastoris
2018 5887 2063 5938 cir.
2083 5887 2156 5938 loen.
2175 5887 2224 5950 16,
2244 5887 2267 5938 1.
2288 5899 2361 5954 seqq.

1613 5973 1635 6004 ¹⁰
1656 5975 1730 6028 Vens.
1748 5977 1773 6028 6.
1787 6003 1821 6016 -
1835 5977 1951 6030 Subinde
1972 5979 2115 6042 allegantur
2133 5977 2151 6028 l.
2173 5973 2232 6028 Cor.
2251 5977 2277 6040 1,
2296 5975 2344 6028 al:
2363 5973 2500 6032 Clititiunt

1543 6063 1592 6118 liei
1609 6065 1736 6120 ¹uirtutem
1753 6069 1779 6120 ct
1794 6067 1842 6122 Dei
1860 6067 2037 6136 sapientium,
2056 6069 2082 6118 et
2101 6067 2170 6118 loon.
2189 6065 2237 6132 13,
2261 6067 2301 6118 13.

1614 6155 1634 6184 ¹¹
1655 6159 1689 6208 lta
1709 6157 1803 6220 codd,
1823 6157 1869 6224 qui
1892 6157 1956 6208 inira
1981 6171 2013 6208 ο.
2026 6157 2050 6208 6.
2069 6157 2160 6220 legunt
2178 6151 2380 6208 Criminutionis
2402 6153 2435 6222 [G
2455 6155 2502 6208 cri-

1543 6243 1632 6310 rnirtirl
1653 6259 1718 6298 cero
1737 6243 1926 6312 abiectionem·
1944 6247 2003 6298 Vat.
2024 6241 2146 6300 criminis
2166 6241 2282 6298 obiectio.
2385 6233 2389 6252 ¹

1614 6331 1634 6362 1²
1655 6335 1731 6386 Vens.
1751 6333 1794 6388 31.
1812 6347 1885 6400 seqq.
1907 6337 1995 6388 Glossa
2021 6331 2178 6388 ordinarie:
2198 6329 2321 6386 Secundo
2343 6329 2443 6400 primo.
2464 6333 2502 6384 Ad

1543 6421 1653 6474 litteram
1673 6421 1700 6472 in
1719 6423 1800 6476 altero
1817 6421 1947 6488 sabbato,
1967 6423 2039 6490 qnod
2057 6427 2117 6486 post
2129 6421 2192 6473 illud
2213 6421 2259 6474 luit
2279 6421 2402 6484 primitus
2414 6433 2503 6472 secun·

1543 6511 1619 6578 (lum,
1638 6513 1680 6562 vel
1700 6511 1775 6578 quod
1794 6511 1908 6562 occtnrit
1926 6511 2000 6576 prins
2012 6517 2073 6574 post
2087 6509 2232 6562 secundum
2249 6509 2286 6562 ab
2303 6523 2336 6562 co
2354 6523 2409 6574 qno
2429 6523 2502 6574 prae-

1544 6601 1661 6652 cedentia
1679 6605 1739 6652 sunt
1763 6599 1831 6652 dicta
1858 6601 2053 6652 reitesta-
2075 6597 2223 6664 Chrysost,
2246 6599 2343 6652 Homil.
2367 6599 2410 6650 39.
2430 6597 2503 6664 (alias

1544 6691 1597 6758 16.)
1616 6691 1641 6742 in
1655 6691 1741 6742 llatth.
1754 6703 1781 6742 n.
1802 6691 1829 6742 l:
1845 6691 1914 6758 Quid
1926 6697 2013 6742 autem
2027 6695 2065 6742 est
2077 6687 2226 6742 secundum
2234 6687 2376 6756 primum?
2391 6689 2502 6756 Quando

1543 6781 1662 6844 duplices
1680 6781 1757 6832 leriae
1777 6785 1863 6844 erant,
1882 6785 1908 6832 et
1928 6777 2034 6832 sabbati
2053 6777 2159 6830 Domini
2183 6781 2210 6828 et
2237 6777 2343 6830 alterius
2360 6777 2417 6830 testi
2447 6789 2503 6828 suc·

1544 6869 1668 6922 cedentis.
1695 6865 1842 6922 Sabbatum
1869 6869 1938 6920 enim
1967 6865 2096 6934 quaslibet.
2121 6865 2198 6918 serios
2226 6871 2250 6918 et
2273 6865 2387 6932 quietem
2411 6865 2501 6928 appel-

1543 6955 1644 7010 labant,
1704 6989 1707 6994 -
