5900 8266
460 557 525 624 a7a

459 729 543 796 Unde
576 727 721 794 Glossa¹:
754 731 831 796 «Ex
858 729 985 796 illoram
1010 747 1143 814 persona
1171 731 1314 814 loquitur
1335 733 1415 796 Mar-

460 835 528 912 tha,
552 829 624 920 qai,
651 835 756 898 adbuc
781 833 903 902 divinae
932 833 1202 918 contemplationis
1225 833 1341 918 ignari,
1368 849 1416 898 so·-

459 939 542 1018 lum,
569 937 652 1024 quod
683 937 834 1018 didicere,
857 939 1016 1006 fraternae
1038 937 1211 1004 dilectionis
1244 955 1323 1022 opus
1354 937 1418 1004 Deo

459 1045 583 1128 placere
604 1045 727 1122 dicant,
755 1045 887 1128 ideoque
908 1051 1056 1132 cunctm,
1079 1045 1134 1128 qui
1165 1044 1290 1110 Christo
1315 1041 1417 1110 devoti

459 1165 526 1216 esse
548 1147 676 1226 volunt,
695 1147 768 1216 baio
788 1149 877 1234 operi
900 1147 1122 1232 mancipandos
1143 1153 1312 1214 autumant
1325 1143 1357 1214 l.
1376 1185 1418 1198 .-

460 1253 632 1338 Aliquando
653 1255 871 1338 conqueritur,
894 1255 999 1320 otium
1022 1255 1152 1320 Mariae
1178 1255 1416 1340 praeoptanda.

459 1357 544 1426 Unde
572 1359 792 1424 Deruardas2:
825 1351 963 1438 «Potae,
997 1359 1026 1424 in
1052 1359 1160 1438 domo,
1187 1359 1215 1426 in
1242 1377 1306 1444 qua
1328 1359 1418 1426 Chri-

460 1471 527 1530 stus
548 1465 729 1548 suscipitur,
757 1483 819 1530 srox
833 1465 1011 1532 murmuris
1031 1465 1235 1532 abdicatura?
1260 1465 1296 1530 Εῖ
1316 1465 1416 1534 addit:

465 1569 581 1636 «Felix
603 1567 716 1634 domas
740 1575 771 1634 et
793 1569 993 1654 congregatio
1016 1569 1122 1648 beata,
1138 1567 1170 1632 in
1187 1587 1250 1654 qua
1264 1567 1304 1636 de
1323 1569 1418 1636 llaria

459 1675 581 1740 llartha
606 1675 813 1760 conqueritur
830 1675 858 1738 a.
885 1675 918 1740 Et
944 1675 1023 1740 ratio
1047 1673 1143 1740 haias
1166 1679 1227 1752 est,
1247 1675 1320 1760 quia
1342 1693 1417 1740 con-

461 1777 648 1864 templativa
664 1797 720 1864 per
746 1797 777 1846 se
793 1785 840 1848 est
860 1779 1004 1864 eligenda
1025 1779 1090 1846 sine
1108 1779 1320 1864 querimonia,
1336 1781 1416 1847 lilar-

460 1885 515 1952 tba
529 1903 620 1964 vero,
641 1885 670 1950 id
692 1891 738 1952 θεῖ
763 1887 885 1964 αθῖῖθθ,
906 1885 1090 1952 necessitato
1116 1885 1308 1952 sustinenda.
1331 1885 1417 1952 Unde

460 1991 549 2058 laceb
567 1992 657 2076 elegit
672 1991 801 2068 Rachel,
827 1991 880 2056 sed
896 1991 1071 2058 secundum
1094 1993 1179 2076 quod
1197 2011 1323 2062 necesse
1340 1993 1416 2070 luit,

462 2097 549 2180 prius
575 2095 711 2182 suscepit
737 2097 839 2176 Liam,
864 2095 947 2162 sicut
967 2095 1083 2164 dicitur
1112 2097 1239 2164 Genesis
1268 2097 1417 2182 vigesimo

310 2227 441 2272 nolanum.
461 2221 542 2270 nouo
556 2203 579 2266 ³.
595 2239 640 2250 -
654 2203 738 2270 Licet
755 2221 845 2288 ergo,
864 2205 1014 2288 conqueri
1030 2205 1203 2284 Maribam,
1220 2213 1259 2270 ut
1272 2203 1320 2270 sit
1331 2203 1419 2268 sicat

460 2309 573 2388 llaria,
589 2309 662 2394 quia
688 2309 873 2376 humilitatis
895 2317 959 2390 est;
976 2311 1002 2378 si
1025 2317 1133 2378 autem
1149 2309 1356 2394 conqueritur
1379 2308 1417 2376 de

460 2415 535 2494 huo,
552 2497 553 2500 Ἴ
569 2415 650 2500 quod
675 2435 741 2482 nou
759 2417 955 2498 ordiebatur,
982 2419 1041 2484 lroc
1073 2423 1122 2484 θεῖ
1149 2415 1359 2496 ἰθῖῖεεθίῖθῖίε;
1391 2417 1417 2482 si

460 2539 534 2588 aero
559 2523 765 2608 conqueritur
786 2523 827 2590 de
848 2523 933 2604 boc,
953 2523 1035 2610 qaorl
1061 2523 1226 2608 aliquando
1251 2523 1346 2590 llaria
1370 2525 1418 2590 iu-

461 2645 534 2694 rare
569 2629 657 2706 velit,
683 2637 713 2696 et
736 2629 813 2714 ipsa
832 2629 937 2708 ¹raolit,
968 2631 1028 2696 hoc
1057 2635 1103 2698 est
1134 2629 1320 2718 impietatis,
1343 2629 1418 2714 quia

461 2731 529 2800 talis
553 2735 735 2818 conquestio
760 2735 857 2818 legem
883 2733 1013 2818 impedit
1034 2735 1175 2800 caritatis
1188 2737 1210 2800 4.

548 2841 600 2904 il.
620 2839 720 2922 (Vers.
738 2839 817 2920 dl.).
849 2847 880 2904 tt
901 2839 1100 2922 respondeas
1124 2839 1208 2906 diarii
1229 2837 1279 2906 illi
1308 2839 1417 2904 Domi-

303 2965 380 3028 num
395 2965 446 3028 aar.
460 2963 533 3010 aas.
558 2945 628 3010 Post
647 2943 909 3028 comparationem
933 2943 1115 3010 rationalem
1136 2943 1299 3028 subiungit
1323 2943 1416 3010 Evan-

293 3025 447 3116 iih‘iiffltissl
460 3049 570 3134 gelista
591 3047 812 3132 (leduiiioaem
831 3047 1038 3124 iamdictam:
1056 3047 1139 3126 circa
1154 3065 1251 3132 quam
1273 3049 1417 3112 introdu-

294 3131 373 3222 ii'iifff
395 3137 444 3178 ‘¹¹¹³'
461 3163 578 3222 cuntur
608 3145 763 3240 quatuor,
786 3155 904 3220 scilicet
936 3151 1125 3220 ltaraitiatio
1150 3155 1239 3220 uitae
1269 3153 1416 3232 actiaco,

461 3261 699 3328 coramoudatio
722 3261 1010 3346 eoritemplatiuue,
1035 3259 1262 3346 promulpatio
1292 3269 1417 3328 soutou-

461 3367 526 3434 tiae
548 3374 581 3435 et
602 3367 786 3454 ossipuotio
812 3385 944 3434 causae.
975 3453 978 3458 Ι

548 3473 651 3540 Primo
683 3493 759 3558 ergo
788 3479 945 3558 qnantum
966 3475 1007 3538 ad
1036 3471 1302 3540 ltaaiiliationem
1331 3475 1418 3540 vitae

336 3601 440 3646 orimum.
460 3579 588 3646 activae
608 3579 699 3646 dicit:
722 3577 875 3656 liertiae,
897 3577 1049 3658 Mariba,
1073 3581 1214 3648 sollicita
1238 3601 1270 3646 es
1303 3587 1330 3646 et
1346 3589 1418 3646 tar-

461 3685 552 3754 baris
577 3705 656 3772 erpa
671 3685 833 3772 plurimo.
849 3685 920 3754 ldeo
938 3705 1050 3754 nomen
1067 3685 1217 3754 liertiae
1233 3685 1418 3772 ingeminat,

460 3799 498 3858 ut
513 3811 582 3858 eam
597 3793 714 3860 excitet
733 3793 773 3858 ad
788 3789 1048 3860 considerandum
1066 3793 1218 3860 deiectum
1238 3793 1416 3878 proprium,

461 3905 492 3964 et
515 3901 576 3964 buc
597 3917 669 3964 cuni
695 3899 789 3966 divini
815 3899 901 3966 verbi
935 3899 1121 3978 attentioue;
1145 3899 1226 3966 sicut
1254 3899 1292 3964 de
1316 3899 1419 3982 lloyse

460 4003 576 4072 dieitur
592 4003 690 4070 Exodi
710 4003 803 4072 tertio
816 4005 838 4084 ⁵,
863 4005 949 4092 quod
968 4029 984 4062 c<
1002 4021 1134 4072 cernens
1148 4003 1317 4082 Dominus,
1333 4001 1418 4086 quod

460 4115 606 4194 pergeret
630 4109 666 4176 ad
692 4109 880 4190 videndum,
902 4111 1025 4176 vocavit
1049 4127 1122 4176 eum
1151 4109 1319 4202 demedio
1345 4107 1418 4174 rubi

460 4219 491 4280 θῖ
514 4215 731 4306 εῖῖεγῖῖῖθεεθε,
757 4215 877 4300 lloyses
892 4239 931 4294 »3
954 4219 986 4282 θῖ
1009 4213 1177 4294 Dominus,
1201 4215 1311 4280 rolens
1332 4211 1420 4280 exci-

461 4321 536 4388 tare
560 4329 739 4408 peccatores
769 4321 807 4388 ad
842 4321 1071 4402 attentionem,
1100 4321 1194 4388 iterat
1223 4319 1419 4386 vocationem

461 4427 607 4496 ieremiae
644 4427 791 4514 vigesimo
828 4429 981 4494 secundo:
1020 4453 1035 4486 «
1061 4429 1175 4508 Terra,
1210 4435 1315 4508 terra,
1344 4425 1417 4494 audi

459 4551 636 4602 sermonem
657 4535 780 4602 Domini
797 4561 829 4600 »,
854 4537 890 4600 Et
920 4537 965 4602 sic
989 4553 1074 4602 nunc
1096 4535 1213 4602 excitat
1245 4537 1418 4612 llartbam,

318 4661 404 4716 Triplex
417 4661 441 4702 a
460 4641 643 4722 osteudens
659 4641 692 4708 iu
715 4659 753 4708 ea
767 4659 835 4708 esse
858 4643 1014 4726 triplicem
1028 4641 1200 4720 deiectum,
1223 4641 1340 4710 scilicet
1356 4639 1419 4708 sol-

294 4715 443 4812 litilVV
461 4747 644 4816 rictiacus
665 4749 698 4816 u
719 4749 874 4834 cogitata,
898 4747 1098 4816 aureatam·
1123 4747 1152 4814 a
1178 4747 1289 4830 auecta
1316 4753 1345 4816 a
1370 4747 1420 4814 ut-

460 4855 597 4922 uisionis
629 4857 660 4922 in
684 4861 766 4924 acta.
798 4857 835 4922 Et
856 4855 916 4924 ista
948 4855 1052 4922 omnia
1077 4855 1251 4940 impediunt
1280 4873 1356 4932 nos,
1381 4871 1419 4920 ne

337 5029 338 5032 ,
369 5003 370 5006 =
419 4951 422 4956 ’
461 4961 596 5028 totaliter
621 4963 785 5028 tendamus
819 4963 848 5026 in
884 4963 994 5028 Deum.
1020 4959 1179 5026 -Unde
1208 4959 1306 5026 nimia
1330 4957 1419 5026 solli-

531 5319 540 5352 1
563 5323 661 5374 Scilicet
680 5321 825 5376 ordinaria
842 5319 885 5386 (ex
905 5321 987 5388 Beda)
1011 5321 1034 5374 in
1058 5323 1121 5374 Luc.
1135 5323 1181 5386 lt),
1201 5321 1248 5386 to;
1265 5326 1350 5374 textus
1370 5323 1417 5374 ori-

461 5413 552 5476 ginalis
572 5423 619 5476 pro
637 5407 745 5478 placere
758 5409 890 5464 substituit
903 5409 1037 5478 placitam
1058 5409 1103 5478 (ita
1117 5411 1196 5464 etiam
1213 5411 1282 5472 Vea,
1299 5411 1359 5464 Get
1371 5411 1416 5478 Η),

461 5499 541 5554 uelint
560 5515 607 5566 pro
628 5497 720 5554 oolunl
740 5491 791 5564 (ita
811 5505 836 5562 et
853 5499 888 5568 H)
905 5505 933 5552 et
957 5497 1051 5552 omittit
1070 5497 1152 5568 operi.
1172 5527 1208 5538 -
1226 5499 1353 5564 Superius
1370 5513 1417 5566 pro

461 5593 486 5644 et
505 5593 569 5644 iano
587 5587 645 5642 Vat.
662 5591 690 5642 et
707 5587 765 5642 boc.

531 5673 542 5706 ²
562 5681 623 5732 Luc.
642 5677 699 5740 cit,
716 5675 763 5728 ubi
781 5689 831 5742 pro
848 5675 1003 5732 macomeria
1026 5675 1158 5732 audiatur
1178 5681 1261 5730 textus
1284 5677 1419 5742 originalis

460 5763 690 5822 murmurationis
707 5765 843 5832 undatur,
857 5773 885 5820 et
896 5781 945 5832 pro
956 5765 1105 5834 sciscitabar
1125 5767 1239 5820 cbeu
1258 5765 1419 5834 tupi-eamr.

445 5855 562 5908 ‘ibidem
581 5853 692 5908 habetur
710 5855 788 5906 etiam
809 5869 864 5920 seq.
878 5857 1060 5908 sententio.·-·
1073 5855 1179 5908 tolerius
1197 5869 1247 5920 pro
1264 5853 1419 5922 necessitate

462 5941 621 5998 sustinenda
641 5941 690 6010 (ita
704 5941 765 6012 CD)
783 5943 827 5996 alii
839 5945 917 5998 codd.
932 5947 1047 6014 propter
1061 5941 1244 5998 necessitatem
1261 5941 1419 5998 sustinenda

463 6031 532 6100 (Vel.
553 6031 745 6100 suscipienda).
870 6031 871 6034 ’

532 6117 543 6148 ⁸
564 6121 639 6174 Vers.
658 6121 701 6174 tr.
718 6135 793 6188 seqq.
807 6121 858 6174 Cir.
872 6123 993 6186 Diagon,
1014 6121 1056 6172 Vl.
1075 6121 1164 6172 lloral.
1182 6135 1205 6174 e.
1224 6119 1268 6172 37.
1286 6133 1314 6172 n.
1333 6119 1377 6172 61.
1394 6125 1422 6172 et

463 6209 489 6262 ll.
511 6211 602 6262 llomil.
622 6209 646 6262 in
664 6211 757 6262 Erech.
776 6209 867 6262 homil.
887 6211 910 6260 t.
932 6223 959 6260 u.
977 6211 1004 6262 9.
1021 6223 1095 6274 seqq.

531 6295 543 6326 ⁴
563 6297 702 6358 Deruard.,
719 6297 771 6350 loc.
788 6299 845 6350 cit:
865 6299 930 6348 Nam
950 6297 1044 6348 llariae
1063 6297 1190 6350 llartbam
1202 6295 1329 6348 aemulari
1346 6309 1422 6360 pror-

461 6399 508 6440 sus
525 6385 679 6450 indignum,
700 6399 807 6452 prorsus
827 6385 942 6436 illicitum
960 6391 1009 6436 est.
1026 6385 1147 6450 Alioquin
1167 6385 1211 6438 uli
1230 6385 1297 6450 legis
1316 6385 1421 6436 llariam

462 6481 631 6526 earrsantem:
650 6473 716 6540 Quia
734 6487 810 6526 soror
828 6487 887 6526 mea
904 6469 1011 6538 reliquit
1028 6487 1073 6526 me
1095 6475 1179 6526 solam
1199 6475 1314 6526 vacaret
1332 6471 1421 6536 Absit,

462 6561 543 6626 absit,
563 6567 592 6616 ut
610 6563 654 6628 qui
680 6565 734 6616 Deo
755 6567 831 6616 vacat
852 6561 890 6614 ad
906 6561 1094 6614 tumultuosam
1121 6561 1218 6624 aspiret
1238 6563 1345 6612 fratrum
1366 6561 1422 6614 om·

463 6651 568 6706 cialium
589 6649 683 6704 nant
703 6653 798 6704 llertba
814 6661 918 6716 semper
939 6649 1096 6702 insufficiens
1115 6649 1204 6702 sibiet
1221 6649 1423 6702 minusidunea

462 6739 597 6802 videatur,
617 6739 726 6808 aliisque
744 6739 831 6804 magis
847 6739 877 6790 id
894 6737 998 6804 operis,
1016 6739 1088 6804 qaod
1104 6737 1280 6802 administrat,
1294 6743 1372 6802 optet.
1379 6739 1424 6790 im·

463 6827 535 6892 poni
554 6827 606 6880 Cir.
628 6827 691 6880 ibid.
713 6841 746 6892 n,
760 6829 783 6880 3.
803 6857 839 6868 -
858 6825 984 6892 Superius
1006 6839 1053 6892 pro
1070 6823 1217 6894 obqaaado
1235 6827 1297 6878 ,Vat
1319 6823 1404 6880 illam.

1066 557 1258 624 COlllllENT.
1281 553 1581 624 INEVANGELlUll
1604 553 1722 626 abela
1747 553 1776 618 C.
1803 551 1840 618 Χ.

1481 729 1590 796 eitado
1615 733 1661 794 θεῖ
1686 727 1827 806 vitanda,
1852 727 2022 794 secandum
2052 725 2130 792 illud
2161 727 2199 794 ad
2223 727 2435 814 Philippenses
2464 747 2606 812 erraneam.

1481 833 1636 902 ultimos:
1667 833 1779 898 «Nihil
1802 831 1925 899 solliciti
1947 831 2032 910 stus,
2057 831 2166 932 sedin
2189 833 2272 922 omni
2297 833 2436 900 oratione
2456 799 2607 898 iiias⁰¹¹¹⁶¹⁸

1481 939 1644 1024 petitiones
1660 945 1782 1006 vestrae
1800 939 1995 1004 innotescant
2009 937 2093 1022 apud
2111 939 2208 1006 Deum
2224 963 2253 1018 »3
2270 947 2303 1006 et
2316 939 2437 1024 primae

1482 1045 1563 1110 Petri
1586 1043 1714 1110 ultimo:
1745 1045 1907 1110 «Omnem
1925 1041 2163 1110 sollicitudinem
2187 1049 2323 1110 vestram
2342 1045 2437 1128 proii-

1482 1147 1596 1214 cieates
1622 1147 1652 1212 in
1678 1165 1767 1226 eam,
1801 1147 1947 1234 quoniam
1971 1147 2029 1232 ipsi
2054 1165 2130 1214 cum
2162 1153 2208 1214 est
2232 1149 2268 1216 de
2294 1149 2380 1214 robis
2405 1173 2436 1212 a.

1481 1291 1524 1302 -··
1541 1253 1673 1318 Vitanda
1694 1259 1743 1320 θεῖ
1763 1255 1857 1320 etiam
1880 1253 2043 1334 turbatim
2066 1255 2148 1320 unde
2174 1255 2294 1320 loannis
2315 1255 2438 1320 decimo
2456 1273 2576 1336 ituant-

1481 1367 1593 1444 qa‘arto
1609 1359 1637 1424 ²:
1668 1385 1684 1416 ι(
1700 1359 1765 1426 Non
1790 1361 1938 1428 turbetur
1961 1379 2014 1426 cor
2040 1367 2188 1426 vestrum
2204 1377 2307 1444 neque
2329 1353 2437 1426 iormi'·
2480 1329 2547 1372 'mm'
2591 1359 2592 1362 ’

1481 1465 1542 1532 6θῖ.
1567 1465 1698 1532 Creditis
1721 1465 1752 1530 in
1777 1467 1895 1542 Deum,
1922 1472 1950 1532 et
1971 1467 2001 1532 in
2025 1483 2076 1532 me
2109 1465 2225 1534 credite
2243 1493 2271 1528 a.
2297 1465 2382 1532 Unde
2407 1473 2437 1532 θῖ

1481 1569 1518 1636 de
1542 1569 1665 1636 Christo
1690 1569 1782 1636 lsaiae
1808 1569 2048 1654 quadragesimo
2069 1569 2226 1636 secundo:
2245 1595 2269 1626 -«
2287 1569 2353 1636 Non
2375 1569 2436 1634 erit

1481 1675 1579 1742 tristis
1610 1693 1711 1758 neque
1745 1673 1994 1740 turbulentus».
2025 1675 2144 1742 Oculus
2177 1675 2257 1742 euim
2291 1675 2438 1742 turbatus

1481 1801 1542 1848 non
1567 1787 1614 1846 θεῖ
1635 1781 1675 1848 ad
1697 1781 1867 1848 ridendam
1889 1781 2029 1846 idoneas.
2056 1819 2100 1828 —-
2117 1783 2247 1848 Vitanda
2267 1789 2315 1850 est
2344 1783 2437 1850 etiam
2455 1799 2516 1864 aaa
2533 1801 2586 1846 aa

1479 1887 1620 1962 divisio:
1641 1887 1725 1954 unde
1751 1885 1950 1954 Ecclesiastioi
1977 1885 2184 1954 ondectnoss:
2213 1913 2230 1946 ιι
2246 1887 2318 1966 Fili,
2344 1905 2382 1954 ne
2405 1887 2436 1952 iu
2498 1867 2541 1900 ⁵¹⁰'
2659 1889 2660 1894 ’

1479 1993 1587 2058 multis
1611 1993 1673 2058 sint
1691 1999 1780 2058 actus
1805 1993 1849 2074 tui
1869 2019 1896 2056 a.
1916 2029 1958 2040 —
1976 1991 2011 2056 lit
2028 1993 2108 2056 haec
2124 1991 2318 2056 incommoda
2344 1993 2439 2058 habet

1479 2097 1544 2164 vita
1567 2097 1682 2176 activa,
1704 2115 1766 2164 uon
1792 2095 2053 2182 contemplatira;
2075 2095 2160 2164 unde
2177 2095 2297 2182 primae
2318 2095 2357 2162 ad
2380 2095 2438 2164 Co·

1479 2203 1614 2270 riothios
1630 2203 1779 2288 septimo:
1811 2229 1824 2260 ε
1841 2203 1899 2288 Qui
1926 2221 1997 2270 cnm
2020 2221 2124 2272 uxore
2147 2209 2193 2272 est
2218 2203 2370 2272 sollicitas
2389 2209 2437 2270 est
2531 2269 2532 2272 ,

1480 2327 1562 2394 quae
1583 2317 1658 2376 sunt
1682 2311 1809 2390 mundi,
1832 2311 1991 2396 quomodo
2012 2311 2132 2398 placeat
2161 2311 2273 2390 uxori,
2303 2315 2334 2378 et
2360 2309 2439 2376 divi-

1480 2435 1534 2484 sas
1565 2421 1622 2484 est.
1653 2419 1690 2484 Et
1721 2417 1833 2484 mulier
1868 2419 1998 2504 innupta
2029 2425 2069 2488 et·
2093 2419 2181 2504 virgo
2211 2419 2325 2504 cogitat
2357 2433 2439 2502 quae

1478 2525 1602 2592 Domini
1627 2533 1713 2604 sunt,
1740 2533 1774 2592 ut
1800 2525 1837 2592 sit
1870 2533 1977 2604 sancta
2000 2543 2130 2610 corpore
2153 2531 2184 2592 θῖ
2200 2527 2331 2610 spiritu;
2358 2541 2438 2608 quae

1480 2637 1584 2714 autem
1612 2639 1707 2716 napta
1738 2637 1784 2698 est
1808 2633 1921 2716 cogitat
1948 2649 2029 2714 quae
2054 2637 2127 2696 sunt
2149 2631 2256 2696 mandi
2276 2659 2306 2694 »,
2328 2629 2437 2696 -Sic

1480 2753 1556 2820 ergo
1580 2737 1743 2802 humiliata
1764 2743 1812 2802 est
1834 2735 1991 2800 θθῖῖθθίε9
2013 2735 2235 2818 importunitas
2256 2753 2313 2818 per
2334 2741 2439 2802 osten-

1480 2839 1597 2906 sionem
1623 2841 1672 2906 sui
1695 2839 1880 2906 incommodi
1905 2857 1941 2902 ac
1964 2837 2115 2904 deiectas

1570 2947 1622 3010 79..
1639 2947 1741 3026 (Vens
1757 2947 1833 3026 aa).
1862 2943 2001 3010 Secundo
2029 2961 2106 3010 vero
2128 2951 2283 3028 quantum
2307 2943 2348 3010 ad
2367 2963 2439 3010 coo·
2456 2969 2588 3014 secunaum.

1481 3049 1689 3136 temptatione
1709 3049 2021 3116 coormeudationem
2047 3049 2172 3116 subdit:
2195 3051 2307 3118 Porro
2330 3071 2439 3118 aonia
2607 3069 2610 3076 ’

1480 3163 1524 3222 θεῖ
1549 3157 1794 3234 necessarium;
1817 3157 1877 3224 boc
1900 3157 2017 3232 scilicet
2047 3163 2093 3222 θεῖ
2117 3169 2250 3242 reguum
2279 3157 2349 3238 Dei,
2372 3175 2437 3242 quo

1480 3263 1601 3340 habito,
1619 3263 1697 3328 nibil
1711 3263 1815 3340 deest;
1831 3261 1917 3328 unde
1932 3263 2076 3328 llattbaei
2094 3269 2184 3328 sexto
2197 3263 2239 3328 1⁰:
2258 3289 2274 3324 «
2291 3263 2438 3348 Quaerite

1479 3369 1618 3454 primam
1640 3385 1773 3454 regnum
1800 3369 1870 3448 Dei,
1892 3367 2024 3436 ethaeo
2049 3369 2151 3434 omnia
2172 3367 2360 3436 adlicientur
2382 3387 2439 3436 vo

1481 3475 1527 3556 bis
1543 3499 1578 3554 »ς
1604 3481 1635 3542 θῖ
1657 3475 1690 3540 in
1714 3475 1851 3542 Psalmo:
1880 3475 2009 3542 «Unam
2035 3475 2109 3560 petii
2138 3475 2327 3556 aDomino,
2357 3475 2438 3542 hanc

1480 3581 1638 3666 requiram
1656 3607 1692 3658 »3
1716 3581 1775 3648 ista
1801 3569 1903 3646 tarnen
1936 3587 1984 3646 θεῖ
2005 3581 2069 3646 rita
2092 3579 2196 3658 beata,
2222 3587 2374 3666 quaeest
2406 3579 2440 3646 in

1481 3685 1533 3752 Dei
1560 3685 1779 3764 adhaerentia,
1806 3685 1855 3752 cai
1880 3691 1969 3754 vacat
2000 3685 2258 3776 contemplatum
2285 3685 2315 3752 in
2348 3685 2440 3752 cuius

1479 3809 1614 3876 persona
1628 3793 1743 3858 dicitur
1759 3793 1791 3858 in
1812 3793 1934 3860 Psalmo
1947 3793 1992 3858 11:
2012 3817 2029 3850 u
2048 3791 2120 3858 llihi
2136 3799 2243 3858 antem
2265 3793 2439 3878 adhaerere

1482 3899 1546 3964 Deo
1568 3897 1688 3964 bonum
1709 3903 1758 3966 est
1773 3925 1804 3964 a.
1827 3899 1866 3964 Et
1888 3899 1947 3964 boc
1971 3903 2017 3964 θεῖ
2042 3897 2119 3964 illud
2142 3917 2258 3976 anaim,
2284 3891 2368 3982 qaod
2390 3901 2439 3962 est

1481 4003 1710 4084 necessarium;
1736 4003 1811 4090 quia
1837 4029 1854 4062 «
1871 4003 1927 4088 qui
1947 4003 2099 4070 adhaeret
2120 4003 2252 4068 Domino
2275 4019 2361 4068 unus
2375 4001 2439 4086 spi-

1482 4111 1563 4174 ritus
1585 4117 1686 4190 θεῖ»,
1705 4111 1787 4176 sicat
1807 4109 1924 4176 dicitur
1940 4111 2060 4194 primae
2082 4109 2121 4174 ad
2144 4107 2320 4174 Corinthios
2337 4113 2439 4174 sexto.

1481 4217 1543 4282 Hoc
1567 4233 1666 4282 unum
1691 4217 1746 4300 qui
1767 4217 1865 4282 habet
1893 4215 1988 4282 hahet
2014 4233 2108 4282 omne
2129 4215 2266 4294 bonum;
2293 4213 2375 4280 uude
2408 4213 2438 4278 iu

1481 4321 1584 4408 ligura
1607 4321 1703 4388 haias
1736 4321 1850 4390 dieitur
1882 4321 1997 4388 Tobiae
2026 4321 2203 4390 decim012:
2236 4319 2378 4386 «Omnia
2407 4319 2439 4384 iu

1483 4435 1513 4496 te
1544 4447 1609 4496 uno
1639 4428 1735 4496 simul
1757 4429 1924 4508 hahentes,
1946 4435 1978 4494 te
2000 4429 2253 4510 nondebuimus
2281 4425 2440 4492 dimittere

1483 4537 1527 4602 ire
1559 4553 1577 4600 a
1609 4535 1698 4600 nobis
1722 4561 1757 4614 »;
1788 4543 1819 4602 et
1850 4535 2022 4618 Sapientiae
2055 4535 2208 4618 septimo:
2240 4533 2441 4600 «Venerunt

1482 4641 1559 4708 mihi
1589 4641 1695 4708 omnia
1724 4643 1807 4708 bona
1836 4641 1953 4726 pariter
1985 4657 2058 4708 uum
2087 4641 2140 4706 illo
2165 4667 2180 4700 ε
2209 4645 2267 4708 θῖθ.
2301 4639 2337 4704 Et
2367 4637 2436 4704 ideo

1482 4747 1565 4814 dixit
1595 4747 1747 4814 Dominus
1769 4747 1866 4832 Moysi
1888 4747 1921 4812 in
1951 4763 2085 4830 persona
2117 4745 2178 4812 viri
2207 4739 2441 4828 contemplativi

1484 4853 1581 4918 Exodi
1615 4851 1772 4936 trigesimo
1805 4853 1915 4918 tertio:
1944 4877 1959 4910 (ι
1987 4851 2048 4936 Ego
2075 4849 2239 4918 ostendam
2269 4847 2324 4913 tibi
2350 4863 2441 4914 omne

1483 4957 1600 5024 bonum
1619 4985 1648 5020 s.

1553 5317 1563 5350 ⁵
1583 5321 1659 5372 Vere.
1682 5317 1708 5384 i,
1730 5319 1771 5372 eui
1791 5317 1958 5384 subiungitur
1978 5319 2024 5372 ler.
2045 5319 2093 5382 63,
2114 5319 2156 5370 69.
2175 5345 2209 5358 -
2229 5317 2317 5370 Glosse
2334 5315 2443 5372 ordina·

1481 5407 1524 5464 ru
1546 5409 1585 5476 (ex
1604 5409 1730 5474 August,
1749 5409 1833 5460 Serra.
1855 5409 1914 5460 663.
1933 5407 1995 5460 alias
2013 5407 2057 5460 26.
2072 5407 2108 5460 de
2126 5407 2220 5460 Verbis
2240 5407 2359 5476 Domini,
2376 5421 2401 5458 e.
2414 5409 2439 5460 D.

1481 5515 1508 5552 n.
1525 5499 1575 5558 3.l:
1594 5497 1716 5562 Martha,
1741 5497 1864 5564 Mariba,
1882 5497 2001 5564 repetitio
2019 5497 2132 5550 nourinis
2160 5497 2287 5550 indiciam
2314 5503 2356 5550 est
2381 5497 2443 5550 dile

1482 5587 1590 5650 odonia,
1609 5593 1653 5640 aut
1673 5589 1738 5640 torte
1756 5589 1904 5640 movendae
1924 5587 2085 5650 intentioniS,
2106 5591 2134 5640 nt
2144 5587 2247 5640 audiret
2264 5587 2394 5640 attentius
2408 5615 2444 5626 -

1482 5677 1589 5730 lnlerius
1608 5689 1656 5742 pro
1676 5673 1836 5730 turbationis
1859 5677 1915 5728 Vat.
1934 5673 2124 5732 tribulationis.

1554 5761 1658 5818 ⁶Vers.
1679 5767 1703 5818 6.
1723 5767 1899 5832 -Sequitur
1919 5769 1936 5818 l.
1953 5767 2021 5818 Petr.
2043 5767 2072 5830 6,
2092 5765 2118 5818 7.

1554 5851 1658 5908 'Vera
1681 5857 1707 5918 t,
1727 5861 1786 5920 post
1810 5869 1889 5922 quem
1913 5853 1968 5910 lsai.
1996 5853 2044 5920 ta,
2069 5853 2100 5918 l,
2126 5851 2173 5906 ubi
2195 5867 2245 5920 pro
2270 5849 2444 5908 turbulentus

1485 5941 1568 5998 ACD
1586 5941 1720 5998 turbatas.
1747 6013 1748 6016 Ἴ

1555 6029 1566 6060 ⁸
1585 6031 1659 6084 Vers.
1682 6031 1722 6082 lb.
1741 6061 1776 6070 -
1796 6031 1914 6086 Subinde
1938 6031 2064 6098 allegatur
2082 6033 2103 6086 l.
2123 6031 2182 6086 Cor.
2199 6027 2232 6098 7,
2257 6029 2301 6082 33.
2318 6043 2374 6098 seq.
2393 6031 2443 6082 Pro

1484 6121 1514 6174 ut
1531 6119 1569 6174 sit
1583 6123 1681 6176 sanctu
1697 6117 1812 6172 CDGH
1830 6119 1963 6188 quomodo
1983 6119 2018 6174 sit
2035 6125 2137 6176 sancta.

1501 6271 1503 6276 ,
1556 6205 1671 6262 i'Codd
1690 6209 1770 6262 cett
1791 6207 1946 6278 pacationis.

1556 6295 1578 6326 ¹⁰
1599 6299 1675 6350 Vers.
1694 6299 1744 6364 33,
1763 6297 1806 6352 cui
1823 6297 1988 6352 subnectitur
2005 6299 2047 6350 Pe.
2063 6299 2115 6362 oo,
2133 6297 2159 6352 6.

1557 6381 1578 6414 ¹²
1598 6385 1692 6442 Psalm.
1709 6383 1760 6452 72,
1779 6387 1822 6438 28.
1839 6385 2011 6452 —Sequitar
2030 6387 2049 6438 t.
2061 6385 2121 6438 Cor.
2142 6385 2175 6448 6,
2188 6383 2232 6436 67.
2249 6409 2286 6422 -·-
2297 6383 2385 6436 Glossa
2405 6383 2443 6436 ia·

1483 6469 1638 6528 ieriineuris
1658 6471 1698 6540 (ex
1718 6473 1813 6540 Bedale
1831 6471 1921 6526 Porro
1945 6485 2032 6526 anaim
2051 6475 2088 6526 est
2112 6469 2310 6538 necessarium,
2334 6471 2388 6526 Deo
2409 6473 2445 6526 in·

1487 6561 1554 6624 giler
1577 6559 1720 6614 inhaerere.
1741 6589 1775 6602 -
1800 6561 1928 6624 Superius
1947 6575 1997 6626 pro
2021 6559 2073 6616 isia
2098 6563 2187 6614 mmea
2213 6557 2262 6628 (ita
2289 6559 2397 6632 cbo),
2422 6561 2445 6616 H

1487 6649 1539 6702 isto
1557 6661 1636 6716 erpo,
1650 6649 1716 6718 Vel.
1735 6649 1786 6704 ista
1806 6651 1922 6704 tautam.

1484 6801 1487 6808 ,
1559 6733 1580 6768 ²²
1600 6739 1675 6790 Vers,
1693 6737 1720 6810 6
1740 6765 1773 6778 -
1792 6739 1849 6790 Duo
1869 6751 1942 6806 seqq,
1967 6737 2017 6792 loci
2034 6739 2098 6790 sant
2120 6737 2182 6802 Sap.
2201 6737 2242 6814 7,
2260 6741 2302 6796 lt.
2320 6749 2347 6796 et
2363 6739 2445 6796 Exod.

1488 6827 1536 6892 aa,
1559 6825 1599 6878 ro.
