5908 8266
386 1241 467 1292 Primo,
484 1251 514 1284 se·

370 1303 419 1336 uren
434 1295 515 1338 concul-

369 1349 446 1392 etum.

392 3995 498 4046 Secundo,

386 4049 511 4094 arefactum.

538 633 600 698 ‘tul

533 809 576 876 ila
599 809 684 894 quod
706 829 807 878 unum
829 829 936 878 semen
959 811 1098 896 accipit1
1121 811 1369 898 dispositionem,
1393 819 1429 878 ut
1451 809 1492 878 sit

534 915 567 980 in
588 915 657 980 aliis
682 917 927 996 conculcatum,
950 917 983 982 in
1013 915 1082 984 aliis
1115 911 1324 1002 crumelum,
1362 917 1391 982 in
1424 915 1492 984 aliis

533 1017 734 1106 suffocatum
755 1029 788 1088 et
810 1021 842 1088 iu
867 1023 936 1088 aliis
956 1023 1224 1108 multiplicatum.

626 1127 676 1190 18.
700 1127 803 1208 (Vers.
830 1127 906 1206 12).
932 1127 1035 1192 Primo
1064 1127 1164 1212 igitur
1193 1137 1349 1212 quantum
1366 1129 1406 1194 ad
1434 1145 1492 1194 ex-

536 1231 732 1316 plicationem
761 1233 897 1298 ceruicis
922 1233 1123 1312 conculcati,
1157 1235 1240 1318 quod
1277 1241 1323 1300 est
1359 1235 1490 1302 verbum

535 1339 655 1406 Domini
673 1339 702 1404 in
721 1339 813 1406 corde
837 1337 1005 1418 oblivioso,
1025 1339 1116 1406 dicit:
1136 1341 1254 1422 Qraod²
1272 1349 1382 1406 eutem
1400 1361 1492 1406 cecus

534 1443 642 1522 biorn,
670 1439 703 1508 ta
726 1453 805 1510 curat
825 1445 885 1532 qni
906 1445 1074 1522 audiunt:
1098 1445 1185 1532 pund
1208 1463 1271 1510 oon
1295 1445 1432 1512 refertur
1452 1445 1491 1512 ad

535 1565 639 1616 semen
663 1557 863 1634 susceptum,
887 1549 941 1616 sed
977 1549 1013 1616 ad
1049 1567 1199 1634 personas
1235 1549 1420 1634 recipientes
1442 1567 1491 1616 εθ-

535 1673 623 1734 men,
648 1655 701 1742 qui
728 1661 756 1722 et
786 1655 844 1742 ipsi
873 1655 1025 1724 dicuntur
1054 1675 1182 1736 remeo,
1216 1655 1389 1724 secundum
1415 1655 1490 1722 illud

536 1763 680 1830 ieremias
704 1763 863 1850 trigesimo
886 1763 1005 1850 primo:
1030 1763 1223 1828 «seminabo
1244 1763 1373 1828 domum
1398 1763 1491 1828 lsrael

535 1875 564 1934 cl
588 1869 716 1934 domum
740 1867 813 1936 luda
839 1871 957 1936 semine
981 1869 1146 1936 bominum
1170 1875 1202 1934 et
1228 1869 1347 1934 semine
1369 1871 1491 1936 iumen-

537 1985 642 2040 torum
659 1999 688 2052 o,
713 1971 743 2039 id
768 1981 814 2042 est
842 1975 1050 2060 perlectorum
1076 1981 1107 2042 et
1142 1973 1410 2058 imperfectorum.
1446 1973 1487 2040 llli

536 2097 627 2164 crgo,
654 2079 707 2164 qui
741 2080 892 2160 audiunt,
927 2099 1033 2148 semen
1069 2087 1162 2160 suot,
1197 2081 1250 2146 sed
1287 2079 1356 2146 ideo
1391 2079 1490 2148 infru-

536 2187 654 2264 ctuosi,
677 2187 751 2270 quia
776 2207 837 2252 nou
867 2189 1014 2254 retinent.
1039 2187 1236 2272 —Propter
1269 2189 1353 2272 quod
1385 2187 1488 2254 addit:

538 2291 657 2358 deiude
678 2291 768 2360 veuit
788 2291 958 2372 diobolae,
982 2293 1101 2360 scilicet
1115 2311 1172 2378 per
1189 2295 1437 2378 suggestionem,
1463 2301 1491 2360 et

535 2397 612 2464 tollit
644 2397 780 2464 uerbum
813 2399 853 2464 dc
875 2399 974 2466 corde
1001 2417 1137 2478 eorum,
1167 2399 1200 2464 id
1230 2405 1278 2464 est
1310 2399 1349 2466 de
1385 2417 1489 2466 recor-

533 2503 666 2570 datione.
691 2503 727 2569 Et
749 2503 809 2572 hoc
835 2503 990 2590 signatum
1023 2503 1083 2572 luit
1109 2505 1251 2572 lodicum
1283 2507 1410 2586 sextoi,
1434 2507 1488 2574 ubi

533 2609 664 2678 dicitur:
695 2637 711 2670 «
725 2609 803 2678 Cum
840 2611 969 2680 sevisset
1004 2611 1115 2690 lsrael,
1150 2613 1336 2682 ascendebat
1370 2614 1489 2682 Madian

533 2725 561 2786 ct
586 2715 729 2786 analech
753 2727 785 2786 et
808 2719 972 2788 vastabant
994 2725 1126 2798 cuncta,
1145 2725 1238 2804 prout
1256 2729 1346 2788 erant
1361 2721 1394 2786 in
1417 2723 1490 2788 ber-

533 2825 625 2894 nis».
652 2825 736 2892 Unde
761 2827 828 2912 ipse
850 2825 983 2894 libenter
1016 2813 1151 2894 destruit
1181 2827 1336 2912 principia
1368 2827 1489 2896 bonita-

533 2931 589 3012 tis,
612 2931 687 3014 quia
711 2931 876 3000 insidiatur
902 2939 1027 3000 nostrae
1049 2933 1154 2998 saluti.
1178 2969 1221 2978 --
1246 2933 1377 3016 Propter
1404 2933 1489 3016 quod

531 3035 688 3122 adiungit:
716 3035 762 3104 lile
784 3037 949 3104 credentes
971 3037 1059 3104 solui
1081 3035 1173 3116 dunt.
1200 3037 1285 3104 Sicut
1305 3037 1388 3104 enim
1411 3035 1489 3102 seri-

533 3149 620 3226 ptum
646 3149 692 3208 est
714 3143 808 3210 illarci
833 3143 979 3222 ultimot,
1011 3141 1095 3228 «qui
1134 3143 1301 3210 crediderit
1335 3149 1367 3208 ot
1389 3143 1489 3228 bapti-

531 3253 618 3314 zatus
643 3247 736 3314 luerit
761 3249 864 3314 salvus
889 3249 965 3326 erit,
983 3247 1036 3332 qui
1063 3265 1139 3314 vero
1153 3267 1215 3314 uon
1232 3245 1400 3314 crediderit
1415 3265 1490 3314 cou-

530 3353 772 3422 damnabitur».
796 3353 864 3440 lpse
888 3361 992 3422 autern
1019 3353 1095 3420 nibil
1119 3353 1244 3440 quaerit
1266 3353 1326 3422 uisi
1348 3359 1488 3422 nostram

530 3458 759 3538 damnationem
789 3467 942 3546 tanquam
971 3461 1032 3526 iarn
1065 3459 1255 3540 damnatus;
1290 3459 1490 3546 apocalypsis

530 3563 726 3632 duodecimo:
758 3567 951 3634 «Proiectus
981 3574 1028 3634 est
1060 3573 1222 3634 accusator
1255 3567 1407 3646 fratrum,
1434 3567 1489 3652 qui

530 3673 698 3740 accusabat
730 3689 783 3740 eos
818 3679 891 3740 ante
921 3679 1127 3758 conspectum
1153 3675 1208 3740 Dei
1244 3673 1416 3740 postridie
1452 3691 1490 3740 ac

530 3783 662 3846 nocte».
735 3839 737 3842 .

623 3887 671 3952 19.
698 3885 797 3970 (Vero.
826 3887 899 3960 l3t.
926 3887 1068 3956 Secundo
1097 3893 1254 3974 quantum
1288 3887 1327 3954 ad
1350 3887 1490 3974 explica-

530 3991 645 4058 tionem
674 3993 812 4060 ceruicis
841 3993 988 4080 arefacti
1010 3995 1040 4060 in
1067 3995 1159 4060 cordo
1189 3993 1349 4060 desidioso
1381 3995 1490 4060 subdi-

530 4105 598 4166 tur:
625 4099 710 4166 uun
735 4101 795 4188 pul
818 4121 926 4186 cupro
945 4109 1095 4186 petrum,
1126 4097 1161 4166 lu'
1184 4099 1287 4168 cuot⁵
1312 4103 1388 4188 pul,
1412 4121 1490 4166 cum

528 4205 718 4284 cudreriut,
744 4227 820 4274 cum
840 4207 967 4292 puudt'o
993 4205 1182 4292 suscipiunt
1203 4205 1351 4274 uerbum.
1378 4207 1413 4274 ut
1430 4207 1489 4274 boc

528 4313 655 4398 quidem
679 4319 725 4380 est
761 4313 935 4394 laudabile,
965 4313 1140 4380 secundum
1163 4303 1254 4382 ¹illud
1277 4315 1410 4382 Actuum
1436 4313 1490 4382 de-

528 4421 609 4486 cimo
623 4419 769 4504 septimo:
789 4447 807 4480 ε(
818 4421 1032 4506 Susceperunt
1049 4421 1183 4488 uerbum
1199 4439 1272 4488 cum
1291 4417 1375 4486 omni
1391 4421 1490 4488 auidi-

528 4533 590 4594 tate
604 4553 635 4592 ».
648 4527 762 4594 -Sed
780 4535 882 4594 tamen
898 4527 932 4594 in
948 4527 1008 4594 hoc
1023 4535 1098 4594 suut
1115 4527 1391 4612 reprehensibiles
1414 4527 1489 4612 quia

527 4653 588 4700 uon
616 4633 718 4700 forent
743 4653 800 4700 nec
823 4633 934 4700 volunt
967 4633 1128 4712 laborare;
1153 4641 1185 4700 et
1206 4633 1276 4700 ideo
1301 4633 1423 4700 subdit:
1449 4637 1489 4700 Et

511 4737 566 4806 'lac'
585 4739 717 4808 redicas
743 4759 809 4808 coo
831 4737 968 4818 babent,
994 4739 1023 4806 id
1050 4747 1096 4808 est
1128 4739 1308 4806 firmitatem
1331 4739 1488 4822 caritatis

527 4843 567 4912 de
589 4863 651 4930 qua
677 4845 840 4928 tpostotus
864 4845 902 4912 ad
926 4847 1074 4930 Ephesios
1099 4847 1235 4914 certici:
1263 4871 1280 4904 a
1298 4845 1328 4910 ln
1359 4847 1488 4912 caritate

529 4949 657 5018 radicati
683 4957 712 5018 et
737 4951 901 5030 tundali»;
928 4951 982 5018 sed
998 4953 1104 5036 polius
1123 4969 1262 5018 amorem
1288 4951 1487 5018 libidinosum

529 5057 594 5126 sive
618 5057 850 5138 adulterinum,
875 5063 905 5126 et
929 5057 999 5124 ideo
1013 5077 1076 5124 non
1102 5055 1290 5142 proficiunt3
1313 5057 1488 5142 Sapientiae

528 5173 661 5250 quarto:
690 5189 705 5222 «
723 5165 923 5232 Adulterinae
944 5163 1154 5248 plantationes
1176 5181 1238 5228 oon
1261 5163 1381 5228 dabunt
1406 5163 1509 5228 radi.

600 5657 691 5714 ²C0d.
712 5661 732 5710 B
750 5657 886 5714 diuersum
906 5659 1010 5730 occipit.
1034 5689 1065 5698 —
1087 5663 1122 5714 De
1142 5669 1254 5730 quatuor
1275 5663 1423 5714 auditorum
1443 5675 1486 5726 ge·

528 5747 633 5800 neribus
653 5753 698 5802 clr.
719 5765 799 5816 sopra
816 5765 842 5802 rr.
863 5751 885 5802 t.
911 5819 912 5822 Ἰ

599 5835 609 5866 ²
629 5840 663 5890 lto
683 5839 771 5902 plures
791 5839 867 5892 codd.
886 5855 946 5892 cum
974 5843 1081 5906 Gregor.
1107 5837 1140 5906 (l.
1165 5839 1259 5892 llomil.
1279 5841 1303 5892 iu
1323 5843 1423 5906 Erarrg.
1443 5843 1487 5890 lnt-

529 5927 579 5979 rnll.
596 5927 636 5978 16.
657 5929 681 5978 in
701 5927 852 5996 principio),
871 5931 897 5980 S.
918 5929 1019 5982 Tboma
1034 5927 1140 5994 (Calena
1160 5943 1238 5980 aurea
1256 5929 1283 5980 in
1296 5933 1356 5982 luc.
1370 5931 1397 5980 8.
1409 5945 1433 5980 n.
1450 5929 1476 5996 21
1548 5973 1551 5978 .

528 6017 751 6080 accuratiorem
772 6017 850 6068 codd.
869 6017 913 6068 bic
930 6029 990 6070 curn
1011 6019 1125 6084 Volguta
1154 6015 1215 6086 qui,
1238 6023 1264 6070 et
1289 6017 1353 6070 inira
1379 6017 1426 6086 qui
1451 6017 1485 6086 [H

529 6103 600 6158 istud
617 6103 681 6174 pai]
705 6119 759 6158 nou
786 6105 906 6176 refertur
929 6111 993 6172 etc,
1013 6107 1090 6160 Card.
1115 6107 1192 6172 Hugo
1221 6107 1331 6170 explicat
1354 6107 1485 6172 duplicem

529 6197 595 6246 trane
613 6194 763 6260 lectionem3
785 6197 829 6248 cb.
850 6197 935 6248 llattb.
957 6197 1002 6260 l3,
1023 6197 1065 6248 20.
1085 6221 1118 6234 -
1139 6195 1262 6260 Sequitur
1280 6197 1326 6248 lor.
1347 6197 1389 6262 3l,
1408 6195 1452 6248 27.

599 6279 609 6310 ³
631 6287 703 6338 l'ors.
724 6285 746 6336 3.
774 6291 799 6336 et
818 6283 842 6336 1.
861 6311 898 6324 -·-
917 6283 1034 6338 Subinde
1052 6287 1125 6346 Vct,
1147 6271 1354 6350 interpunctione
1373 6289 1486 6346 mutata,

529 6373 603 6436 legit:
617 6371 754 6440 principia
769 6371 902 6428 bonitalis.
922 6373 956 6428 ut
969 6371 1033 6442 puio
1050 6375 1163 6428 nostroe
1173 6371 1260 6426 soluti
1271 6371 1429 6438 insidiatur,
1443 6371 1487 6424 ud-

529 6461 616 6530 111111
632 6469 681 6514 etc.

599 6545 704 6602 ‘Vere
728 6551 767 6602 16.
788 6579 820 6588 -
840 6551 965 6618 Socpdtur
983 6551 1063 6616 Apoe.
1090 6551 1132 6616 12,
1153 6551 1194 6602 tu.

600 6635 609 6668 ⁵
629 6638 739 6704 Vrtlgata
759 6647 786 6692 et
804 6641 862 6692 Vat.
887 6653 948 6692 com
968 6641 987 6692 ll
1007 6639 1130 6692 omittunt
1149 6637 1177 6694 lu'
1200 6643 1278 6706 runt,
1304 6641 1377 6706 prtod
1402 6647 1487 6692 tamon

528 6725 651 6782 orbibebt
668 6727 778 6794 Gregor.
797 6727 831 6794 (l.
850 6729 945 6782 liomil.
969 6731 993 6782 io
1021 6731 1118 6794 Erang.
1145 6729 1231 6780 bomil.
1254 6727 1321 6794 te),
1346 6729 1373 6780 Β.
1393 6727 1489 6780 Albert.

529 6823 552 6866 ot
565 6819 592 6868 S.
611 6815 708 6866 Tbom.
730 6815 836 6880 (Calena
854 6831 932 6870 aurea
948 6817 974 6870 in
985 6819 1047 6870 Luc.
1067 6819 1092 6868 8.
1107 6831 1133 6868 n.
1153 6815 1202 6884 2.).
1214 6845 1247 6854 -
1262 6815 1379 6868 Subinde
1397 6815 1489 6876 codd,

530 6905 549 6956 ll
569 6909 690 6968 excepto,
711 6905 833 6958 omittunt
850 6917 912 6958 curu
929 6903 1068 6958 uredicriul
1080 6911 1104 6956 el
1116 6901 1237 6958 corbum.
1253 6935 1286 6944 -
1299 6905 1421 6970 Sequitur
1434 6903 1488 6956 Act.

531 6995 573 7060 17,
593 6993 636 7056 11,
656 6991 699 7042 ubi
719 7001 780 7058 post
796 6991 909 7046 verbum
927 6993 1070 7046 ACDFG
1092 6993 1193 7046 addunt
1211 6993 1268 7046 Dei.

1122 637 1315 706 couniunt.
1340 637 1377 702 IN
1400 633 1637 702 uvtueuuuu
1664 635 1780 700 tuctu
1804 633 1836 698 C.
1861 632 1933 698 llll.

1556 827 1609 878 ces
1622 811 1701 878 altas
1718 827 1775 876 nec
1792 809 1902 876 stabile
1917 809 2154 874 firmamentum
2170 807 2410 888 collocabunt»,
2426 807 2512 894 quia,

1556 913 1634 984 Osee
1652 933 1749 996 nono,
1775 915 1893 982 «radix
1912 933 2022 982 eorum
2038 913 2193 984 exsiccata
2210 919 2256 980 est
2270 941 2358 984 1.-
2377 915 2413 980 ut
2427 913 2514 1000 quod

1555 1023 1606 1089 isti
1628 1041 1690 1088 non
1717 1023 1852 1090 babeant
1872 1021 1993 1088 radices
2017 1021 2255 1100 contumacior,
2273 1021 2421 1100 ostendit,
2440 1039 2514 1088 cum

1555 1129 1712 1214 adiungit:
1738 1129 1852 1212 Qiitc⁷
1874 1129 1922 1196 ud
1937 1135 2064 1214 tempus
2081 1127 2235 1206 creduut,
2253 1127 2370 1196 scilicet
2387 1127 2416 1194 io
2435 1133 2514 1194 tern-

1556 1253 1634 1318 pore
1658 1235 1890 1320 prosperitatis,
1913 1241 1942 1300 at
1973 1233 2009 1300 iu
2037 1241 2178 1318 tempore
2212 1233 2400 1300 imitationis
2425 1253 2514 1300 rece-

1556 1339 1659 1418 dunt,
1684 1339 1802 1408 scilicet
1825 1361 1844 1406 a
1864 1343 1947 1418 Deo,
1973 1339 2147 1406 secundum
2177 1337 2255 1404 illud
2279 1339 2514 1408 Deuteronomii
2610 1355 2615 1362 '

1556 1445 1718 1530 trigesimo
1738 1445 1895 1512 secundo:
1923 1445 2093 1514 «Recessit
2112 1463 2133 1512 a
2154 1445 2227 1522 Deo,
2252 1445 2383 1512 salutari
2405 1463 2465 1514 suo
2479 1475 2511 1512 a.

1555 1551 1617 1616 Hoc
1642 1559 1727 1616 certe
1760 1551 1909 1634 competit
1931 1551 2110 1618 huiusmodi
2144 1549 2315 1630 desidioso,
2339 1551 2513 1620 secundum

1554 1655 1632 1722 illud
1657 1655 1857 1722 Ecclesiastici
1885 1655 2019 1724 sexto⁸:
2047 1683 2063 1716 «
2077 1659 2172 1742 Quam
2192 1673 2303 1742 aspera
2319 1665 2364 1724 est
2381 1657 2513 1726 nimium

1556 1761 1709 1846 sapientia
1736 1761 1869 1828 indoctis
1896 1761 2094 1842 bominibus,
2118 1769 2150 1830 et
2171 1781 2232 1829 non
2258 1765 2454 1850 permanebit
2478 1765 2513 1832 in

1555 1869 1608 1936 illa
1632 1885 1745 1958 excors
1761 1895 1791 1946 a,
1817 1867 1890 1946 sed,
1913 1869 1995 1936 sicut
2018 1867 2134 1934 dicitur
2150 1867 2226 1936 Osee
2243 1871 2394 1954 septimo,
2424 1899 2441 1932 «
2456 1891 2514 1940 vae

1555 1973 1605 2038 bis
1628 1973 1680 2058 qui
1708 1979 1907 2040 recesserunt
1928 1991 1949 2038 a
1970 1991 2022 2038 me
2036 1975 2067 2038 »l
2093 1973 2271 2056 Quocontra
2294 1973 2345 2040 lob
2361 1975 2513 2060 vigesimo

1555 2079 1705 2164 septimo:
1734 2081 1871 2146 «Donec
1905 2079 2062 2158 delictam,
2087 2097 2149 2144 non
2182 2081 2325 2146 recedam
2351 2081 2393 2148 ab
2426 2081 2514 2150 iono-

1554 2185 1656 2252 ceutia
1677 2203 1747 2252 mea
1760 2213 1788 2252 ».
1807 2187 1844 2252 Et
1858 2185 1927 2252 ideo
1945 2187 2091 2252 bortatur
2107 2185 2339 2254 Ecclesiasticus
2354 2189 2511 2256 secundo:

1561 2317 1577 2350 a
1592 2291 1663 2372 Fili,
1688 2291 1838 2360 accedeus
1860 2291 1898 2358 ad
1922 2291 2105 2360 servitutem
2132 2291 2199 2372 liei,
2221 2297 2270 2360 sta
2291 2293 2324 2360 io
2347 2293 2465 2362 iustitia
2480 2305 2512 2364 et

1553 2399 1665 2465 timore
1691 2405 1720 2466 et
1743 2417 1897 2486 praepara
1918 2399 2056 2466 animam
2081 2405 2165 2466 tuam
2192 2397 2227 2464 ad
2257 2399 2457 2468 tentationem
2478 2429 2510 2468 ».

1645 2507 1698 2572 29.
1721 2507 1824 2592 (Vens.
1850 2507 1926 2588 lla).
1952 2507 2056 2574 Tertio
2071 2509 2186 2574 autem
2209 2511 2365 2590 quantum
2395 2507 2435 2576 ad
2458 2527 2512 2576 ex·
2528 2521 2610 2620 iptio.
2626 2505 2678 2568 suf?

1553 2613 1739 2698 positionem
1764 2613 1899 2680 reminis
1921 2611 2078 2702 suffocati
2091 2615 2124 2678 in
2140 2613 2232 2678 corde
2256 2615 2418 2700 nepotioro
2437 2617 2511 2684 sub·
2557 2579 2646 2622 aeacum.

1553 2721 1657 2786 ditur:
1685 2721 1779 2802 Quod
1802 2729 1913 2786 cutem
1935 2719 1968 2786 iu
1994 2719 2110 2804 spirtus
2124 2719 2136 2758 ⁹
2150 2717 2280 2796 eccidit,
2308 2717 2342 2786 lai
2357 2729 2437 2786 aunt
2452 2723 2512 2810 pul

1553 2825 1755 2904 audierunt,
1777 2825 1809 2890 id
1832 2831 1890 2902 est,
1913 2825 1956 2890 illi
1981 2825 2144 2908 signantur
2168 2841 2224 2906 per
2250 2825 2334 2890 illud.
2363 2825 2396 2891 Et
2421 2833 2509 2910 nota,

1554 2931 1638 3014 qnod
1661 2929 1800 2996 auditus
1827 2929 2013 2996 attribuitur
2036 2929 2199 3008 omuibus
2224 2939 2260 2996 ut
2282 2931 2389 2998 nullus
2413 2935 2511 3016 possit

1554 3053 1587 3102 se
1622 3052 1793 3114 excusare:
1819 3033 1857 3100 ad
1890 3035 2041 3102 Romanos
2075 3035 2210 3102 decimo:
2242 3035 2422 3122 «Nunquid
2448 3059 2509 3106 ooo

1553 3139 1748 3210 audierunt?
1771 3139 1809 3206 Et
1830 3139 1956 3224 quidem
1973 3141 2006 3206 in
2024 3157 2146 3206 omnem
2166 3147 2282 3206 terram
2300 3143 2397 3210 exirit
2415 3161 2511 3214 sonus

1554 3263 1683 3324 eorum,
1706 3249 1738 3312 et
1762 3247 1792 3312 in
1817 3247 1894 3314 lines
1931 3247 2015 3314 orbis
2039 3253 2142 3314 terrae
2166 3245 2262 3314 uerba
2285 3265 2394 3314 eorum
2412 3275 2442 3314 a,
2468 3287 2508 3298 .-

1554 3353 1611 3420 Sed
1636 3370 1698 3420 uon
1721 3371 1830 3420 omnes
1865 3353 1984 3420 iaciunt
2015 3353 2155 3420 fructum
2192 3353 2406 3438 spiritualem,
2437 3359 2511 3442 quia

1554 3459 1768 3544 impediuntur
1792 3479 1811 3526 a
1832 3461 1920 3526 curis
1940 3459 2135 3538 carnalibus;
2159 3469 2190 3528 et
2212 3461 2282 3528 ideo
2305 3461 2405 3530 addit:
2431 3465 2510 3530 dtu

1553 3567 1850 3644 sollicitudinibcr,
1876 3567 1994 3632 scilicet
2026 3565 2127 3648 intra,
2160 3575 2188 3634 et
2216 3569 2362 3650 dicitlic,
2393 3569 2510 3638 seilicet

1554 3681 1664 3752 entra,
1686 3679 1712 3740 et
1734 3671 1958 3758 voluptatibus
1984 3673 2090 3752 ottae,
2117 3673 2233 3740 scilicet
2260 3675 2360 3756 inlra;
2382 3677 2416 3742 in
2446 3695 2510 3762 quo

1554 3779 1694 3866 tangitur
1721 3779 1837 3864 triplex
1871 3779 1989 3847 bonurn
2019 3779 2254 3860 commutabile,
2288 3781 2404 3848 scilicet
2430 3779 2510 3850 iute-

1553 3887 1647 3966 rt'ua,
1673 3887 1818 3954 ceterius
1841 3893 1874 3954 et
1895 3883 2061 3974 trasarius:
2084 3895 2193 3954 euntes
2222 3885 2449 3974 collocuntur,
2480 3889 2510 3958 id

1554 3999 1617 4074 est,
1633 3993 1728 4060 vitam
1748 3993 1942 4078 spiritualem
1958 3995 2113 4078 perdunt,
2129 3995 2218 4078 quia,
2236 3995 2409 4062 seeundum
2426 3995 2509 4082 quod

1552 4099 1668 4166 dicitur
1691 4099 1811 4184 primae
1833 4099 1874 4166 ad
1895 4099 2096 4178 Timotheum
2123 4105 2215 4166 sexto
2230 4099 2264 4180 1⁰,
2294 4101 2375 4186 «qoi
2401 4101 2509 4168 volunt

1553 4203 1665 4272 divites
1694 4205 1761 4272 fieri
1800 4205 1941 4272 incidunt
1976 4205 2005 4272 in
2038 4205 2222 4274 tentationes
2245 4212 2276 4274 et
2304 4205 2335 4272 in
2361 4207 2509 4292 laqueum
2564 4203 2566 4206 ’

1553 4311 1667 4378 diaboli
1690 4315 1721 4376 et
1745 4309 1776 4376 iu
1793 4311 1946 4378 desideria
1968 4310 2065 4378 mulla
2089 4311 2212 4378 inutilia
2234 4319 2265 4376 et
2289 4313 2413 4390 nociva,
2429 4329 2510 4396 quae

1553 4423 1699 4502 mergunt
1724 4417 1881 4484 hominem
1909 4417 1938 4484 in
1963 4417 2124 4486 interitum
2150 4426 2180 4484 et
2202 4419 2410 4502 perditionem
2425 4443 2455 4496 »3
2480 4423 2511 4486 et

1553 4523 1621 4592 ideo
1645 4527 1756 4592 merito
1780 4523 1942 4610 criffocori
1964 4523 2122 4592 dicuntur.
2143 4525 2237 4591 -Et
2260 4524 2329 4592 ideo
2351 4524 2508 4610 perdendo
2528 4537 2659 4584 uolantum.

1553 4631 1647 4698 uitam
1670 4631 1866 4712 interiorem,
1890 4631 2028 4716 perdunt
2050 4649 2107 4718 per
2129 4649 2324 4716 consequens
2341 4631 2508 4700 efficaciam

1552 4739 1759 4818 exteriorem3
1786 4745 1816 4806 et
1831 4739 1900 4810 ideo
1927 4737 2089 4806 subditur:
2115 4739 2155 4802 ut
2175 4757 2241 4804 uolt
2266 4735 2416 4824 referunt
2429 4737 2507 4826 fru-

1552 4853 1650 4910 ctum.
1665 4845 1818 4912 Scribitur
1831 4845 1914 4910 enim
1929 4845 2128 4912 Ecclesiastae
2142 4843 2251 4928 quinto
2266 4847 2305 4910 1¹:
2324 4871 2340 4904 (ι
2353 4845 2412 4928 Qui
2424 4853 2508 4912 amat

1551 4949 1675 5018 divitias
1698 4951 1839 5018 fructum
1855 4969 1917 5016 oon
1939 4949 2042 5036 capiet
2063 4967 2105 5016 ex
2129 4951 2218 5030 eis»,
2242 4951 2333 5036 quia,
2356 4951 2437 5018 sicut
2462 4949 2508 5018 di-

1551 5055 1634 5120 citur
1651 5055 1682 5120 in
1697 5055 1833 5132 Psalmo,
1857 5081 1871 5114 c
1883 5055 2082 5121 dormierunt
2098 5071 2243 5120 somnum
2261 5074 2365 5136 suum,
2383 5063 2414 5124 et
2428 5057 2508 5122 nibil

1551 5161 1740 5228 inuenerunt
1764 5161 1821 5228 viri
1849 5159 2031 5228 divitiarum
2053 5159 2087 5226 in
2109 5159 2255 5226 manibus
2277 5161 2343 5228 suis
2357 5187 2391 5240 »3
2414 5167 2447 5228 et
2469 5161 2508 5228 ad

1620 5657 1632 5688 ⁶
1655 5661 1726 5714 Vera.
1751 5661 1793 5712 l7.
1812 5689 1845 5696 -
1865 5661 1922 5712 Duo
1942 5675 2017 5726 seqq.
2036 5657 2083 5712 loci
2101 5663 2162 5710 sunt
2174 5659 2235 5722 Sap.
2258 5659 2286 5724 1,
2306 5659 2337 5710 3:
2355 5657 2460 5726 Spurio
2472 5659 2511 5714 oi·

1549 5747 1683 5802 luiumiuu
1697 5763 1751 5804 nou
1772 5755 1833 5810 cte,
1847 5763 1896 5814 pro
1913 5747 2115 5818 firmoruculunt
2129 5747 2208 5798 codd.
2225 5745 2432 5814 struduoteutum
2451 5745 2508 5814 (eir.

1548 5843 1611 5890 tom.
1632 5839 1674 5890 Vl.
1694 5853 1756 5904 pag.
1778 5839 1827 5888 192
1847 5839 1896 5890 rol.
1914 5841 1941 5890 ll.
1962 5843 1986 5888 et
2006 5849 2066 5902 pag.
2088 5837 2508 5902 Δ133,θοΙ.1.1,θ1Οεθθ9,16.

1619 5923 1629 5954 ²
1652 5929 1684 5978 lta
1705 5927 1782 5978 etiarn
1801 5927 1909 5990 Gregor.
1929 5925 1959 5988 (l.
1971 5925 2066 5978 llomil.
2084 5925 2109 5976 in
2129 5925 2229 5990 Erang.
2243 5925 2331 5979 bomil.
2355 5927 2414 5992 l5.),
2432 5925 2510 5980 Cord.

1549 6017 1639 6080 uago,
1661 6017 1686 6068 6.
1707 6015 1817 6078 albert:
1841 6015 1950 6080 Vulgata
1970 6011 2030 6078 Qui.
2048 6041 2085 6054 -
2102 6013 2225 6082 Sequitur
2250 6015 2394 6078 11111132,
2414 6015 2511 6066 15.-

1550 6103 1676 6168 Superius
1695 6117 1743 6168 pro
1767 6105 1797 6158 ut
1816 6101 1888 6170 puod
1905 6101 1951 6158 isti
1967 6101 2043 6156 CDF
2064 6103 2099 6156 Et
2116 6101 2190 6170 guod
2207 6101 2284 6168 taluc,
2297 6109 2325 6156 et
2342 6117 2391 6168 pro
2403 6101 2510 6156 radices

1549 6193 1739 6254 contirruoutcc
1761 6195 1816 6244 tot.
1836 6189 1941 6246 radices
1960 6191 2143 6262 confirmetur.

1622 6277 1726 6332 Β9θ1ἐ.
1751 6283 1798 6342 21,
1825 6287 1884 6344 post
1906 6295 1984 6346 qoem
2012 6281 2079 6332 Osee
2101 6281 2128 6344 7,
2153 6281 2199 6346 13,
2226 6281 2271 6332 lob
2297 6281 2339 6346 at,
2365 6283 2389 6332 5.
2414 6287 2442 6332 et
2463 6281 2511 6334 Ec-

1550 6371 1686 6434 (91.2,1

1622 6455 1635 6486 ⁹
1652 6457 1734 6512 Codd.
1756 6457 1863 6512 curu
1885 6457 1983 6524 spinis,
2005 6459 2036 6510 ita
2057 6459 2136 6512 eliam
2154 6461 2183 6512 li.
2203 6457 2298 6510 Albert.
2318 6463 2343 6510 et
2369 6461 2393 6510 S.
2414 6459 2509 6512 Tbom.

1553 6545 1659 6614 (Catena
1678 6561 1758 6600 aurea
1779 6547 1803 6596 ic
1826 6547 2034 6614 inuitaui:
2055 6549 2142 6600 blatlb.
2162 6549 2210 6612 13,
2230 6547 2277 6598 221
2299 6545 2352 6610 Orci
2369 6551 2509 6602 octenae·

1551 6635 1671 6690 acinctus
1691 6639 1731 6690 cat
1749 6635 1776 6688 iu
1794 6633 1890 6704 spinis.
1907 6663 1944 6676 -
1961 6635 2084 6702 Sequitur
2103 6637 2179 6688 Rom.
2203 6635 2248 6698 ro,
2271 6635 2310 6686 lS.

1625 6721 1647 6752 ¹⁰
1667 6725 1742 6776 Vors.
1763 6725 1785 6774 9.
1799 6751 1834 6762 -
1847 6725 1885 6774 [le
1903 6725 1945 6776 bis
1963 6725 2047 6776 tribus
2066 6725 2142 6776 bonis
2153 6727 2199 6776 clr.
2219 6725 2269 6792 Qq.
2287 6725 2385 6790 disput.
2404 6725 2439 6778 de
2451 6725 2510 6778 Per·

1553 6815 1612 6864 lect.
1625 6813 1743 6878 evangel.
1758 6827 1782 6878 q.
1804 6815 1830 6862 2.
1841 6825 1866 6862 a.
1881 6811 1904 6862 3.
1924 6811 1949 6862 in
1967 6825 2040 6874 corp.
2060 6817 2084 6862 el
2097 6811 2124 6862 in
2137 6809 2260 6866 Hexalim.
2277 6815 2363 6866 collat.
2385 6815 2409 6866 1.
2430 6815 2509 6866 1122.

1553 6899 1605 6954 Cir.
1625 6899 1702 6952 etiam
1722 6901 1807 6952 itiner.
1828 6899 1920 6950 mentis
1940 6901 1965 6950 in
1985 6899 2069 6950 Deum
2087 6913 2112 6952 c.
2135 6901 2157 6950 l.
2177 6909 2203 6954 et
2221 6903 2361 6970 Soliioquia
2382 6919 2403 6956 c.
2426 6903 2478 6956 1-3.

1625 6987 1647 7018 ¹¹
1668 6989 1742 7040 Vere.
1762 6989 1789 7050 9,
1810 6995 1870 7052 post
1887 7001 1965 7052 quem
1987 6989 2025 7038 Ps.
2045 6987 2094 7050 75,
2115 6989 2139 7040 6.
2158 6995 2185 7042 θ1
2202 6991 2278 7045 Rom.
2299 6995 2328 7056 6,
2348 6995 2391 7046 21.
