5900 8266
482 569 550 634 ‘tto

485 745 687 824 ludaeorum,
705 743 757 810 s'ed
775 741 916 810 omnium
938 745 1169 830 reproborum,
1193 763 1212 810 a
1234 743 1352 828 quibus
1366 761 1445 828 qno·
1469 747 1471 828 Q

485 851 558 916 tidie
576 851 693 934 patitur
710 851 855 916 Christos
868 851 902 916 in
926 867 984 916 suo
1007 867 1140 934 corpore
1155 873 1186 928 »ς
1211 849 1445 934 propterquod
1469 841 1470 846 ’

485 961 516 1020 θῖ
541 955 655 1022 Ρθεῖεε
675 955 714 1020 θεῖ
731 955 926 1024 Colosseuses
941 955 1061 1040 primo:
1085 981 1101 1012 <r
1115 955 1296 1040 adimplebo
1310 973 1444 1042 eaquae
1469 967 1471 1022 ῑ

484 1059 599 1126 desunt
620 1059 799 1144 passionum
822 1059 957 1138 Christi,
981 1059 1013 1126 ῖε
1038 1077 1131 1126 carne
1156 1077 1225 1126 mea
1239 1077 1297 1144 pro
1312 1075 1444 1144 corpore
1469 1049 1471 1132 ἶ

485 1165 562 1244 θῖεε,
575 1165 718 1250 quodest
731 1165 909 1232 Ecclesia».
923 1203 965 1214 -·-
978 1165 1157 1234 tlacautem
1169 1165 1311 1250 passione
1327 1163 1361 1230 in'
1375 1183 1444 1232 cor·
1469 1221 1470 1224 ,

485 1287 561 1354 pure
576 1271 689 1338 Christi
708 1277 933 1350 consummata,
950 1289 1013 1336 non
1025 1277 1127 1344 ,restat
1144 1269 1201 1336 nisi
1219 1269 1403 1356 glorificatio
1415 1277 1444 1336 et

485 1375 652 1442 retributio
668 1375 775 1460 plena;
793 1375 1017 1460 propterquod
1033 1375 1443 1470 hpoealppsissexto1dici-

479 1487 539 1548 tur
561 1481 681 1548 Sanctis
703 1481 954 1548 desiderantibus
971 1481 1137 1548 secundam
1156 1479 1321 1550 stolamzc
1338 1481 1444 1548 hdhuc
1470 1519 1472 1554 ;

485 1585 635 1654 εεεῖῖεθῖθ
660 1585 815 1654 modicum
834 1593 977 1672 tempuS,
992 1585 1092 1654 donec
1106 1585 1275 1672 impleatur
1292 1603 1444 1654 numerus
1470 1585 1472 1590 '

484 1691 618 1758 fratrum
635 1687 813 1758 vestrorum
829 1717 861 1772 »3
877 1699 911 1758 et
926 1691 1122 1774 Apocalypsis
1139 1691 1291 1774 septimo:
1313 1717 1329 1750 «
1346 1693 1443 1758 Nolite
1470 1681 1472 1684 ’

485 1813 599 1864 nocere
620 1803 726 1864 terrae
747 1805 780 1864 et
803 1797 879 1864 mari
907 1813 1009 1884 neque
1026 1795 1212 1876 arborihm,
1236 1797 1443 1882 quoadusque
1470 1809 1472 1814 ·

486 1901 645 1984 signemus
677 1917 785 1968 serres
807 1903 861 1968 Dei
884 1903 985 1968 nostri
1008 1901 1042 1966 in
1064 1901 1223 1966 frontibus
1244 1901 1310 1966 suis
1327 1927 1357 1966 s.
1381 1903 1443 1966 Hoc

486 2015 534 2074 est
556 2005 678 2092 signum
707 2007 762 2074 Dei
794 2007 874 2086 rivi,
899 2007 990 2094 quod
1007 2013 1055 2074 θεῖ
1079 2007 1203 2092 signum
1227 2003 1349 2086 cruciS,
1379 2025 1443 2092 qno
1471 2095 1472 2098 Ἴ

485 2131 594 2180 omnes
616 2113 731 2182 electos
752 2119 876 2198 oportet
901 2113 1100 2198 consignari3
1124 2113 1295 2180 Ezechielis
1316 2115 1441 2184 nonui:

491 2221 614 2306 «Signa
635 2221 714 2286 thau
738 2239 836 2306 supra
866 2221 986 2288 frontes
1016 2221 1159 2288 virorum
1187 2221 1380 2306 gementium
1413 2227 1443 2290 θῖ

485 2327 657 2394 dolentium
672 2353 702 2408 »3
725 2335 862 2414 etpost:
884 2329 1075 2410 «Transire,
1094 2329 1214 2414 inquit,
1232 2347 1290 2416 per
1303 2329 1441 2398 medium

485 2433 619 2504 civitatis
641 2441 674 2502 et
695 2435 826 2504 occidite
843 2463 873 2504 ε,
896 2435 1062 2504 «Omnem
1079 2443 1203 2516 autem,
1229 2455 1324 2524 super
1349 2455 1441 2524 quern
1471 2455 1472 2458 ’

485 2541 626 2610 videritis
651 2545 746 2624 thau,
769 2563 809 2610 ne
832 2543 981 2612 occidatis
996 2571 1026 2608 a.
1052 2581 1094 2594 ·-
1112 2545 1148 2608 Et
1164 2551 1253 2624 nota,
1271 2545 1356 2630 quod
1372 2563 1443 2628 pas-

485 2647 530 2716 sio
554 2649 710 2716 iustorum
742 2651 900 2734 praecedit
931 2651 1184 2734 reprobationem
1214 2651 1441 2734 reproborum,

485 2755 559 2840 quia
581 2755 740 2848 excitatur
763 2755 881 2822 iustitia
906 2755 943 2820 ad
968 2755 1136 2822 uindictam
1155 2761 1286 2838 propter
1301 2771 1442 2822 summae

483 2859 657 2944 iniquitatis
680 2861 864 2944 perfidiam3
895 2859 990 2926 Isaiae
1022 2857 1283 2944 quinquagesimo
1312 2857 1440 2922 nerui:

489 2965 710 3042 «Conversum
729 2971 776 3032 est
792 2971 969 3032 retrorsum
983 2963 1152 3040 iudicium,
1170 2967 1200 3026 θῖ
1217 2961 1337 3026 ῖεεῖῖῖῖθ
1354 2961 1442 3044 longe

484 3071 586 3148 stetit,
612 3071 686 3154 quia
708 3069 828 3136 corruit
846 3069 876 3134 ῖε
893 3068 996 3152 platea
1021 3067 1154 3144 veritas,
1172 3072 1202 3132 et
1218 3065 1361 3150 aequitas
1379 3083 1440 3130 non

484 3175 586 3262 potuit
609 3173 739 3258 ingredi.
764 3175 801 3238 Et
822 3171 905 3238 faeta
928 3179 975 3238 θεῖ
991 3173 1109 3238 veritas
1131 3171 1165 3238 in
1187 3171 1395 3250 oblivionem,
1413 3177 1442 3238 et

485 3283 538 3366 qni
563 3279 691 3346 recessit
714 3299 733 3346 a
755 3279 837 3344 malo
869 3277 1003 3362 praedae
1035 3277 1159 3362 patuit;
1182 3285 1214 3344 et
1237 3277 1313 3342 vidit
1337 3277 1442 3344 Domi-

455 3417 456 3420 *
483 3401 561 3462 nne,
584 3389 617 3448 et
638 3383 755 3448 malurn
780 3381 928 3466 apparuit
950 3381 982 3448 in
1005 3382 1107 3448 oculis
1122 3383 1209 3460 eiua,
1226 3383 1378 3468 quianon
1396 3389 1443 3448 est

317 4039 350 4084 De
362 4039 424 4082 modo
434 4051 467 4084 re·

331 4093 405 4136 niendi
422 4093 459 4136 du·

327 4147 377 4202 ples
390 4147 467 4192 simile.

482 3487 633 3554 iudicium
650 3515 681 3552 ε,
704 3515 720 3546 «
734 3489 767 3554 Et
783 3487 914 3554 indutus
929 3495 977 3556 est
992 3487 1112 3554 iustitia
1127 3495 1165 3554 nt
1180 3487 1293 3568 lorica,
1309 3493 1341 3554 et
1357 3487 1443 3574 galea

484 3593 593 3660 salutis
617 3595 647 3658 in
671 3595 769 3678 capite
794 3595 879 3672 eius3
905 3599 936 3660 et
959 3593 1090 3660 indutus
1113 3601 1160 3660 est
1182 3593 1377 3660 vestimentis
1393 3595 1441 3658 ut-

482 3699 575 3766 tionis
599 3705 629 3766 et
651 3707 782 3784 opertus
805 3705 852 3766 θεῖ
875 3699 966 3784 quasi
990 3699 1084 3784 pallio
1109 3701 1184 3778 neti,
1208 3699 1291 3766 sicot
1312 3699 1353 3766 ad
1374 3697 1442 3766 rin-

482 3803 628 3870 dictam»
657 3811 715 3872 θῖε.

570 3909 853 3994 hemeraeo).
888 3913 917 3976 E
955 3913 1046 3980 εῖθεῖ
1073 3911 1203 4000 fuctum
1236 3919 1282 3980 θεῖ
1312 3913 1349 3980 ῖε
1375 3913 1442 3980 die-

484 4017 544 4084 bus
567 4025 626 4084 etc.
651 4019 819 4104 Postquam
840 4017 1007 4102 descripsit
1029 4019 1160 4086 modum
1183 4021 1373 4104 apparendi,
1389 4019 1441 4086 hic

484 4125 645 4192 secundo4
668 4123 816 4192 describit
840 4125 977 4214 medana
996 4127 1156 4192 veniendi.
1175 4125 1371 4194 Describitur
1385 4145 1441 4192 au-

483 4235 546 4298 tem
569 4233 753 4318 repentinus
776 4249 844 4298 θεεθ
868 4231 984 4299 Christi
1013 4233 1170 4300 adrentus
1199 4237 1347 4318 respectu
1370 4249 1440 4318 pec-

484 4325 624 4404 catorum
648 4357 705 4422 per
728 4339 847 4422 duplex
871 4337 971 4408 simile
987 4343 1017 4406 et
1034 4339 1227 4422 exemptum.
1251 4339 1356 4404 Primo
1371 4339 1440 4424 qui-

482 4445 554 4510 dem
574 4445 751 4512 ostenditur
773 4453 837 4530 per
856 4445 954 4512 simile
971 4465 1012 4512 er
1030 4451 1119 4528 parte
1134 4445 1257 4510 diluvii
1271 4443 1440 4510 inunden-

483 4545 544 4626 tis;
568 4549 703 4616 secundo
729 4567 818 4628 vero,
843 4567 884 4616 ex
917 4557 1006 4636 parte
1029 4549 1177 4618 incendii
1198 4549 1439 4628 consumentis,

482 4653 570 4720 ibi⁵z
596 4655 774 4736 Similiter,
798 4657 883 4724 siout
906 4655 1038 4744 luctante
1061 4663 1107 4722 est
1136 4657 1166 4722 'n
1181 4655 1297 4724 εῖῖθῖεε
1311 4657 1378 4724 Lot.
1397 4693 1439 4706 -

328 4785 365 4848 qe
383 4783 462 4828 aarum
477 4741 571 4826 'Circe
594 4759 829 4828 similitudinem
855 4761 977 4828 diluuii
998 4761 1197 4828 incredulatis
1222 4759 1283 4828 tria
1298 4759 1440 4828 introdu-

338 4839 456 4900 inundante

372 4897 422 4936 tna.

483 4871 619 4946 cuntur,
635 4867 753 4934 scilicet
767 4865 868 4952 ipsius
883 4867 993 4934 diluvii
1009 4867 1137 4954 pipare,
1155 4885 1261 4934 ceusu
1278 4873 1309 4934 et
1322 4885 1438 4952 poeno.

460 4987 462 4992 ’
574 4971 676 5040 Primo
698 4973 794 5056 igitur
814 4979 970 5058 quantum
986 4973 1024 5038 θεῖ
1041 4973 1139 5056 ipsius
1155 4971 1276 5038 diluvii
1290 4971 1438 5056 siparum

1063 567 1255 634 conicitur.
1282 567 1317 634 IN
1343 565 1721 634 avshocttttnttumu
1743 565 1777 630 C.
1800 563 1889 628 XVll.

1509 743 1585 830 quia
1607 743 1674 810 Noe
1697 745 1834 828 figuram
1861 739 1989 826 gerebat
2013 739 2147 820 Christi,
2164 733 2223 826 'qui
2249 757 2281 808 se
2305 747 2396 806 vocat
2416 739 2464 808 Fi-

1509 847 1587 914 linm
1610 849 1768 914 hominis:
1792 847 1859 912 Noe
1882 845 1965 912 enim
1979 847 2208 942 interpretatur
2223 843 2368 930 requies,
2386 853 2415 912 et
2432 845 2463 910 in

1508 1057 1689 1138 secuntur,
1719 1057 1816 1144 «ipse
1841 1063 1888 1126 est
1916 1077 1980 1144 pan
2004 1063 2130 1136 nostra,
2153 1057 2212 1142 qui¹
2230 1055 2303 1122 fecit
2328 1063 2463 1140 utraque

1509 1183 1608 1230 unum
1623 1173 1657 1242 »ς
1679 1169 1713 1230 θῖ
1734 1163 1857 1228 ῖοθεεῖε
1878 1165 1998 1230 decimo
2024 1167 2131 1228 sexto:
2153 1185 2166 1218 r
2186 1161 2218 1228 tn
2241 1159 2358 1226 mundo
2375 1179 2464 1246 pres-

1469 1283 1471 1288 ’
1509 1287 1615 1336 suram
1643 1267 1814 1346 habebitis,
1832 1267 1861 1334 in
1879 1275 2049 1336 meantem
2072 1283 2178 1354 pacem
2196 1293 2225 1330 s.
2251 1265 2337 1332 Unde
2359 1265 2465 1352 hugu—
2525 1255 2528 1262 ⁴

1509 1375 1657 1442 stinus':
1685 1399 1701 1432 e
1720 1373 1897 1458 lnquiemm
1919 1381 1968 1442 θεῖ
1989 1393 2044 1442 cor
2061 1393 2184 1452 meum,
2201 1371 2349 1450 Domine,
2365 1373 2481 1440 donec,

1509 1481 1650 1564 quiescat
1679 1479 1711 1546 in
1743 1483 1774 1544 te
1794 1505 1824 1542 a.
1855 1479 1925 1546 ideo
1958 1481 2024 1564 ipse
2055 1483 2151 1548 dicit:
2180 1477 2325 1546 «Tollite
2354 1477 2463 1564 iugum

1508 1603 1614 1654 meum
1639 1603 1734 1670 super
1767 1603 1841 1664 voe,
1871 1593 1903 1652 et
1931 1585 2097 1654 invenietis
2127 1587 2274 1674 requiem
2300 1585 2465 1652 animabus

1509 1693 1621 1760 restris
1640 1717 1668 1756 s.
2251 1703 2252 1706 ¹

1598 1799 1651 1864 ltss.
1675 1797 1740 1864 Non
1766 1803 1888 1864 tanturn
1906 1797 2037 1864 uorrrine
2051 1799 2212 1866 Christum
2228 1801 2400 1886 siguificat,
2415 1813 2538 1868 ve·1tam‚
2555 1811 2621 1854 facto·

1507 1921 1581 1970 rum
1604 1903 1696 1970 etiarn
1721 1899 1820 1990 (coto.
1846 1903 1919 1968 Nam
1945 1903 2027 1968 sicut
2048 1901 2111 1968 Noe
2136 1903 2267 1970 salvarit
2286 1921 2393 1970 semen
2408 1905 2466 1970 ho-

1507 2009 1626 2076 minum
1653 2027 1710 2096 per
1739 2009 1877 2096 liguum,
1904 2009 1947 2076 sio
1970 2007 2112 2074 Christus
2137 2017 2168 2076 et
2196 2029 2252 2094 per
2282 2007 2387 2074 crucis
2408 2027 2463 2094 pa·

1507 2119 1665 2200 tibulum3
1688 2115 1863 2202 Sapientiae
1895 2115 2016 2184 decimo
2045 2115 2206 2202 quartoss:
2238 2117 2347 2200 «Spes
2378 2113 2465 2182 orbis

1506 2231 1677 2304 terrarum,
1690 2225 1730 2292 ad
1745 2231 1845 2290 ratem
1864 2221 2063 2310 confugiam,
2083 2221 2202 2290 remisit
2218 2223 2342 2290 saeculo
2357 2237 2463 2288 semen

1506 2331 1695 2412 nativitatis,
1721 2351 1808 2418 quae
1832 2351 1926 2398 manu
1953 2339 2007 2398 tua
2031 2339 2098 2398 erat
2120 2329 2303 2416 gubernata.
2337 2317 2483 2396 Beneui-'

1505 2443 1592 2506 ctam
1607 2445 1656 2506 est
1670 2439 1751 2506 enim
1772 2437 1908 2524 lignum,
1924 2455 1981 2524 per
1997 2437 2131 2526 quod-lit
2148 2437 2265 2504 institia
2281 2463 2310 2502 a.
2330 2435 2415 2502 Unde
2431 2443 2464 2502 θῖ

1506 2545 1700 2632 praemittit:
1732 2545 1885 2630 «Exiguo
1909 2545 1991 2628 ligno
2016 2545 2382 2612 committunthomines
2398 2543 2464 2608 ani-

1505 2671 1573 2716 mas
1598 2671 1671 2718 suas
1686 2677 1703 2710 s
1732 2658 1790 2717 etc.
1818 2653 1855 2716 Et
1886 2651 1968 2716 sicut
1993 2651 2055 2716 Noe
2079 2649 2241 2716 fabricauit
2265 2667 2388 2726 arcam,
2418 2649 2464 2716 sic
2483 2659 2616 2706 Notandum·

1505 2763 1539 2822 et
1559 2755 1705 2822 Christus
1730 2755 1912 2832 Ecclesiam,
1935 2773 2018 2836 quae
2040 2755 2080 2818 ad
2102 2753 2229 2818 modum
2252 2773 2343 2822 arcae
2365 2755 2405 2822 de
2426 2755 2465 2824 li-

1505 2859 1575 2944 gnis
1592 2857 1733 2942 levigatis
1748 2857 1903 2924 bitumine
1918 2857 2056 2922 caritatis
2073 2863 2237 2924 contextae
2262 2857 2463 2940 aedificatur,

1505 2961 1624 3028 habens
1649 2963 1815 3028 coenacula
1841 2967 1870 3028 et
1896 2961 2024 3046 tristega
2045 2969 2174 3046 propter
2198 2963 2395 3030 diversitates
2417 2967 2463 3032 of-

1505 3067 1669 3148 ficiorum,
1691 3067 1849 3154 gradmrm
1871 3075 1905 3134 et
1925 3067 2131 3154 dignitatum;
2149 3067 2184 3134 ad
2204 3067 2352 3152 Ephesios
2366 3085 2464 3154 quar·

1508 3173 1586 3238 tot:
1616 3199 1631 3230 t<
1649 3175 1717 3258 lpse
1737 3173 1821 3240 dedit
1846 3173 1995 3260 quosdam
2015 3167 2199 3258 apostotos,
2223 3175 2373 3258 quosdam
2393 3177 2465 3258 qni-

1506 3277 1577 3342 dem
1598 3277 1784 3362 Prophetas,
1801 3277 1877 3344 alios
1894 3295 1970 3344 vero
1986 3277 2207 3364 EvangetistaS,
2223 3277 2299 3344 alios
2315 3297 2392 3346 uero
2408 3297 2462 3362 pa-

1505 3387 1608 3450 stores
1629 3389 1662 3448 et
1682 3381 1845 3460 doctores,
1868 3383 1908 3448 ad
1930 3385 2232 3450 consummationem
2256 3385 2464 3468 Sanctorum,

1505 3487 1544 3556 art
1559 3489 1804 3556 aedificationem
1830 3489 1971 3574 corporis
1994 3489 2127 3568 Christi,
2145 3489 2241 3556 donec
2258 3507 2466 3562 occurramus

1505 3613 1614 3664 omnes
1636 3595 1668 3662 in
1691 3597 1797 3662 virum
1817 3595 2010 3682 perfectum,
2027 3595 2056 3662 in
2078 3613 2256 3664 mensnram
2273 3597 2383 3664 aetatis
2399 3595 2464 3682 ple-

1505 3701 1658 3768 nitudinis
1679 3701 1794 3768 Christi
1811 3727 1843 3782 »3
1865 3703 1899 3766 in
1922 3719 1986 3786 qua
2009 3701 2125 3770 scilicet
2143 3701 2203 3768 erit
2223 3701 2403 3786 longitudo,
2419 3701 2465 3770 la-

1505 3807 1608 3874 titudo
1634 3813 1667 3874 et
1695 3807 1828 3875 altitudo
1859 3823 1950 3874 arcae
1979 3805 2168 3874 nobilissime
2199 3813 2413 3874 consummata
2424 3807 2464 3876 1⁰.

1505 3915 1593 3982 Sicut
1613 3913 1707 3982 etiam
1731 3915 1786 4000 qni
1808 3913 1893 3980 intra
1909 3931 2014 3980 arcarn
2030 3913 2161 3980 luerunt
2183 3913 2292 3980 salvati
2309 3921 2403 3992 sunt,
2419 3915 2465 3982 sic

1505 4019 1559 4106 qui
1583 4021 1668 4086 intra
1701 4021 1868 4086 Ecclesiam
1900 4025 1974 4086 sunl
2004 4019 2167 4084 salvantur
2198 4035 2254 4102 per
2286 4035 2401 4102 aquam
2432 4027 2467 4084 et

1503 4123 1717 4210 baptismnm3
1741 4125 1862 4210 primae
1878 4123 1960 4192 Petri
1977 4123 2130 4192 tertio11:
2161 4149 2175 4182 a
2192 4123 2226 4188 tn
2249 4123 2361 4190 diebus
2381 4123 2463 4204 Noe,

1502 4249 1576 4296 cum
1608 4229 1818 4296 fabricaretur
1850 4247 1940 4308 arca,
1973 4231 2004 4296 in
2038 4249 2102 4314 qua
2123 4229 2235 4312 pauci,
2260 4229 2292 4294 id
2313 4235 2361 4294 est
2392 4235 2466 4296 octo

1503 4335 1625 4402 animae
1649 4335 1752 4402 salvae
1775 4335 1873 4402 factae
1898 4343 1972 4402 sunt
1993 4355 2051 4422 per
2075 4353 2199 4420 aquam.
2225 4335 2313 4420 Quod
2345 4339 2375 4402 θῖ
2407 4349 2466 4404 ros

1503 4457 1589 4506 nnnc
1612 4439 1723 4508 similis
1744 4439 1864 4508 formae
1880 4441 1984 4508 salvos
1998 4440 2072 4508 facit
2090 4441 2259 4526 baptisma,
2278 4459 2340 4506 non
2356 4439 2462 4506 carnis

1503 4545 1656 4632 depositio
1679 4547 1837 4628 sordium,
1862 4549 1915 4614 sed
1939 4549 2147 4616 conscientiae
2167 4549 2268 4614 bonae
2290 4549 2466 4630 interroga-

1504 4655 1548 4720 tio
1569 4653 1603 4720 in
1625 4655 1744 4734 Deum,
1768 4673 1824 4740 per
1850 4657 2112 4722 resurrectionem
2137 4655 2260 4722 Domini
2279 4653 2375 4720 nostri
2394 4652 2463 4722 lesu

1503 4759 1619 4828 Christi
1634 4787 1667 4828 a.
1691 4761 1728 4827 Et
1750 4761 1833 4828 sicut
1864 4763 1918 4846 qui
1949 4771 2044 4828 extra
2073 4779 2178 4828 arcam
2207 4763 2339 4828 fuerunt
2368 4759 2462 4828 deleti

1504 4873 1597 4946 sunt,
1620 4867 1666 4934 sic
1682 4885 1806 4946 omnes,
1823 4867 1878 4952 qui
1897 4873 1989 4934 extra
2004 4867 2171 4934 Ecclesiam
2188 4873 2281 4946 sunt,
2297 4867 2465 4952 pertincte

1502 4971 1655 5038 iudicium
1665 4971 1900 5038 damnabuntur
1909 4973 1957 5052 ;in
1972 4973 2061 5038 cuius
2073 4973 2316 5058 designationem
2331 4973 2466 5038 hctuum

346 5105 465 5152 nissen
483 5075 576 5142 dicit:
602 5079 640 5142 Et
663 5077 751 5144 sicut
770 5075 902 5162 furtum
926 5087 972 5144 θεῖ
995 5077 1030 5142 in
1054 5077 1169 5142 diebus
1192 5075 1277 5154 Noe,
1304 5077 1353 5142 itu
1376 5075 1440 5142 erit
1483 5077 1653 5164 ‘vigesimo
1677 5077 1850 5162 εθεῖῖεεθ12
1882 5103 1899 5136 «
1915 5077 1995 5144 dixit
2027 5079 2161 5146 Paulus:
2184 5077 2248 5146 Nisi
2273 5077 2304 5146 hi
2329 5077 2360 5144 in
2376 5077 2464 5166 ¹naui

483 5189 512 5248 θῖ
534 5183 570 5248 in
584 5183 699 5250 diebus
714 5185 797 5250 Filii
810 5181 961 5252 hominis.
981 5185 1042 5250 Hoc
1058 5183 1141 5250 enim
1158 5199 1335 5266 congruum
1352 5187 1437 5260 erat,
1470 5181 1474 5262 Ι
1502 5179 1691 5260 manserint,
1718 5197 1773 5248 ros
1796 5181 1872 5250 satu
1897 5183 1967 5250 lieri
1989 5203 2051 5248 non
2073 5183 2247 5268 potestis».

372 5173 433 5214 gara.

554 5539 564 5572 ²
583 5543 659 5594 vers.
679 5541 720 5602 tt,
740 5523 931 5608 qni'altegatur
950 5539 1020 5592 iuxta
1039 5539 1155 5592 Breviar.
1181 5541 1291 5592 Ronlan.
1310 5553 1359 5604 pro
1377 5543 1441 5592 festo

484 5633 522 5684 Ss.
540 5633 672 5682 innocent.
689 5631 766 5694 Resp.
787 5631 805 5682 l.
822 5631 895 5682 Noct.
915 5629 972 5680 lect.
994 5631 1023 5690 ῖς
1043 5629 1102 5680 Vat.
1121 5629 1194 5680 affert
1205 5629 1288 5682 verba
1306 5629 1440 5694 Vulgatae.

483 5749 516 5758 -
536 5719 659 5786 Sequitur
679 5719 759 5782 hpoc.
778 5717 804 5782 7,
824 5719 855 5782 3,
875 5719 899 5772 in
920 5719 996 5770 cuius
1013 5717 1066 5770 line
1079 5731 1128 5782 pro
1140 5717 1197 5772 θεῖε
1213 5719 1324 5782 Vulgata
1337 5731 1442 5772 rorum.

406 5865 408 5872 ,
469 5801 470 5804 ’
554 5805 564 5838 ²
584 5809 657 5860 Vens,
680 5809 702 5860 t.
723 5809 748 5860 5.
767 5815 793 5860 et
812 5809 835 5860 6.

488 5893 490 5902 ‘
554 5891 658 5950 3ῖῖθῖε.
680 5895 720 5948 lt.
741 5911 798 5962 seq.
815 5901 840 5948 et
860 5897 920 5950 dein
938 5911 965 5948 v.
986 5895 1026 5950 tt.
1046 5911 1103 5964 seq.

554 5983 565 6014 ⁴
584 5983 635 6038 Cir.
653 6001 735 6050 supra
754 6001 777 6038 n.
800 5985 842 6038 tl.

554 6071 564 6102 ⁵
584 6075 658 6126 Vers.
679 6075 719 6126 28.
740 6103 774 6114 -
793 6075 882 6126 Glosso
901 6073 1046 6128 ordinarie
1070 6073 1113 6142 (ex
1130 6073 1231 6140 Bedelz
1251 6073 1373 6126 subitum
1398 6075 1443 6128 ad·

481 6169 577 6216 uentus
594 6163 636 6216 sui
653 6163 723 6216 diem
744 6163 864 6230 pluribus
882 6163 974 6216 astruit
993 6163 1133 6230 exemplis,
1150 6169 1177 6216 et
1189 6179 1268 6230 quern
1283 6163 1377 6226 fulguri
1391 6163 1442 6216 cito

483 6253 571 6306 onrnia
589 6253 756 6304 transvolanti
775 6257 992 6316 comparaverat,
1005 6253 1100 6306 diebus
1118 6253 1173 6304 Noe
1191 6253 1234 6304 rel
1252 6253 1300 6304 Lot
1318 6253 1443 6320 aequipa-

483 6347 536 6404 rat,
556 6343 662 6408 quando
681 6343 830 6406 repentinus
851 6339 1005 6394 mortalibus
1022 6343 1179 6406 supervenit
1197 6341 1323 6394 interitus.

555 6427 658 6482 treis.
680 6429 720 6482 tt.
740 6435 765 6482 et
782 6429 879 6482 deinde
899 6431 966 6482 toan.
989 6431 1036 6492 tii,
1057 6431 1098 6480 33.
1119 6459 1152 6468 -
1172 6429 1290 6492 Hieron,
1308 6429 1341 6482 de
1355 6427 1443 6482 Nomi-

484 6517 538 6568 nib.
557 6517 676 6570 Hebraic.
695 6523 748 6568 vet.
767 6523 870 6568 lesum.
887 6517 922 6568 de
941 6517 1022 6568 Gen:
1043 6517 1114 6582 Noe,
1132 6517 1246 6584 requies.

558 6601 655 6658 'Libe
675 6607 692 6658 t.
710 6603 828 6658 Confess.
857 6619 878 6658 c.
899 6605 967 6658 l.1r.
989 6607 1011 6670 t,
1031 6605 1077 6658 ubi
1096 6619 1144 6670 pro
1165 6619 1211 6658 cor·
1232 6619 1322 6658 rreum
1340 6607 1363 6658 H
1381 6619 1442 6658 curn

484 6697 553 6746 textu
572 6693 691 6758 originali
710 6705 757 6746 cor
774 6695 909 6748 ttostrum.
929 6721 963 6732 —-
983 6695 1107 6760 Sequitur
1125 6695 1210 6746 ttetth.
1233 6695 1274 6756 ll,
1295 6693 1336 6746 29.

556 6777 567 6808 ⁸
584 6781 657 6832 Vers.
678 6773 776 6848 ti.‘seq.
797 6781 855 6848 (pro
875 6795 943 6850 quoe
961 6781 1013 6834 CD
1031 6785 1058 6836 et
1073 6783 1154 6850 quoe)
1176 6787 1201 6832 et
1219 6781 1281 6834 dein
1301 6799 1326 6834 v.
1347 6785 1372 6836 5.

555 6863 567 6892 ⁰
584 6867 658 6918 vers.
680 6869 689 6918 t
700 6868 768 6920 l·t3.
787 6895 822 6908 -
842 6871 968 6934 Superius
986 6869 1125 6934 respicitur
1142 6871 1206 6922 Gen.
1227 6871 1257 6936 6,
1272 6871 1320 6922 lt:
1333 6871 1383 6924 Fae
1396 6871 1444 6924 tibi

1505 5555 1593 5594 arcam
1622 5544 1656 5595 de
1682 5543 1759 5608 lignis
1789 5541 1932 5606 levigatis..
1959 5547 1985 5594 et
2011 5539 2139 5594 bitumine
2163 5545 2236 5596 linies
2261 5543 2415 5598 intrinsecus
2438 5553 2467 5600 et

1505 5631 1665 5686 extrinsecus
1675 5653 1682 5698 ε
1700 5647 1729 5686 v.
1748 5633 1799 5686 lli:
1817 5633 1951 5698 Deursum
1967 5633 2108 5686 coenacula
2126 5641 2152 5686 et
2170 5635 2274 5698 tristega
2294 5635 2371 5686 facies
2385 5635 2409 5686 in
2423 5647 2465 5686 ea.

1505 5747 1541 5758 -
1560 5721 1608 5774 Pro
1626 5719 1753 5776 bitumine
1772 5719 1893 5776 caritatis
1915 5723 2053 5776 contectae
2066 5719 2111 5788 (ila
2129 5719 2191 5788 CD)
2215 5723 2271 5774 Vat.
2282 5737 2331 5790 per
2346 5719 2465 5776 bitumen

1505 5805 1626 5862 claritatis
1645 5805 1782 5862 connexis.
1810 5807 1863 5860 Cir.
1889 5809 2015 5872 August,
2044 5809 2123 5872 Epist.
2142 5815 2233 5866 eontra
2250 5809 2399 5864 Donatistae
2418 5807 2466 5876 (de

1506 5895 1605 5948 εεῖῖεῖθ
1622 5895 1776 5962 Ecclesiae),
1797 5907 1819 5948 e.
1840 5897 1864 5948 6.
1883 5911 1909 5948 n.
1930 5897 1955 5946 a.

1575 5983 1600 6014 ¹⁰
1619 5983 1671 6038 Cfr.
1688 5985 1752 6036 Gen.
1771 5985 1803 6046 6,
1823 5983 1865 6036 lb.
1883 5999 1958 6052 seq.;
1978 5985 2102 6050 August,
2120 5985 2178 6036 XV.
2191 5987 2226 6038 de
2238 5983 2293 6038 Ciu.
2306 5987 2366 6048 Dei,
2379 6001 2403 6038 c.
2417 5985 2462 6036 ae.

1505 6087 1532 6124 n.
1553 6073 1574 6124 l.
1595 6079 1620 6124 et
1638 6073 1690 6126 Xll.
1711 6079 1800 6124 eontra
1818 6073 1958 6136 Faustum,
1983 6087 2005 6124 c.
2033 6073 2073 6124 tt.
2094 6073 2161 6126 Vide
2179 6079 2241 6126 tom.
2262 6077 2295 6126 V.
2313 6089 2373 6138 pag.
2396 6073 2466 6136 258,

1505 6169 1594 6214 uotam
1615 6163 1638 6214 ῖ.
1725 6169 1726 6172 ’

1576 6247 1599 6280 ¹¹
1619 6251 1693 6304 Vens.
1713 6253 1755 6304 20.
1773 6257 1800 6304 et
1817 6253 1862 6304 m.
1879 6249 1931 6304 Cfr.
1949 6251 2067 6314 Hieron,
2089 6251 2187 6316 Diatog.
2207 6257 2297 6304 eontra
2323 6249 2465 6304 Luciferis-

1505 6351 1568 6400 εοε,
1586 6353 1614 6392 n.
1631 6341 1680 6404 223
1698 6337 1823 6404 dragust„
1851 6339 1877 6388 in
1902 6341 1972 6392 toan.
1996 6341 2097 6404 Evang.
2121 6345 2152 6392 tr.
2178 6341 2202 6390 6.
2229 6355 2253 6390 n.
2276 6341 2316 6392 tt.
2333 6345 2361 6392 et
2379 6341 2411 6392 V.
2429 6339 2466 6392 de

1505 6425 1639 6492 Baptismo
1660 6433 1749 6478 eontra
1767 6425 1929 6492 Donatistae,
1947 6439 1972 6478 c.
1991 6427 2035 6478 28.
2054 6441 2079 6478 ε.
2099 6427 2141 6478 39.

1577 6511 1601 6544 ¹2
1619 6515 1693 6568 Vera.
1714 6517 1756 6580 3t,
1776 6515 1822 6568 ubi
1841 6529 1890 6580 pro
1904 6515 2055 6568 manserint
2070 6515 2152 6568 ACD
2171 6513 2334 6568 monueritis.
2354 6545 2389 6556 --
2408 6517 2467 6568 ilie·

1506 6617 1577 6666 ron,
1598 6603 1678 6670 Epist.
1698 6605 1740 6656 tii.
1763 6603 1839 6670 (alias
1859 6601 1911 6670 67.)
1931 6617 1956 6656 n.
1979 6605 2011 6654 ῖς
2032 6607 2116 6668 Super
2134 6603 2202 6656 illam
2225 6609 2325 6668 petram
2345 6605 2466 6658 aedifica·

1507 6697 1561 6744 tarn
1589 6693 1732 6746 Ecclesiam
1759 6693 1821 6744 scio.
1853 6691 2018 6760 Quicumque
2046 6699 2116 6746 entra
2144 6695 2212 6744 hunc
2237 6691 2346 6746 domurn
2363 6707 2463 6758 agnum

1506 6781 1666 6846 comederit,
1685 6785 1809 6846 profanus
1827 6789 1875 6836 θεῖ.
1893 6783 1921 6836 Si
1939 6783 1998 6850 quis
2018 6783 2045 6834 in
2062 6783 2116 6836 Noe
2128 6795 2187 6836 arca
2201 6797 2252 6834 non
2266 6781 2355 6848 fuerit,
2369 6779 2468 6844 peribit

1505 6877 1634 6936 regnante
1652 6871 1759 6924 diluvio.

2477 863 2523 906 Νοθ
2537 859 2619 914 signill-

2474 913 2631 958 catChristum

1508 955 1575 1020 solo
1598 953 1722 1018 Christo
1744 959 1791 1018 θεῖ
1814 953 1941 1036 requies
1964 957 1995 1018 et
2012 967 2091 1036 pax.
2119 951 2214 1028 Nam,
2244 949 2283 1014 ad
2316 949 2464 1034 Ephesios
2506 967 2599 1010 nomine.
