5900 8266
1071 603 1263 670 COllllENT.
1287 601 1326 668 ΙΝ
1348 599 1586 670 standalmut
1609 599 1725 668 tecle
1751 597 1782 664 C.
1808 595 1880 664 t'ltt.

495 783 738 862 lamentatrices
772 789 801 848 et
833 787 993 848 assumant
1023 797 1119 864 super
1149 779 1402 846 vestamentum
1418 803 1450 844 a.

496 883 549 948 Vel
576 883 696 964 flebam
721 889 850 966 propter
872 883 955 950 tritae
977 883 1175 948 amissionem
1200 889 1230 948 et
1253 881 1452 966 plangebant

494 993 622 1068 propter
639 985 898 1070 desperationem.
914 987 1012 1052 -St
1031 985 1118 1066 ideo,
1143 985 1216 1072 quia
1238 985 1450 1066 excedebant,

494 1093 711 1156 confortantur
736 1109 756 1156 a
782 1093 960 1172 Salvatore,
986 1111 1060 1158 cum
1088 1093 1218 1159 dicitur:
1248 1093 1290 1156 At
1319 1091 1370 1158 ille
1400 1093 1451 1158 di-

493 1197 561 1262 ait:
588 1195 691 1262 Nolite
713 1195 807 1280 flere,
834 1199 1007 1264 secundum
1029 1197 1106 1264 illud
1138 1197 1257 1282 primae
1286 1195 1327 1260 ad
1355 1197 1451 1264 Thes

493 1297 702 1366 salonicenses
724 1307 838 1382 quarto
850 1301 880 1362 ¹:
902 1323 917 1354 α
933 1299 999 1366 Non
1016 1297 1239 1366 contristemini
1257 1299 1337 1366 sicut
1352 1305 1385 1366 et
1399 1315 1450 1366 ce·

494 1405 568 1482 teri,
587 1405 639 1490 qui
657 1420 742 1488 spem
760 1423 822 1468 nou
838 1403 955 1470 babent
968 1429 999 1468 n.
1019 1441 1062 1452 -·
1079 1405 1113 1470 Et
1130 1405 1199 1472 ideo
1213 1405 1356 1470 additur:
1374 1403 1449 1470 Nora

493 1517 539 1576 est
553 1517 687 1574 rnertaa
703 1509 831 1594 puella,
849 1511 907 1576 sed
927 1511 1071 1586 dor·rnit,·
1092 1511 1125 1576 in
1142 1509 1283 1594 quo'non
1307 1515 1450 1576 removet

493 1611 603 1676 mortis
630 1611 810 1690 veritatem,
842 1613 898 1678 sed
926 1613 978 1678 dat
1015 1613 1198 1696 resurgendi
1227 1613 1449 1690 securitatem,

492 1721 567 1806 quia
591 1719 713 1804 poterat
735 1735 804 1784 earn
830 1719 871 1784 ita
895 1719 1026 1786 faciliter
1060 1737 1079 1786 a
1111 1719 1246 1786 mortuis
1277 1717 1450 1792 suscitare,

492 1825 574 1892 sicut
597 1825 768 1892 suscitatur
790 1825 830 1892 de
851 1825 969 1892 somnis
991 1825 1149 1890 dormiens
1171 1843 1191 1888 a
1213 1823 1358 1908 vigilante
1373 1821 1395 1884 ².
1412 1819 1450 1884 Et

493 1939 660 2018 propterea
689 1933 732 1998 sic
765 1931 887 1998 dicebat
916 1933 1036 1998 loannis
1061 1931 1242 1998 undecimo:
1266 1933 1449 2008 «Lazarus,

482 2037 611 2108 ¹anricnrs
627 2043 748 2114 noster,
766 2037 881 2104 dormit
894 2063 937 2116 »ς’
950 2043 979 2104 et
1005 2045 1090 2122 post:
1112 2037 1279 2104 «Lazarus
1301 2047 1451 2104 martarus
1481 2119 1482 2122 Ἴ

492 2151 540 2210 θει
555 2169 587 2206 a.
611 2143 697 2208 Unde
720 2143 800 2208 Beda
812 2143 840 2208 3:
869 2169 886 2200 e
902 2145 1024 2208 llortua
1045 2151 1093 2210 est
1108 2141 1306 2222 hominibus,
1325 2143 1378 2228 qrri
1395 2161 1449 2210 su·

493 2249 605 2314 scitare
629 2267 690 2314 non
715 2255 860 2332 pessunt,
889 2267 952 2314 non
977 2249 1058 2326 Deo,
1088 2247 1138 2314 cui
1165 2247 1389 2326 ammonivit,
1416 2255 1449 2314 et

492 2369 565 2418 caro
590 2351 767 2420 sciscitanda
782 2353 959 2436 quiescit».
975 2353 1104 2436 Propter
1129 2353 1212 2438 quod
1234 2351 1347 2418 merito
1375 2369 1449 2418 can-

494 2463 537 2524 tat
559 2457 708 2524 Ecclesia:
735 2483 751 2516 α
767 2461 897 2542 Regem,
920 2459 971 2524 cui
995 2457 1098 2524 omnia
1114 2459 1242 2536 uiuunt,
1260 2457 1377 2536 uenite,
1394 2455 1449 2520 ad-

491 2581 669 2644 oremus»,
692 2563 724 2628 in
753 2561 861 2628 Ollicio
893 2563 1129 2640 defunctorum
1163 2561 1245 2626 inira
1280 2559 1449 2646 vigesimo:

497 2695 515 2728 «
530 2669 595 2734 Non
617 2677 665 2736 est
697 2671 781 2734 Deus
812 2675 1027 2742 mortuorum,
1058 2665 1112 2734 sed
1145 2665 1307 2744 virorum3
1339 2683 1448 2732 ornnes

492 2775 574 2842 enim
600 2775 712 2842 vivunt
733 2775 762 2842 ei
780 2801 809 2840 ».
836 2773 986 2858 Quoniam
1011 2791 1086 2858 ergo
1100 2773 1179 2838 nibil
1196 2771 1329 2838 Domino
1351 2771 1448 2836 mori-

492 2885 559 2956 tur,
578 2885 606 2946 et
631 2897 780 2964 praesens
809 2881 917 2946 aderat
949 2879 1044 2956 Deus;
1074 2875 1143 2944 ideo
1170 2875 1282 2944 merito
1306 2875 1447 2942 dicebat:

492 2983 565 3052 :Van
590 2993 635 3050 est
657 2991 792 3052 mortae
812 2983 933 3070 puella.
1291 3049 1292 3052 ,

582 3089 632 3154 93.
659 3091 760 3176 (Vers.
785 3091 860 3172 bb).
888 3089 945 3156 Sed
971 3091 1045 3174 quia
1076 3091 1201 3156 «bomo
1215 3087 1356 3154 animalis
1385 3105 1447 3154 non

491 3193 621 3282 percipit
647 3213 681 3262 ea
705 3213 785 3282 quae
816 3195 868 3262 liei
902 3201 974 3262 sunt
990 3223 1023 3274 »,
1052 3195 1170 3280 primae
1202 3195 1239 3262 ad
1271 3193 1449 3260 Corinthios

492 3301 628 3368 sectando
643 3305 672 3380 4;
689 3303 759 3368 ideo
775 3301 917 3368 additur:
932 3303 973 3364 Et
983 3301 1174 3366 deridebant
1190 3321 1276 3380 eane,
1291 3301 1446 3378 scientes,

491 3407 580 3488 pared
607 3413 743 3472 retortae
776 3413 862 3472 esset.
893 3407 952 3490 Qui
974 3407 1056 3472 enim
1082 3411 1188 3472 certus
1211 3411 1258 3472 est
1280 3405 1319 3472 de
1342 3407 1448 3490 aliquo

491 3529 552 3574 non
570 3511 671 3576 solum
693 3529 755 3576 non
783 3511 899 3590 credit,
915 3511 969 3578 sed
992 3511 1086 3578 etiarn
1108 3511 1228 3576 deridet
1257 3511 1449 3594 persuaden-

492 3621 552 3682 tem
578 3615 781 3680 contrarium.
804 3615 841 3680 Et
855 3615 1004 3698 quoniam
1020 3613 1123 3680 diuina
1136 3615 1285 3698 sapientia
1300 3617 1449 3700 frequen-

491 3723 540 3784 ter
555 3719 723 3802 persuadet
737 3721 931 3784 contrarium
949 3721 1102 3784 humanae
1118 3719 1279 3798 scientiae,
1297 3721 1370 3785 binc
1386 3727 1447 3798 est,

438 3883 440 3886 .
491 3823 576 3908 quod
599 3823 693 3888 horno
716 3841 774 3908 per
795 3823 966 3890 burianam
982 3823 1144 3890 scientiam
1160 3823 1270 3888 irridet
1285 3823 1400 3902 Deum,
1417 3831 1449 3890 et

344 4885 474 4928 Notandum.

492 3931 537 3996 sic
551 3927 687 3994 allicitur
710 3930 842 4006 stultus;
869 3927 1021 4000 Ieremias,
1038 3925 1202 3994 decimoiz
1230 3929 1381 3994 «Stultus
1403 3927 1417 3994 f
1435 3967 1449 3976 -

491 4043 561 4100 ctus
586 4039 632 4100 est
648 4033 747 4098 omnis
773 4033 864 4098 borno
882 4051 900 4098 a
914 4033 1043 4098 seientia
1059 4049 1116 4096 sua
1130 4057 1159 4096 ».
1177 4033 1278 4098 Stulta
1301 4039 1348 4098 est
1364 4033 1448 4098 enim

491 4137 637 4216 scientia,
662 4153 741 4220 quae
766 4137 885 4202 deridet
908 4135 1106 4220 sapientiam;
1136 4137 1254 4220 primae
1277 4135 1316 4200 ad
1340 4135 1449 4202 Corin-

491 4243 574 4308 thios
597 4241 714 4324 primo:
742 4267 759 4300 a
776 4241 915 4306 Stultam
939 4237 1013 4306 lecit
1031 4239 1115 4306 Deus
1146 4239 1328 4324 sapientiam
1351 4243 1449 4308 lrnins

491 4347 600 4412 mundi
616 4371 648 4410 ».
666 4345 702 4410 lit
717 4345 804 4430 quia,
832 4345 1003 4412 secundum
1022 4345 1105 4426 quod
1129 4345 1244 4410 dicitur
1266 4345 1450 4410 proverbio

491 4467 564 4516 rum
581 4451 701 4516 decimo
723 4457 833 4516 octavo
845 4451 867 4528 l,
890 4475 905 4506 a
917 4467 979 4514 non
996 4447 1106 4532 recipit
1132 4449 1247 4516 stultus
1264 4451 1359 4516 verba
1376 4469 1450 4534 pru·

491 4555 632 4630 dentiae,
663 4553 721 4620 nisi
754 4573 790 4620 ea
820 4553 957 4630 dixeris
980 4571 1062 4636 quae
1092 4561 1262 4620 versantur
1290 4553 1323 4618 in
1353 4553 1449 4622 corde

492 4659 560 4724 eius
577 4681 606 4738 »3
632 4657 702 4724 ideo
734 4657 785 4726 isti
821 4675 883 4722 nnn
914 4655 1127 4740 recipiebant,
1159 4657 1214 4722 sed
1247 4657 1447 4738 deridebant;

491 4763 734 4830 Prororbtorun
758 4765 879 4830 aeetno
902 4765 1030 4848 quinto:
1059 4765 1209 4830 «Stultus
1223 4762 1335 4830 irridet
1355 4763 1449 4830 disci-

491 4870 608 4954 plinam
632 4869 730 4954 patris
754 4869 800 4936 sui
819 4893 849 4948 »3
872 4877 904 4936 et
925 4869 994 4936 ideo
1019 4887 1080 4934 non
1103 4875 1194 4934 erant
1220 4867 1323 4934 idonei
1353 4873 1449 4936 testes

415 5029 416 5032 ,
491 4975 531 5040 ad
554 4975 642 5038 oilae
665 4975 922 5054 restitutionem,
948 4973 1002 5040 sed
1034 4975 1137 5040 solum
1167 4973 1206 5038 ad
1229 4975 1317 5038 uitae
1335 4971 1449 5058 perdi·

492 5081 619 5146 tionem.
647 5079 717 5146 ldeo
736 5079 867 5146 fuerunt
890 5079 996 5158 eiecti,
1022 5079 1194 5146 secundum
1225 5077 1308 5164 quod
1332 5077 1449 5144 dicitur

491 5185 637 5250 ltlattbaei
662 5185 787 5250 nonol:
817 5211 833 5242 <c
848 5185 925 5250 Cum
950 5185 1047 5252 eiecta
1065 5191 1158 5266 esset
1182 5185 1290 5262 turba,
1319 5181 1449 5248 intravit

491 5293 524 5352 et
546 5287 648 5354 tenuit
669 5305 798 5354 manum
822 5289 945 5374 puellae
960 5315 975 5348 »
1004 5295 1062 5356 etc.

563 5623 572 5654 ²
596 5629 669 5680 t'ers.
689 5629 732 5680 13.
746 5657 783 5668 -
801 5629 927 5692 Superius
948 5629 999 5682 AD
1019 5631 1142 5682 omittrmt
1158 5631 1222 5698 qaia
1235 5613 1409 5694 excedebant,
1427 5629 1450 5680 lt

491 5729 555 5766 roro
575 5711 693 5764 stulttia
713 5713 777 5780 laec,
795 5713 867 5782 pand
885 5729 939 5768 nan
968 5713 1107 5770 credebant
1136 5717 1177 5770 cel
1196 5715 1341 5786 spactant
1359 5717 1449 5784 apsaro

491 5803 720 5854 resurrecturam.
781 5839 788 5852 .

562 5885 744 5938 ²Secundom
771 5887 895 5954 logiam
921 5891 969 5940 clr.
996 5905 1076 5954 supra
1101 5905 1163 5954 pag.
1191 5891 1257 5952 nrt,
1281 5897 1342 5940 nota
1362 5891 1389 5940 8.
1411 5917 1449 5964 '.

494 5975 611 6028 Subinde
630 5977 774 6038 allegantur
801 5977 871 6028 ioan.
903 5975 949 6038 tt,
970 5977 1012 6028 ll.
1031 5983 1055 6028 et
1076 5977 1116 6028 ll.
1136 6005 1170 6018 -
1190 5977 1317 6040 Superius
1335 5989 1387 6040 pro
1402 5975 1451 6028 sed

491 6061 540 6118 dot
555 6061 719 6130 reserpendi
734 6061 906 6116 secretariam
925 6061 971 6128 (itu
988 6063 1051 6130 AD)
1067 6063 1145 6118 Esed
1161 6077 1257 6118 eoram
1277 6061 1449 6118 inmortalia

491 6153 557 6212 tene,
578 6151 600 6202 Β
624 6149 672 6204 sed
698 6149 962 6214 irrevocabilitetern,
981 6151 1038 6202 liat.
1065 6165 1125 6202 cnm
1154 6153 1174 6202 ll
1204 6151 1251 6206 sed
1269 6147 1449 6208 irremediabi-

493 6237 607 6292 lincunt..

563 6321 574 6352 ³
595 6325 667 6378 libr,
682 6327 725 6378 ΙΙΙ.
740 6325 768 6376 in
785 6327 845 6376 Luc.
865 6327 897 6390 8,
915 6325 963 6376 52.
979 6325 1107 6376 Sententia
1126 6327 1254 6388 allegatur
1271 6327 1361 6378 serbis
1379 6329 1454 6378 Glos-

492 6425 538 6464 sae
556 6411 776 6466 enarranda-
794 6413 946 6478 &guantur
965 6413 1144 6464 invitatorium
1162 6413 1242 6462 oflicii
1266 6413 1449 6464 detunctorum

493 6499 535 6564 (ex
555 6499 685 6552 lirei'iario
706 6499 834 6564 Romano)
852 6505 877 6550 et
896 6501 960 6550 Luc.
977 6499 1024 6560 aa,
1042 6499 1086 6550 38.

562 6583 580 6614 *’
596 6587 672 6638 t'ers..
692 6589 735 6640 tl.
748 6613 785 6626 -·
806 6587 897 6638 Glossa
920 6583 1105 6640 interlinearis
1130 6585 1170 6652 (ex
1198 6583 1329 6646 Anrbros,
1356 6587 1397 6638 tu.
1422 6587 1449 6638 io

492 6673 556 6724 Luc.
575 6685 603 6722 n.
621 6673 689 6740 dal:
708 6673 742 6726 -Et
761 6671 919 6726 deridebant
935 6685 1015 6736 earn,
1031 6673 1077 6738 qni
1096 6685 1149 6724 non
1166 6673 1248 6724 eredit
1268 6673 1377 6724 deridet.

563 6755 576 6784 ⁵
596 6759 669 6812 tiens.
692 6761 739 6824 tt„
756 6765 815 6826 past
834 6775 916 6826 quern
933 6761 951 6810 l.
970 6759 1031 6812 lior.
1052 6761 1077 6822 Ι,
1096 6761 1145 6812 20„

562 6839 575 6870 ⁶
597 6845 669 6900 vers.
688 6847 723 6910 2,
738 6847 762 6898 in
782 6847 857 6900 onius
875 6847 925 6899 line
945 6861 992 6914 pro
1018 6847 1076 6900 eius
1093 6847 1113 6898 :l
1125 6847 1179 6898 ult
1196 6859 1259 6902 raro.
1274 6875 1312 6886 -
1327 6847 1451 6914 Sequitur

2404 607 2468 672 ala

1603 779 1655 844 et.
1681 779 1780 866 (l'ers.
1808 775 1884 860 aa).
1908 777 1981 864 lpse
2005 787 2115 844 autern
2132 789 2240 844 lenam
2255 797 2392 846 manant
2409 787 2468 846 etc.
2489 799 2582 864 renarra
2597 803 2634 846 ‹n-

1514 883 1568 952 Hic
1589 883 1650 952 iam
1684 885 1776 952 tertio
1811 889 1882 968 post
1910 883 2096 952 soliditatem
2121 883 2193 950 fidei
2215 891 2248 950 et
2269 883 2468 950 idoneitatem
2502 855 2625 960 ltlildtl.

1515 991 1683 1058 testimonii
1705 989 1907 1074 subiungitur
1938 989 2127 1056 sablimitas
2150 989 2285 1076 imperii
2306 987 2469 1054 suseitan-

1514 1095 1731 1182 tisquantum
1756 1097 1996 1180 adpetentiam
2021 1095 2276 1180 praecipientem
2309 1099 2338 1162 et
2371 1111 2469 1180 quau-

1514 1207 1580 1266 tum
1604 1201 1644 1268 ad
1666 1201 1848 1290 efficaciam
1874 1201 2127 1288 subsequentem.

1601 1305 1707 1372 Primo
1728 1307 1826 1392 igitur
1840 1313 1996 1390 quantum
2011 1307 2050 1372 ad
2063 1305 2244 1392 potentiana
2260 1301 2467 1392 praeeipiea-
2488 1321 2517 1366 m
2532 1323 2611 1380 prame.

1514 1415 1575 1474 tem
1595 1411 1731 1478 dicitur:
1757 1413 1829 1498 lpse
1850 1421 1959 1478 terrem
1982 1429 2122 1478 ntupum
2151 1411 2241 1490 eins,
2268 1429 2311 1476 ex
2333 1407 2469 1476 uirtutis

1513 1513 1702 1594 adiutorio,
1726 1515 1898 1582 secundum
1931 1515 2010 1582 illud
2031 1515 2188 1582 Psalmi⁸:
2215 1517 2386 1582 «Dextera
2408 1513 2468 1576 Do-

1512 1615 1587 1680 mini
1611 1617 1685 1684 lecit
1707 1619 1856 1684 virtutem
1874 1647 1889 1678 ε
1910 1629 1966 1686 etc.
1986 1621 2021 1684 Et
2036 1639 2150 1686 rursus
2167 1627 2289 1702 poterat
2305 1619 2407 1702 puella
2424 1616 2468 1683 di-

1514 1737 1600 1786 cere:
1622 1747 1638 1780 a
1649 1723 1786 1788 Tenuisti
1805 1741 1934 1790 manum
1949 1723 2113 1790 dexteram
2129 1741 2228 1792 meam
2244 1751 2272 1788 ».
2286 1763 2330 1772 -
2342 1725 2379 1790 Et
2389 1741 2467 1808 qno-

1512 1825 1595 1890 niam
1626 1845 1714 1892 ‹tnon
1739 1833 1785 1894 est
1810 1827 1991 1894 abbreviata
2013 1847 2127 1894 manus
2141 1829 2277 1908 Domini,
2296 1835 2331 1894 ut
2346 1829 2468 1894 salvare

1513 1947 1575 1996 nou
1591 1929 1689 2014 possit
1705 1955 1734 2008 n,
1754 1931 1833 1996 sicut
1848 1931 1964 1996 dicitur
1980 1931 2075 1998 Isaiae
2090 1933 2350 2018 quinquagesimo
2369 1951 2466 2010 nono;

1512 2035 1581 2100 ideo
1603 2033 1748 2098 additur:
1774 2035 1941 2100 Clamavit
1968 2035 2097 2102 dicens:
2124 2035 2259 2116 Puella,
2282 2057 2401 2122 sarpa,
2428 2055 2468 2102 err

1513 2137 1652 2224 imperio
1676 2139 1881 2218 rnaiestatts,
1897 2137 1978 2206 sicut
1994 2139 2109 2206 dicitur
2126 2141 2247 2206 loannis
2261 2141 2466 2208 undecimol:

1518 2271 1533 2302 e
1549 2245 1632 2310 Voce
1654 2263 1767 2328 magna
1781 2245 1945 2310 clamarit:
1961 2245 2092 2322 Lazare,
2110 2245 2181 2310 ueni
2197 2245 2280 2312 foras
2297 2273 2327 2310 ».
2343 2245 2467 2312 Clamor

1511 2357 1617 2416 autern
1641 2349 1701 2416 iste
1721 2347 1755 2414 in
1779 2365 1854 2416 voce
1878 2349 2028 2416 exteriori
2064 2349 2204 2434 designat
2227 2349 2467 2416 immensitatem

1511 2453 1542 2518 iu
1567 2453 1868 2532 uirtuteinteriori,
1891 2455 1982 2518 iuxta
2006 2451 2089 2536 quod
2125 2453 2155 2518 in
2189 2453 2310 2522 Psalmo
2331 2453 2462 2522 dicitur:

1517 2557 1640 2624 «Dabit
1661 2557 1730 2624 roci
1756 2575 1830 2624 suae
1853 2575 1961 2625 rocem
1985 2557 2154 2636 virtutis»,
2173 2557 2289 2624 scilicet
2312 2557 2466 2636 miraculi,

1512 2665 1684 2732 secundum
1708 2663 1785 2730 illud
1810 2663 1929 2748 primae
1952 2663 1991 2730 ad
2014 2663 2304 2730 Thessalonicenses
2333 2671 2466 2748 quarto:
2566 2667 2568 2672 ’

1517 2769 1614 2854 «lpse
1638 2767 1788 2834 Dominus
1812 2767 1842 2832 in
1868 2767 1956 2834 iussu
1979 2773 2011 2834 et
2032 2767 2065 2834 in
2081 2783 2157 2834 roae
2182 2767 2363 2854 Archangeli
2387 2773 2420 2834 et
2437 2769 2466 2834 in

1510 2875 1587 2940 tuba
1609 2875 1662 2942 Dei
1688 2875 1851 2940 descendet
1877 2875 1914 2940 de
1931 2875 2032 2954 caelo,
2051 2881 2080 2940 et
2096 2873 2233 2950 mortui,
2258 2873 2312 2956 qui
2330 2873 2361 2938 in
2378 2873 2466 2940 Chri·

1511 2983 1558 3044 sto
1582 2985 1673 3058 sunt,
1697 2985 1862 3064 resurgent
1886 2977 1978 3064 primi
1993 3005 2022 3042 n.

1600 3087 1652 3152 95.
1678 3087 1778 3172 (Vens.
1817 3087 1891 3170 dd).
1924 3085 2067 3154 Secundo
2100 3091 2254 3172 qnantum
2290 3085 2328 3152 ad
2360 3083 2466 3172 effica-
2484 3107 2631 3158 ossecoleo.

1511 3193 1599 3258 clara
1622 3193 1866 3280 subsequentem
1897 3191 2062 3258 subditur:
2094 3193 2136 3256 m
2156 3209 2310 3256 reomaus
2331 3199 2379 3258 est
2399 3189 2467 3276 spi-

1512 3299 1598 3364 ritns
1638 3299 1726 3376 aiae,
1767 3315 1824 3382 per
1863 3297 2016 3364 intimant
2056 3295 2338 3376 eoraianctionenr,
2378 3297 2467 3362 iuxta

1512 3405 1596 3488 quod
1618 3403 1733 3472 dicitur
1765 3403 1848 3470 tertii
1875 3407 1991 3490 Regum
2014 3403 2134 3472 decimo
2156 3403 2346 3488 septimo10:
2376 3427 2391 3460 r
2408 3403 2465 3470 Re-

1512 3527 1602 3576 rersa
1626 3517 1672 3576 est
1696 3511 1797 3576 anima
1822 3511 1910 3596 pueri
1946 3511 2028 3576 intra
2052 3511 2173 3596 ipsum,
2197 3515 2228 3574 et
2252 3511 2369 3576 reuixit
2384 3535 2415 3590 »;
2440 3517 2469 3574 et

1511 3615 1662 3682 surreait
1692 3615 1860 3694 ceratinae,
1893 3633 1950 3700 per
1978 3615 2111 3682 vitalem
2135 3615 2366 3700 operationem.
2392 3617 2469 3682 Sur-

1512 3737 1586 3804 gere
1616 3721 1700 3786 enim
1722 3727 1770 3788 est
1796 3721 1938 3806 operatio
1966 3721 2118 3800 viventis,
2150 3721 2232 3786 sicut
2262 3721 2373 3790 cadere
2402 3741 2468 3790 mo·

1513 3825 1632 3890 riculis,

1601 3931 1653 3994 96.
1680 3931 1714 3994 Et
1738 3937 1829 4008 nota,
1853 3931 1938 4016 quod
1959 3931 2065 4014 puella
2086 3931 2145 3996 ista
2177 3931 2207 3994 in
2232 3931 2468 4000 resuscitatione
2488 3953 2619 4018 olearon

1513 4053 1570 4102 sua
1592 4033 1709 4102 dicitur
1730 4035 1934 4114 surrexisse,
1958 4043 1989 4102 et
2012 4035 2191 4102 adolescens
2216 4037 2390 4118 resedisse,
2414 4057 2469 4104 su·
2486 4009 2625 4120 iiiffii‘if

1513 4157 1571 4222 pra
1593 4139 1776 4222 septim011,
1800 4141 1936 4208 Lazarus
1958 4157 2033 4204 vero
2055 4141 2178 4224 liparas
2193 4159 2316 4206 arcanas
2330 4151 2360 4206 et
2372 4143 2468 4228 pedes
2507 4111 2604 4156 ‘mmm'

1508 4241 1691 4330 prodiisse,
1714 4243 1836 4308 loannis
1859 4243 2042 4322 undecimo;
2068 4243 2157 4328 qnia,
2192 4243 2271 4310 sicut
2303 4263 2398 4330 snpra
2415 4253 2468 4314 ta-

1513 4355 1597 4414 ctum
1622 4347 1696 4426 luit,
1718 4367 1776 4434 per
1796 4349 1943 4432 puellare
1964 4355 2123 4414 mortuam
2139 4347 2175 4414 in
2191 4349 2285 4414 danao
2308 4357 2467 4434 peccatum

1512 4453 1698 4536 intelligitur
1719 4451 1949 4538 capitationis;
1963 4471 2020 4536 per
2041 4453 2271 4518 adolescentem
2293 4453 2328 4520 iu
2347 4463 2468 4540 porta,

1513 4559 1675 4636 peccatum
1707 4555 1924 4638 operationis,-
1948 4573 2005 4640 per
2027 4555 2204 4620 Lazarum
2235 4555 2271 4620 in
2301 4557 2468 4640 sepulcro,

1512 4665 1673 4744 macetum
1691 4659 1947 4726 consuetudinis.
1964 4659 2002 4724 Et
2015 4659 2181 4744 quoniam,
2197 4659 2369 4726 secundum
2386 4659 2469 4746 quod

1512 4771 1638 4848 peccata
1660 4769 1734 4830 sunt
1751 4763 1911 4848 graviora,
1945 4765 2079 4832 maiores
2102 4765 2288 4850 relinquunt
2312 4765 2467 4850 sequelam

1512 4867 1581 4936 ideo
1603 4867 1658 4954 qui
1688 4867 1788 4936 solum
1817 4869 2011 4954 capitatione
2032 4869 2172 4954 peccavit
2196 4869 2372 4936 vivificatus
2393 4889 2469 4936 eoa-

1513 4973 1604 5038 tinao
1636 4973 1764 5058 carpit,
1795 4973 1871 5058 quia
1903 4991 2003 5056 parva
2028 4981 2171 5040 remanet
2204 4973 2390 5052 difficultas3
2414 4973 2468 5056 qui

1512 5095 1588 5146 raro
1611 5079 1643 5146 in
1666 5097 1780 5164 apere,
1796 5079 1900 5158 sedet,
1922 5077 1998 5164 qnia
2019 5077 2124 5146 adhuc
2145 5079 2286 5164 pronitas
2311 5083 2466 5158 remanet;

1513 5185 1567 5269 qui
1590 5189 1697 5250 autem
1720 5185 1753 5250 iu
1776 5185 2027 5262 consuetudine,
2054 5185 2178 5270 ligatos
2201 5193 2265 5266 est,
2282 5185 2357 5270 quia
2380 5183 2468 5250 ralde

1513 5287 1605 5356 habet
1631 5289 1818 5376 pronitatem
1841 5289 1987 5376 ligantem
2012 5287 2043 5354 in
2067 5289 2148 5356 malo
2163 5295 2195 5356 et
2216 5287 2466 5374 praepedientem

1512 5633 1590 5684 prov.
1608 5631 1655 5694 ts,
1673 5633 1701 5686 5.
1715 5659 1749 5670 —-
1763 5631 1872 5684 talarius
1883 5637 1944 5696 post
1960 5629 2007 5684 isti
2022 5643 2078 5684 non
2095 5627 2289 5696 receptatores
2303 5627 2376 5680 addit
2386 5627 2467 5680 cerda

1508 5717 1680 5786 prudentiae.

1583 5801 1592 5832 ¹
1614 5807 1689 5856 vers.
1703 5803 1745 5856 25.
1759 5803 1840 5856 eodo,
1855 5803 1906 5856 DG
1924 5805 2026 5866 legunt:
2040 5801 2108 5856 Gom
2122 5801 2238 5856 eiecisset
2250 5801 2371 5864 larbam,
2386 5799 2468 5854 tatuit

1512 5903 1626 5942 reanum
1644 5895 1743 5940 eta-
1760 5887 1851 5942 Glossa
1869 5887 2011 5942 ordinaria
2024 5887 2066 5952 (ex
2078 5887 2161 5948 Beda;
2174 5889 2220 5938 olr.
2234 5887 2347 5950 Hieron,
2362 5889 2380 5938 l.
2394 5883 2469 5938 Com·

1513 5983 1591 6028 nent.
1610 5977 1637 6026 an
1656 5977 1744 6026 craten.
1763 5977 1792 6036 e,
1813 5957 1865 6038 aa.)
1886 5975 1910 6024 n
1929 5975 1992 6024 nuc.
2011 5975 2040 6040 ε,
2060 5975 2109 6026 ee:
2129 5973 2215 6024 trenno
2236 5971 2331 6024 exclusi
2350 5975 2411 6022 sont
2423 5971 2468 6036 qur

1512 6061 1636 6114 deridere
1651 6075 1731 6126 quom
1752 6059 1858 6112 credere
1877 6057 2021 6120 malebant,
2046 6059 2145 6122 ind-igni
2164 6057 2257 6110 videre
2273 6055 2469 6108 resurrectionis

1513 6139 1682 6202 pinnaeulum,

1584 6235 1709 6292 ipsalm.
1731 6235 1793 6296 tti,
1815 6235 1860 6300 lt,
1889 6235 1933 6286 eui,
1954 6233 2149 6298 subiunguntur
2176 6233 2215 6284 Pe.
2236 6231 2284 6292 72,
2306 6229 2349 6282 el.
2367 6237 2393 6284 et
2409 6231 2466 6284 lsai.

1514 6327 1562 6388 59,
1583 6327 1605 6376 l.

1584 6409 1595 6440 ⁹
1616 6413 1691 6462 vers.
1709 6409 1752 6460 l3.
1770 6433 1804 6448 ·-
1825 6409 1881 6458 Duo
1899 6419 1972 6472 seqq.
1993 6407 2043 6458 loci
2063 6411 2122 6460 sunt
2140 6409 2182 6458 Ps.
2195 6403 2238 6466 67,
2252 6403 2293 6456 at.
2308 6409 2332 6456 et
2343 6405 2364 6456 l.
2377 6405 2468 6458 Tlress.

1516 6499 1543 6562 l,
1565 6499 1611 6550 tt,

1586 6581 1607 6616 ¹⁰
1630 6585 1703 6638 vers.
1721 6587 1764 6636 22.
1784 6605 1818 6616 -
1836 6581 1948 6634 interius
1963 6595 2013 6646 pro
2030 6579 2150 6650 operatio
2169 6577 2285 6634 otrentu-
2300 6579 2363 6632 Vat:
2378 6591 2469 6646 apera-

1515 6673 1550 6728 tto
1569 6671 1685 6726 ear-carte.

1586 6757 1609 6790 ¹¹
1629 6763 1702 6814 Vens.
1724 6761 1770 6826 te,
1787 6763 1848 6816 nost
1866 6769 1946 6824 quem
1964 6757 2031 6808 toan.
2056 6759 2098 6824 lt,
2120 6757 2209 6810 la-
2222 6755 2259 6806 De
2277 6753 2319 6808 tris
2336 6753 2420 6808 tribus
2432 6769 2469 6808 re·

1515 6849 1644 6904 suscitetis
1661 6853 1708 6904 etr.
1726 6855 1806 6916 supra
1826 6861 1848 6900 o.
1868 6845 1893 6898 7.
1911 6859 1938 6898 n.
1957 6847 1999 6898 32.
