5900 8266
308 2231 422 2286 Quartum,

289 2287 316 2330 ad
331 2281 423 2326 toleran-

290 2341 349 2386 deffl-

294 4339 424 4386 Notandum.

1019 547 1214 616 COMMENT.
1237 547 1537 616 metanomiam
1559 545 1677 616 Lucae
1703 547 1733 616 C.
1760 546 1835 616 XVI.

439 745 502 796 non
526 727 667 814 exigitur
689 727 771 795 ratio
787 751 816 792 a.
842 763 887 776 -
909 727 945 794 ut
969 733 1039 814 post
1059 727 1153 796 istius
1170 727 1300 796 rationis
1324 745 1400 794 exa-

440 835 575 902 ctionem
599 853 662 900 non
684 831 815 902 restabit
839 833 1029 920 possibilitas
1042 835 1083 900 ad
1097 833 1284 902 merendum
1297 855 1310 928 ;Ι
1331 831 1400 900 ideo

440 937 566 1006 subdit:
593 941 668 1006 lum
689 939 777 1006 enirn
798 959 865 1006 non
885 939 1011 1026 poteris
1034 939 1203 1018 villicare,
1227 937 1302 1024 quia
1323 937 1400 1006 dici·

440 1053 494 1114 tur
525 1045 726 1114 Ecclesiastae
756 1047 884 1114 nono1:
914 1047 1007 1114 «Nec
1039 1063 1119 1132 opus
1151 1063 1208 1112 nec
1230 1045 1309 1112 ratio
1341 1063 1399 1112 neo

440 1153 567 1220 scientia
600 1171 657 1222 nec
685 1151 837 1238 sapientia
866 1159 963 1220 erunt
992 1153 1076 1240 apud
1108 1151 1242 1230 inferne,
1277 1171 1341 1236 quo
1361 1157 1399 1218 tu

440 1277 593 1344 properas
608 1285 637 1324 a.
663 1259 747 1326 Unde
771 1263 801 1324 et
825 1259 1068 1326 proverbiorum
1092 1257 1241 1342 vigesimo
1267 1257 1400 1342 septimo

438 1363 555 1432 dicitur
587 1365 716 1432 cuilibet
740 1362 866 1430 villico:
896 1389 912 1422 e
927 1363 993 1432 Non
1018 1363 1149 1432 habebis
1171 1363 1288 1450 iugiter
1310 1369 1399 1448 pote-

440 1477 552 1538 statem
569 1497 601 1552 »3
617 1477 650 1538 et
666 1469 867 1538 Ecclesiastioi
892 1471 1035 1536 decimo:
1064 1497 1081 1528 e
1097 1469 1206 1536 Omnis
1220 1477 1400 1554 potentatus

440 1577 547 1644 brevis
575 1577 639 1644 vila
656 1603 685 1642 a.
716 1578 847 1662 Propter
875 1575 962 1660 quod
992 1577 1149 1660 Propheta
1173 1573 1206 1642 in
1230 1575 1398 1642 Psalmo²z

446 1681 576 1746 «Nolite
601 1683 756 1750 confidere
781 1681 810 1748 in
836 1681 1032 1768 principibus
1061 1699 1165 1766 neque
1187 1681 1220 1746 in
1245 1679 1318 1746 filiis
1343 1681 1399 1748 bo-

440 1785 581 1864 minum,
606 1787 637 1854 in
662 1789 779 1874 quibus
802 1807 864 1854 non
888 1793 935 1854 θεῖ
950 1789 1046 1854 salus.
1063 1785 1170 1854 Exibit
1183 1787 1315 1872 spiritus
1331 1787 1400 1854 eius

435 1897 473 1978 et
494 1897 673 1972 revertetur
695 1895 729 1960 in
750 1899 869 1962 terram
902 1911 1010 1972 suam;
1043 1893 1075 1958 in
1099 1893 1153 1960 illa
1174 1891 1226 1960 die
1247 1891 1398 1978 peribunt

440 2017 550 2068 omnes
572 1999 775 2084 cogitationes
797 2017 941 2066 eorum»
971 2005 1029 2066 etc.

531 2109 559 2172 a.
587 2105 686 2188 (Pers.
713 2105 768 2186 3.).
794 2105 913 2188 Quarto
935 2111 1091 2188 quantum
1115 2101 1155 2170 ad
1176 2101 1399 2190 imperfectio·

439 2231 513 2278 nene
549 2209 757 2296 infirmitatis
793 2207 962 2276 damonae
995 2209 1028 2274 in
1064 2207 1168 2276 villico
1190 2207 1400 2274 tolerandum

440 2317 610 2388 subditur:
642 2315 700 2380 Ait
731 2321 841 2380 uatem
870 2313 1000 2380 villicus
1032 2315 1124 2380 intro
1148 2333 1203 2380 sc:
1233 2311 1322 2398 Quid
1344 2311 1365 2400 s
1385 2349 1399 2362 ··

440 2425 549 2504 ciunt,
571 2421 654 2510 quia
677 2417 833 2488 dominus
857 2441 948 2488 meus
973 2419 1128 2506 auferto
1154 2439 1204 2488 nce
1226 2419 1400 2488 villicatio·

440 2531 538 2600 nem?
561 2529 640 2614 Quia
665 2527 747 2596 euim
776 2527 870 2596 timor
895 2527 999 2596 iudicii
1025 2527 1170 2596 sollicitat
1191 2535 1329 2594 mentem
1359 2525 1399 2592 ad

440 2635 693 2722 procurationem
721 2633 867 2714 remedii,
892 2635 961 2702 ideo
984 2633 1095 2702 videns
1115 2635 1257 2712 villicus,
1283 2635 1314 2700 se
1331 2649 1399 2698 esse

440 2743 663 2822 iudicandum,
686 2741 820 2828 requirit
845 2741 1036 2820 remedium,
1059 2741 1233 2808 secundum
1248 2737 1327 2808 illud
1346 2739 1400 2806 Ec-

440 2847 604 2916 olesiastioi
638 2847 758 2914 decimo
792 2847 948 2914 ocuvo³:
991 2873 1005 2908 <e
1031 2851 1107 2916 Ante
1140 2846 1290 2914 iudicium
1322 2863 1400 2932 pava

440 2953 591 3020 iustitiam
625 2961 657 3020 et
689 2960 761 3023 ante
797 2955 980 3040 languorem
1001 2955 1116 3022 adhibe
1147 2953 1332 3034 medicinam
1367 2959 1401 3020 et

440 3067 512 3126 ante
536 3059 687 3126 iudicium
712 3061 871 3148 interroga
895 3069 926 3128 te
948 3061 1053 3148 ipsum
1070 3087 1101 3128 a.
1119 3097 1162 3110 --
1178 3061 1215 3128 m
1231 3061 1304 3146 quia
1327 3077 1399 3146 pere

440 3163 533 3230 iectio
563 3163 771 3248 poenitentiae
802 3165 942 3232 consistit
974 3167 1004 3232 in
1037 3165 1203 3232 afflictione
1235 3171 1266 3232 et
1292 3165 1400 3234 labore

440 3271 595 3354 corporali
626 3277 659 3336 θῖ
687 3271 865 3338 humilitate
888 3277 921 3340 et
941 3271 1062 3358 pudore
1088 3271 1235 3350 mentali;
1261 3279 1293 3340 et
1322 3273 1399 3338 haec

440 3375 504 3442 duo
528 3381 654 3442 recusat
676 3375 801 3442 animus
823 3375 940 3442 infirmi
959 3377 1112 3444 hominis:
1128 3377 1197 3444 ideo
1214 3377 1317 3444 addit:
1337 3379 1401 3442 Fo-

441 3481 516 3546 dere
540 3499 607 3548 non
628 3481 740 3562 oeteo,
764 3487 894 3566 propter
917 3481 1035 3550 laboris
1064 3483 1236 3566 corporalis
1265 3481 1400 3550 difficul—

442 3593 555 3666 tatem,
587 3587 680 3672 quia,
713 3587 795 3652 sicut
825 3587 941 3652 dicitur
977 3589 1218 3656 proverbiorum
1249 3587 1400 3676 vigesimo

441 3709 524 3758 nono
536 3693 560 3770 4,
577 3715 594 3750 α
611 3691 665 3776 qui
681 3689 810 3756 delicate
826 3709 846 3754 a
861 3691 995 3774 pueritia
1016 3693 1117 3758 nutrit
1140 3709 1269 3760 servum
1292 3697 1401 3778 postea

441 3795 555 3862 sentiet
567 3813 640 3862 eum
660 3789 873 3862 contumacem
887 3821 920 3860 ›>.
935 3797 1124 3862 Mendicare
1138 3797 1308 3876 candesco,
1325 3815 1400 3880 pro-

441 3909 512 3988 pter
536 3909 625 3970 aetus
648 3901 890 3988 contemptibilis
914 3901 1086 3982 vilitatem;
1118 3901 1321 3970 Ecclesiastici
1354 3901 1399 3970 vi-

441 4009 560 4094 gesimo
582 4009 708 4076 nonoiz
739 4007 931 4074 «alimmum
956 4027 1014 4092 pro
1040 4025 1152 4096 magno
1175 4009 1294 4094 placeat
1324 4009 1398 4090 tibi,

442 4119 474 4180 θῖ
496 4113 725 4200 improperium
748 4111 1008 4198 peregrinationis
1033 4131 1096 4180 non
1111 4113 1220 4180 audies
1235 4137 1265 4192 »3
1283 4117 1399 4198 etpost

442 4219 568 4286 subdit:
599 4217 743 4284 «Gravia
764 4219 842 4284 haec
866 4217 984 4284 homini
1006 4219 1133 4286 habenti
1160 4237 1305 4288 sensum:
1330 4237 1400 4286 cor-

442 4327 689 4414 reptio-domus
721 4331 752 4392 et
779 4323 1005 4410 improperium
1039 4325 1242 4394 foeneratoris
1258 4351 1290 4392 a.
1320 4327 1400 4392 Huic

443 4449 517 4516 ergo
541 4431 642 4498 villico
668 4429 777 4498 similis
811 4437 859 4496 est
886 4429 941 4516 qui
974 4429 1089 4516 refugit
1118 4431 1260 4512 ordinem
1285 4429 1399 4498 Cister-

442 4537 609 4618 tiensium,
632 4537 706 4624 quia
731 4537 890 4616 laborant,
917 4535 966 4602 vel
982 4535 1122 4602 ordinem
1139 4537 1307 4616 Minorum‚
1324 4537 1400 4622 quia

441 4641 627 4710 mendicant.
653 4643 688 4710 m
712 4643 771 4708 hoc
796 4647 900 4708 tamen
924 4639 1084 4708 tolerabile
1108 4647 1172 4720 θεῖ,
1195 4639 1271 4726 quia
1294 4659 1336 4708 ex
1352 4641 1400 4706 in-

441 4747 590 4814 firmitate
615 4747 698 4816 venit
722 4747 867 4834 reingere
890 4745 1037 4812 laborem
1058 4751 1091 4812 et
1104 4747 1287 4832 pudorem,
1307 4745 1399 4812 illurn

443 4851 523 4920 sicut
548 4853 796 4938 importabilem,
819 4851 916 4918 istum
939 4851 1021 4918 siout
1046 4851 1309 4936 contemptibilem
1321 4851 1346 4918 ⁶.

534 4959 563 5022 6.
587 4957 646 5024 Sed
674 4957 745 5026 licet
767 4957 825 5024 ista
856 4957 918 5026 siut
939 4957 1077 5024 difficilia
1101 4955 1220 5024 homini
1253 4955 1398 5036 infirmo,

302 5079 426 5180 gzgpsgangg
442 5061 544 5130 lucilia
565 5069 669 5128 tamen
692 5069 766 5132 sunt
790 5081 846 5150 per
869 5063 1032 5132 Christum
1055 5061 1191 5148 perlecto
1212 5061 1398 5130 Christiano.

304 5191 383 5238 aava
442 5169 519 5236 Nam
542 5169 686 5236 Christus
707 5189 765 5254 pro
790 5171 879 5238 nobis
902 5171 1002 5236 factus
1019 5185 1146 5254 wpauper
1170 5174 1200 5236 et
1225 5169 1255 5236 in
1286 5167 1400 5236 lebori-

331 5355 332 5358 ,
443 5275 504 5344 bus
526 5275 648 5356 multis,
674 5275 847 5344 secundum
869 5275 947 5344 illud
971 5275 1081 5342 Psalmi
1096 5275 1125 5340 ⁷:
1151 5267 1398 5360 «Paupev'sum

515 5607 524 5638 ¹
546 5611 620 5662 Vere.
639 5611 682 5662 ib.
700 5639 738 5650 ·-
755 5611 873 5664 Subinde
899 5613 1046 5676 allegantur
1072 5615 1151 5666 Prov.
1179 5613 1228 5678 37,
1253 5615 1297 5668 24.
1314 5621 1341 5668 θῖ
1359 5617 1403 5668 Ec·

444 5699 487 5752 cli.
507 5699 556 5762 l0,
575 5699 618 5752 tt.

513 5783 524 5816 ²
545 5787 637 5840 Psalm.
659 5785 725 5848 tls,
745 5787 796 5842 id.
815 5815 850 5824 -
869 5789 957 5842 Glossa
989 5787 1188 5842 interlinearis:
1219 5787 1304 5844 Redde
1320 5791 1403 5846 retio-

366 5901 368 5906 ν
444 5889 505 5930 reern
515 5881 573 5938 etc,
582 5873 647 5926 dune
658 5873 736 5940 vivis,
745 5875 838 5940 cogite,
848 5877 958 5944 qualiter
969 5875 1066 5930 debeas
1075 5877 1188 5942 operari,
1195 5875 1251 5930 iarn
1260 5877 1332 5932 enim
1343 5885 1402 5942 eta,

444 5977 459 6016 a
478 5969 596 6026 tempore
615 5961 713 6014 mortis.
734 5961 785 6016 Clr.
805 5965 871 6016 Petr.
890 5965 997 6016 Diacon.
1013 5971 1041 6016 et
1058 5965 1167 6030 haym,
1184 5965 1234 6016 loc.
1252 5965 1296 6018 eit.

515 6045 525 6078 ³
548 6051 622 6102 Pers.
640 6049 684 6102 t9.
700 6063 757 6116 seq.
776 6079 810 6088 -
828 6051 920 6102 Glossa
938 6049 1136 6106 interlinearis:
1165 6049 1236 6106 Ait...
1259 6049 1335 6106 inira
1359 6067 1400 6118 se,

445 6141 539 6198 timore
551 6139 717 6206 perterritus,
730 6139 796 6208 qnid
811 6139 933 6208 focium?
945 6145 974 6192 ut
986 6141 1084 6204 poenas
1103 6139 1207 6194 evitem.
1222 6169 1258 6182 -
1276 6139 1403 6206 Superius

445 6241 495 6292 pro
508 6225 733 6296 procurationem
751 6225 864 6280 remedii
881 6227 940 6278 Vat.
953 6225 1176 6292 prouocationem
1193 6225 1315 6280 remedii.
1390 6241 1391 6244 ¹

515 6311 622 6370 ‘Vera
640 6315 685 6366 Dl.
703 6343 739 6352 —
756 6315 866 6380 Haym.‚
882 6315 933 6366 loc.
955 6315 1013 6366 cin:
1042 6313 1143 6370 Fodere
1171 6315 1328 6368 rusticorum
1351 6321 1402 6382 est,

445 6401 613 6468 emendicare,
631 6403 799 6455 contusionis.

515 6485 622 6544 5Υθθε.
642 6493 686 6544 3ῖῖ.
704 6491 731 6544 et
749 6491 798 6556 ee,
826 6489 872 6542 ubi
899 6505 948 6556 pro
977 6489 1042 6544 boec
1066 6487 1172 6544 bomini
1187 6487 1297 6544 iubenti
1313 6489 1401 6554 plures

446 6577 539 6640 codd,
559 6585 585 6630 ut
604 6577 624 6634 C
642 6579 677 6646 (D
694 6579 825 6650 primitus)
845 6581 909 6642 FC,
928 6577 993 6634 leaeo
1010 6577 1104 6634 omniu
1121 6577 1237 6632 debenti.

516 6661 528 6694 ⁶
548 6669 607 6722 Vel.
627 6667 702 6732 tegit:
722 6683 757 6724 en
781 6667 938 6740 infirmitate
963 6667 1050 6734 benit,
1070 6665 1142 6736 quod
1160 6667 1249 6736 [rapiat
1266 6665 1400 6734 laborem,

445 6759 471 6812 et
488 6769 522 6810 ea
536 6755 658 6826 pudore,
672 6757 744 6826 qnod
760 6755 850 6826 sapiat
867 6755 1107 6822 mendicatiouem„
1118 6753 1201 6812 litum
1226 6757 1299 6826 [nait
1315 6759 1346 6814 nt
1364 6755 1401 6812 in

446 6843 626 6912 tolerabilem,
644 6845 717 6902 terrac
737 6847 766 6902 ut
784 6843 1012 6916 coatmnptibilem.

2353 565 2418 634 dea

1464 743 1522 812 ego
1543 733 1578 794 et
1598 727 1631 794 in
1654 725 1816 796 laboribus
1832 743 1849 792 a
1864 725 2028 794 iuventute
2043 745 2112 796 mea
2130 757 2160 812 a,
2185 733 2260 800 facit
2279 733 2420 804 laborem

1463 835 1661 920 appetibilem
1685 841 1717 902 et
1732 833 1963 902 mendicitatem
1978 833 2212 916 honorabilem,
2228 839 2304 924 quia
2325 859 2421 908 ema-

1463 957 1525 1024 gna
1545 941 1647 1024 glovia
1667 949 1716 1010 θεῖ
1742 939 1833 1026 sequi
1862 939 2081 1020 Dominum»,
2104 943 2187 1008 sicut
2216 943 2332 1010 dieitur
2364 947 2419 1012 Ec-

1464 1045 1625 1114 olestastici
1656 1045 1804 1132 vigesimo
1837 1045 1939 1114 tertio.
1972 1043 2038 1132 lpse
2069 1051 2173 1114 autem
2207 1045 2357 1114 Dominus
2381 1047 2419 1114 de

1463 1165 1494 1216 se
1520 1149 1587 1234 ipso
1608 1149 1683 1216 dicit
1697 1151 1727 1216 ⁸:
1758 1149 1851 1236 «ugo
1874 1155 1978 1218 autem
2004 1149 2164 1218 mendicus
2194 1169 2265 1218 sum
2285 1159 2319 1218 et
2341 1171 2419 1236 pau-

1463 1273 1536 1340 per,
1560 1263 1593 1322 et
1613 1255 1767 1324 Dominus
1799 1255 1953 1324 sollicitus
1974 1261 2023 1324 θεῖ
2043 1255 2103 1320 mei
2123 1279 2154 1334 ›2;
2178 1255 2264 1342 quod
2289 1255 2418 1340 quidem

1464 1377 1527 1426 non
1547 1359 1664 1428 dicitur
1688 1369 1843 1446 quantum
1865 1361 1905 1428 ad
1919 1359 2112 1446 spiritualia,
2131 1361 2162 1426 in
2178 1359 2294 1446 quibus
2318 1358 2418 1426 abun·

1463 1465 1533 1546 dat,
1556 1465 1610 1534 sed
1634 1475 1788 1552 quantum
1811 1465 1851 1534 ad
1875 1465 2076 1552 temporalia,
2099 1465 2265 1552 inquibus
2286 1483 2417 1550 prono·

1463 1571 1511 1638 bis
1534 1589 1653 1658 egenus
1673 1579 1707 1638 et
1720 1573 1884 1640 mendicus
1906 1573 2034 1640 effectus
2049 1579 2133 1654 erat,
2150 1573 2325 1640 secundum
2341 1569 2418 1638 illud

1463 1681 1616 1746 secundae
1641 1679 1678 1746 ed
1703 1679 1880 1744 Corinthios
1902 1685 2028 1746 octavo:
2057 1677 2180 1746 «Scitis
2204 1679 2334 1764 gratiam
2357 1679 2420 1744 Do·

1462 1783 1536 1850 mini
1560 1783 1659 1852 nostri
1684 1783 1752 1850 lesu
1777 1783 1909 1862 Christi,
1933 1783 2081 1868 quoniam
2105 1803 2163 1870 pro
2188 1783 2277 1852 nobis
2299 1801 2418 1870 egenus

1463 1891 1593 1956 effectus
1622 1895 1686 1966 θεῖ,
1720 1905 1791 1954 cum
1824 1895 1906 1954 θεεθῖ
1936 1889 2053 1956 dives»
2094 1897 2152 1956 etc.
2186 1891 2221 1956 Et
2252 1897 2418 1976 propterea
2436 1907 2568 1954 amau.

1462 1993 1536 2062 dicit
1557 1993 1669 2062 beatus
1692 1993 1875 2062 Francisous
1898 1993 1927 2060 in
1955 1995 2064 2080 regula
2087 1993 2179 2074 sua⁹,
2205 1995 2287 2082 quod
2304 1995 2418 2062 iratres
2472 1975 2530 2008 ω’

1463 2119 1537 2168 suos
1562 2125 1581 2158 e
1596 2117 1659 2164 non
1680 2105 1804 2184 oportet
1821 2099 2026 2168 verecundari
2048 2097 2082 2164 in
2104 2101 2327 2182 mendicando,
2344 2101 2418 2186 quia

1463 2203 1614 2272 Dominus
1626 2221 1660 2272 se
1674 2221 1734 2288 pro
1749 2203 1841 2272 nobis
1855 2203 1926 2270 lecit
1944 2221 2114 2290 pauperem
2132 2203 2163 2270 in
2180 2205 2239 2272 hoc
2255 2205 2373 2272 nvindo
2386 2233 2416 2272 a.
2477 2291 2478 2294 Ἴ

1463 2311 1705 2390 Verumtamen,
1728 2309 1803 2396 quia
1837 2309 1937 2376 villico
1972 2315 2121 2396 tanquam
2151 2309 2333 2394 imperfecto
2354 2331 2418 2380 non

1463 2423 1530 2482 evat
1551 2415 1623 2482 data
1647 2413 1756 2500 gratia,
1781 2431 1838 2500 per
1859 2431 1957 2500 quam
1979 2413 2115 2500 perfecte
2140 2413 2319 2482 efficeretur
2342 2433 2415 2482 con-

1463 2521 1571 2590 loricis
1594 2523 1734 2602 Christo;
1751 2521 1822 2588 ideo
1845 2527 1993 2606 tanquam
2018 2521 2163 2590 infirmus
2178 2521 2270 2588 dicit:
2292 2521 2418 2590 Diardi-

1463 2629 1727 2710 eoreernbeeco,
1750 2645 1812 2694 non
1838 2627 1898 2694 ait:
1921 2629 2111 2696 mendicare
2129 2635 2313 2708 contemno,
2342 2627 2417 2714 quie

1463 2735 1540 2800 haec
1562 2751 1624 2800 non
1649 2739 1730 2800 esset
1752 2733 1917 2800 infirmitas
1942 2733 2118 2812 toleranda,
2137 2731 2191 2800 sed
2207 2733 2349 2818 impietas
2364 2733 2418 2800 de·

1464 2839 1614 2908 testanda.

1551 2949 1582 3012 7.
1607 2947 1708 3032 (Veis.
1732 2947 1788 3030 la).
1812 2947 1926 3032 Quinto
1958 2951 2111 3032 quantum
2136 2945 2174 3012 ad
2203 2945 2583 3034 ieiunationmapaqaaa
2646 2933 2648 2936 ⁵

1463 3053 1566 3142 [idetis
1601 3055 1770 3122 amicitiae
1794 3053 2037 3140 procidendum
2068 3051 2416 3142 suppressaque
2450 3023 2565 3120 affia-

1463 3159 1607 3250 facturn,
1630 3169 1667 3226 ut
1688 3161 1851 3244 acquiram
1874 3159 1997 3226 iidelem
2022 3159 2199 3226 amicitiam.
2219 3159 2304 3226 Unde
2333 3157 2418 3226 Glos-

1464 3269 1553 3334 sa1⁰z
1583 3293 1599 3328 «
1615 3265 1745 3334 Villicus
1762 3273 1807 3334 est
1825 3267 1874 3334 cui
1892 3267 1975 3334 Deus
1990 3265 2110 3352 aliquas
2126 3265 2275 3352 pecunias
2290 3265 2331 3332 ad
2345 3283 2415 3334 ero-

1463 3373 1599 3460 gandum
1622 3373 1815 3458 pauperibus
1839 3373 2010 3452 commisit;
2034 3373 2100 3458 qui,
2124 3373 2150 3440 si
2173 3373 2305 3458 cogitat,
2324 3371 2417 3438 talem

1464 3479 1682 3546 villicationem
1699 3499 1772 3546 cum
1789 3479 1852 3546 vita
1866 3481 1926 3548 ista
1941 3479 2127 3560 finiendam,
2145 3479 2241 3564 magis
2257 3479 2294 3544 de
2310 3479 2418 3562 acqui-

1463 3583 1567 3652 rendis
1592 3583 1698 3652 amicis
1721 3603 1816 3670 quam
1840 3585 1878 3652 de
1901 3585 2125 3672 congregandis
2157 3583 2273 3654 divitiis
2294 3589 2418 3670 pertra-

1464 3697 1527 3758 ctat
1541 3715 1571 3754 a.
1598 3691 1651 3756 lile
1673 3691 1755 3756 enim
1780 3697 1863 3760 reete
1888 3697 1989 3778 potest
2013 3691 2134 3758 dicere:
2153 3691 2237 3770 Scio,
2263 3691 2344 3778 qnid
2361 3685 2418 3776 fa-

1463 3797 1561 3874 cium,
1589 3795 1641 3880 qui
1667 3795 1796 3862 intendit
1811 3797 1977 3880 acquirere
1993 3795 2132 3880 proximi
2149 3795 2327 3874 amicitiam,
2343 3795 2417 3880 quia

1463 3907 1591 3970 econtra
1612 3901 1728 3968 dicitur
1751 3901 1871 3986 primae
1887 3901 2214 3968 loannisseoundo11:
2243 3925 2260 3958 <r
2276 3901 2335 3984 Qui
2351 3901 2416 3968 odit

1463 4007 1593 4074 fratrem
1615 4025 1709 4074 suun]
1733 4005 1765 4072 in
1788 4007 1925 4074 tenebris
1941 4015 1988 4074 θεῖ
2012 4015 2043 4076 θῖ
2065 4009 2097 4072 in
2121 4005 2259 4076 tenebris
2279 4005 2418 4072 ambulat

1464 4121 1493 4182 et
1517 4115 1632 4194 nescit,
1658 4133 1722 4198 quo
1754 4111 1856 4192 vadit,
1880 4111 1956 4198 quia
1985 4113 2134 4180 tenebrae
2167 4113 2418 4180 obcaecaverunt

1463 4219 1569 4288 viculos
1594 4219 1662 4288 eius
1676 4245 1708 4284 a.
1733 4219 1791 4286 Sed
1813 4225 1941 4284 econtra
1958 4217 2013 4304 qui
2028 4217 2145 4304 diligit,
2161 4217 2226 4302 ipse
2242 4217 2316 4296 scit,
2341 4215 2418 4302 quid

1463 4324 1551 4404 facin
1575 4323 1650 4392 facit
1671 4323 1753 4390 enim
1785 4321 1959 4390 secundum
1992 4321 2107 4390 Christi
2137 4321 2417 4408 doctrinamque

1463 4431 1588 4516 quaerit
1609 4429 1785 4498 remedium
1799 4435 1910 4494 contra
1923 4427 2110 4512 perieulum.
2129 4465 2170 4478 -
2187 4429 2317 4514 Propter
2334 4429 2418 4514 quod

1463 4535 1587 4602 subdit:
1616 4535 1674 4614 Ut,
1697 4553 1775 4600 eum
1796 4539 1928 4600 canotus
1952 4531 2049 4620 fuero
2073 4551 2096 4600 u
2118 4531 2337 4612 vitiamine,
2359 4551 2417 4618 per

1462 4641 1599 4710 divinam
1622 4639 1826 4720 sententiam,
1851 4639 2025 4708 secundum
2046 4637 2124 4706 illud
2147 4639 2345 4726 apocalypsis
2367 4657 2417 4708 εθ-

1464 4747 1566 4814 cundo
1581 4747 1623 4812 ¹²:
1648 4773 1664 4806 «
1679 4747 1805 4814 Veniam
1823 4747 1878 4814 tibi
1896 4753 1926 4814 et
1940 4747 2073 4814 movebo
2089 4745 2309 4814 candelabrum
2327 4753 2417 4814 tuum

1463 4853 1500 4918 de
1526 4853 1593 4920 loco
1615 4871 1674 4920 suo
1688 4877 1722 4932 »3
1745 4853 1911 4938 recipiunt
1935 4873 1987 4920 me
2018 4853 2052 4920 in
2090 4853 2202 4918 domos
2231 4873 2333 4934 snus,
2360 4871 2418 4938 per

1463 4957 1656 5024 amicabilem
1679 4957 1933 5026 misericordiam.
1966 4957 2042 5024 Nam
2065 4957 2143 5026 haec
2165 4963 2214 5026 est
2235 4957 2289 5026 lex
2311 4957 2417 5026 amici·
2435 4983 2572 5046 adame.

1464 5063 1524 5130 tiae
1547 5063 1577 5128 in
1603 5065 1785 5132 necessitate
1807 5081 1869 5130 non
1894 5065 2000 5132 deesse
2035 5063 2152 5146 amioo;
2174 5063 2259 5132 unde
2288 5065 2418 5132 Prover·
2477 5043 2531 5084 ‘¹²¹⁶'

1463 5167 1589 5236 biorum
1619 5167 1739 5236 decimo
1775 5169 1908 5254 septimo
1920 5167 1965 5236 1⁸:
1998 5167 2286 5254 «omnitempore
2320 5169 2419 5254 diligit

1464 5275 1520 5362 qui
1543 5275 1663 5344 amicus
1685 5281 1749 5354 est,
1767 5281 1798 5344 et
1812 5275 1912 5344 iratm
1933 5275 1967 5342 in
1982 5275 2134 5362 angustiis
2151 5275 2373 5360 comprobatur
2385 5301 2418 5356 s,

1537 5611 1547 5644 ⁹
1566 5617 1662 5670 Psalm.
1679 5617 1726 5682 87,
1745 5617 1788 5668 tu.
1804 5641 1842 5654 ·-
1860 5615 1982 5684 Sequitur
2000 5615 2076 5670 Eccli.
2096 5615 2143 5680 33,
2162 5617 2205 5668 38.
2219 5641 2252 5652 --
2267 5615 2325 5668 Vnt.
2342 5629 2423 5680 supe·

1466 5703 1520 5756 rius
1540 5717 1587 5770 pro
1607 5701 1710 5758 homini
1727 5703 1863 5772 infirma.
1877 5719 1928 5772 per
1948 5703 2086 5758 Christum
2103 5701 2235 5757 substituit
2249 5701 2353 5758 bomini
2369 5701 2420 5758 im·

1462 5791 1609 5860 perfecto...
1624 5793 1735 5860 propter
1754 5789 1902 5858 Christum,
1920 5797 1945 5844 θῖ
1973 5791 2082 5844 inferius
2105 5797 2166 5856 post
2183 5805 2291 5844 versum
2309 5791 2419 5846 Psalmi:

1466 5893 1484 5932 a
1502 5877 1636 5934 iuuentute
1655 5893 1715 5932 meu
1733 5881 1914 5944 prosequitur:
1932 5881 1970 5934 Et
1980 5893 2034 5948 per
2051 5879 2101 5936 boc
2114 5879 2244 5934 Dominus
2257 5877 2329 5934 aab
2343 5877 2420 5936 Chri-

1466 5965 1560 6022 stianis
1578 5967 1666 6022 reddit
1684 5965 1805 6022 iuberem
1823 5965 1965 6036 optabilem
1982 5971 2009 6022 ei
2027 5967 2223 6024 mendicitatem
2241 5975 2292 6022 etc.
2445 6043 2446 6046 Ἴ

1537 6051 1705 6120 8ῖῑιῖ3εεῖῖηῖ.
1724 6055 1773 6118 39,
1794 6055 1836 6108 l8.
1853 6083 1890 6095 -
1909 6053 2025 6108 Subinde
2042 6055 2167 6120 allegatur
2184 6059 2215 6108 ll.
2231 6055 2290 6110 Cor.
2309 6057 2340 6120 8,
2358 6057 2383 6108 D.

1537 6139 1548 6170 ⁹
1565 6141 1628 6208 Cap.
1649 6143 1674 6194 6.

1538 6227 1559 6258 ¹⁰
1579 6229 1680 6284 Scilicet
1697 6227 1841 6284 ordinaria
1859 6229 1930 6294 aprrd
1949 6231 2155 6296 Lyranum;elr.
2173 6243 2254 6296 supra
2273 6243 2336 6298 pag.
2354 6229 2418 6296 403,

1465 6321 1528 6368 nota
1547 6317 1590 6370 20.
1608 6343 1644 6356 -
1662 6319 1751 6370 classa
1770 6313 1966 6370 interlinearis:
1985 6315 2061 6382 Scio,
2085 6315 2150 6384 qaid
2165 6315 2281 6386 socam,
2300 6323 2419 6382 tempore

1466 6403 1544 6458 huius
1560 6403 1733 6457 villicationis

1538 6491 1558 6522 ²¹
1580 6495 1654 6548 t'ers.
1675 6493 1723 6560 n,
1742 6491 1788 6546 uhi
1805 6507 1855 6560 pro
1872 6491 1947 6548 eadit
1966 6493 2025 6546 Vat.
2042 6505 2103 6544 curn
2117 6493 2229 6560 Vulgata
2247 6497 2298 6548 eui.
2316 6523 2353 6535 -
2369 6495 2420 6546 hli-

1466 6569 1687 6650 quanto'inierius
1707 6595 1753 6648 pro
1773 6595 1827 6652 qna
1847 6579 1952 6652 qaaerit
1971 6583 2031 6636 Vat.
2051 6579 2114 6652 qaia
2134 6581 2249 6650 quaerit.

1537 6667 1558 6700 ¹¹
1577 6673 1652 6724 Vevs.
1673 6671 1702 6724 5:
1727 6667 1806 6724 Venio
1825 6667 1874 6724 tibi
1889 6677 1938 6724 ete.
2381 6737 2382 6740 Ἴ

1538 6755 1559 6790 ²³
1580 6763 1654 6816 Pers,
1674 6759 1722 6830 ῖἹ,
1740 6765 1898 6828 postquem
1917 6759 1993 6814 Eccli.
2012 6759 2044 6826 6,
2057 6759 2100 6814 m.
2112 6773 2169 6828 seq.
2181 6787 2219 6802 -
2230 6759 2319 6814 Glossa
2338 6757 2421 6814 inter·

1466 6847 1593 6920 lineares:
1612 6847 1746 6922 Decepiont
1765 6863 1821 6918 nce,
1844 6849 1876 6904 illi
1896 6847 1993 6920 quibus
2012 6849 2220 6916 misericordiam
2237 6847 2402 6918 impendero.
