5900 8266
494 671 560 736 ala

492 853 522 912 et
536 845 639 910 iacere
654 871 686 910 s.
701 881 747 896 -
762 845 800 910 Et
815 845 882 912 ideo
898 845 1063 912 subditur:
1088 845 1151 912 Sed
1166 847 1177 886 1
1191 845 1287 910 erede
1301 853 1446 922 lanterna,

491 949 807 1034 permundandum:
830 949 951 1016 loannis
979 949 1159 1018 undecimo:
1187 975 1202 1008 «
1221 949 1251 1016 Si
1266 949 1446 1030 credideris,

492 1053 612 1120 uidebis
632 1053 764 1138 gloriam
789 1055 843 1120 Dei
862 1081 889 1120 r.
917 1055 950 1140 Et
976 1055 1045 1120 ideo
1066 1053 1170 1120 addit:
1194 1053 1347 1120 Eleatae
1368 1053 1446 1132 crit,

491 1177 549 1246 per
570 1159 705 1226 divinam
740 1161 921 1244 potentiam.
945 1161 982 1226 Et
1007 1159 1048 1226 ad
1079 1161 1138 1226 hoc
1172 1149 1313 1228 debebat
1327 1159 1445 1228 moueri

491 1285 549 1350 per
570 1265 648 1332 illud
672 1267 754 1350 quod
778 1267 882 1332 statim
906 1271 979 1332 ante
1001 1265 1087 1334 θοο2
1110 1265 1236 1332 dixerat
1250 1265 1374 1332 mulieri
1392 1281 1447 1332 cu·

339 1381 471 1428 utranam.
491 1379 594 1438 ratae:
623 1369 742 1438 «Fides
765 1375 819 1438 tua
857 1377 885 1438 te
917 1373 1034 1440 saluam
1065 1371 1140 1438 lecit
1157 1399 1185 1436 ι.
1211 1371 1296 1438 Unde
1327 1371 1359 1438 in
1387 1371 1446 1438 hoc

490 1483 620 1562 apparet
650 1475 801 1544 mirabilis
836 1477 1026 1562 dispensatio
1055 1477 1128 1554 Dei,
1154 1475 1263 1560 quiin
1287 1475 1448 1554 miraculis

491 1581 556 1648 suis
578 1589 718 1648 nostram
749 1581 844 1648 fidem
878 1583 1013 1666 requirit
1046 1583 1086 1648 ad
1109 1587 1251 1648 nostrum
1286 1579 1444 1648 meritum.

489 1687 575 1754 Unde
599 1687 744 1754 Matthaei
767 1705 850 1754 nono
875 1687 958 1754 dixit
991 1687 1093 1756 caecis
1119 1687 1299 1772 petentibus
1331 1687 1446 1752 illumi-

488 1793 575 1860 nari:
606 1793 787 1874 «Creditis,
809 1793 885 1878 quia
909 1793 968 1862 boc
990 1811 1118 1878 possum
1144 1793 1244 1860 lacere
1261 1793 1370 1858 uobis?
1394 1791 1447 1858 Di-

488 1897 770 1984 conteratque,
792 1899 933 1966 Domine.
960 1902 1046 1966 Tunc
1071 1897 1170 1984 tetigit
1193 1899 1300 1966 oculos
1324 1915 1446 1978 eorum,

488 2003 612 2072 dicens:
649 2005 827 2070 Secundum
857 2003 950 2072 tidem
982 2010 1119 2072 uestram
1156 2003 1210 2070 liat
1241 2003 1331 2070 uobis
1345 2029 1377 2068 a.
1409 2003 1446 2070 Et

339 2119 470 2166 Notandum·
488 2111 636 2196 quoniam
665 2109 792 2176 dillicile
827 2117 896 2176 erat
924 2109 1068 2188 credere,
1091 2117 1256 2176 mortuum
1279 2107 1445 2188 suscitari;

486 2215 556 2284 ideo
579 2215 730 2282 Dominus
762 2215 792 2286 iu
822 2215 891 2300 ipso
923 2215 1036 2282 itinere
1064 2215 1254 2282 miraculum
1277 2215 1364 2292 lecit,
1389 2233 1446 2300 per

486 2321 572 2408 quod
594 2321 714 2388 adiuuit
734 2321 830 2388 fidem
845 2321 1082 2408 archisynagogi
1092 2345 1100 2400 ;
1118 2328 1154 2389 ut
1169 2323 1214 2388 sio
1229 2327 1350 2406 pateat,
1367 2319 1446 2388 illud

485 2443 553 2494 esse
577 2443 688 2494 uterum
713 2425 794 2512 quod
820 2425 940 2512 primae
962 2424 1002 2492 ad
1025 2425 1203 2494 Corinthios
1229 2425 1375 2494 θθοιιθο3
1398 2425 1446 2492 di-

485 2533 587 2602 citur:
615 2559 633 2592 «
648 2533 759 2600 Fidelis
780 2533 884 2612 Deae,
907 2533 963 2618 qui
985 2551 1049 2598 non
1073 2533 1227 2618 patietur,
1253 2551 1308 2600 uos
1331 2533 1446 2600 tentari

485 2657 585 2724 supra
605 2637 639 2704 id
660 2639 745 2722 quod
768 2639 911 2724 potestis;
938 2637 990 2704 sed
1015 2637 1106 2704 saciet
1130 2639 1221 2706 etiam
1248 2659 1320 2706 cum
1343 2646 1446 2706 tenta-

485 2745 570 2814 tione
593 2751 790 2830 prorentum
816 2751 850 2812 ut
875 2743 1000 2830 possitis
1022 2745 1220 2812 sustinere».

577 2855 628 2920 90.
653 2851 754 2934 [Vens.
779 2851 854 2936 bl).
917 2859 931 2916 t
960 2869 1037 2918 cnm
1060 2851 1284 2938 θοιθθθθόθθί4
1308 2857 1367 2918 etc.
1391 2851 1445 2918 llio

337 2965 467 3062 ggsqqqggffi
485 2959 624 3028 secundo
647 2965 715 3044 post
746 2959 933 3024 soliditatem
962 2957 1033 3024 lidei
1067 2957 1259 3040 disponentis
1280 2957 1445 3040 subiungit

344 3069 466 3126 dupliciter·
485 3063 681 3148 Euangellsta
710 3063 918 3130 irlcneitatetn
949 3061 1127 3130 testimonii
1147 3061 1376 3146 approbantis.
1400 3059 1444 3126 nd

485 3169 700 3254 probationem
731 3173 837 3234 autem
867 3167 1077 3234 suscitationis
1105 3163 1280 3252 requiritur
1305 3165 1444 3232 testimo-

486 3275 573 3340 nium
596 3273 636 3340 de
657 3273 726 3340 nita
751 3271 882 3340 reddita
904 3279 937 3338 et
965 3271 1005 3338 de
1032 3271 1103 3338 vita
1125 3271 1275 3358 perdam
1306 3271 1374 3336 ideo
1395 3271 1443 3338 in-

485 3381 646 3446 ducuntur
671 3385 765 3446 testes
787 3381 935 3462 respectu
957 3377 1136 3462 utriusque.

573 3487 677 3552 lirimo
698 3485 796 3568 igitur
819 3487 973 3568 quantum
1006 3483 1047 3550 ad
1078 3499 1230 3568 personas
1251 3481 1377 3556 idoneas
1405 3481 1444 3550 ad

342 3597 375 3644 De
388 3601 463 3654 nimo·
486 3591 712 3660 testificandum
748 3591 786 3658 de
818 3589 1031 3658 suscitatione
1065 3589 1272 3658 miraculosa
1304 3589 1442 3656 dicitur:

486 3701 526 3766 a
551 3717 626 3766 carn
645 3695 846 3782 peruenisset
876 3697 924 3762 na
952 3695 1107 3774 dotatum,
1129 3697 1186 3762 ubi
1210 3695 1326 3762 scilicet
1351 3693 1443 3762 debe-

484 3801 537 3868 bat
560 3801 666 3886 puella
698 3799 861 3880 suscitari,
887 3819 970 3888 quae
1000 3807 1068 3868 erat
1103 3801 1215 3868 domus
1249 3801 1372 3880 luctus,
1404 3799 1443 3868 ad

485 3925 578 3992 quam
603 3905 681 3974 utile
701 3911 750 3972 est
772 3907 835 3984 ire,
862 3907 1034 3974 secundum
1057 3907 1134 3972 illud
1170 3907 1370 3972 Ecclesiastao
1394 3923 1442 3972 se-

485 4015 625 4100 ptim0⁵:
655 4015 797 4082 «llelius
818 4021 867 4080 est
893 3995 941 4080 ire
976 4013 1013 4078 ad
1049 4015 1176 4080 domum
1210 4015 1314 4082 luctus
1346 4031 1440 4098 qnam

484 4121 521 4188 ad
554 4123 680 4188 domum
711 4119 847 4188 convivii
863 4143 894 4200 »3
926 4121 1000 4204 quia
1031 4121 1095 4186 «in
1124 4119 1178 4186 illa
1206 4119 1278 4188 linis
1311 4127 1440 4186 cuncto-

485 4245 582 4294 rum»
613 4231 672 4294 etc.
695 4265 740 4276 -
761 4225 800 4292 Et
821 4225 897 4312 quia
920 4243 983 4292 θοθ
1005 4225 1154 4294 omnibus
1175 4225 1344 4312 aperienda
1366 4233 1441 4294 sunt

485 4337 678 4400 sacramenta
692 4333 746 4400 Dei
756 4357 765 4412 ;
792 4331 913 4400 loannis
927 4329 1047 4398 decimo
1062 4331 1186 4416 quinto:
1219 4357 1233 4390 u
1250 4333 1366 4400 Servus
1386 4351 1440 4398 ne-

484 4439 555 4518 scit,
570 4437 648 4524 quid
664 4439 754 4506 faciat
778 4437 924 4534 dontinus
946 4435 1016 4504 eius
1034 4461 1062 4516 ];
1088 4437 1157 4504 ideo
1179 4437 1341 4506 subditur:
1365 4437 1441 4504 Noa

480 4545 631 4632 pern-tra
656 4545 786 4612 intrare
806 4563 918 4612 secam
934 4561 1155 4632 quanquam,
1171 4543 1345 4612 seeundum
1361 4543 1439 4612 illud

425 4715 427 4720 .
482 4651 685 4718 Ecclesiastici
702 4657 794 4718 sexto
805 4651 838 4716 ¹:
859 4675 873 4708 ι
891 4651 978 4716 llulti
995 4649 1115 4736 pacifici
1131 4651 1193 4718 sint
1210 4651 1281 4730 tibi,
1297 4651 1439 4718 consilia-

484 4755 550 4824 rius
573 4757 615 4824 sit
637 4755 690 4824 tibi
717 4773 800 4824 unus
815 4755 854 4826 de
875 4757 961 4822 mille
976 4783 1006 4822 r.
1031 4755 1174 4840 -Quia
1200 4773 1275 4822 uero
1294 4755 1439 4842 discipuli

482 4867 572 4930 erant
589 4861 657 4930 eius
671 4861 782 4942 amici,
797 4863 973 4930 secundum
988 4861 1074 4948 quod
1090 4861 1164 4928 dicit
1179 4861 1302 4928 loannis
1318 4861 1439 4930 decimo

482 4969 609 5054 quinto:
639 4969 732 5036 «Vos
763 4975 868 5036 autem
897 4967 963 5034 dini
998 4967 1115 5034 amicos
1132 4995 1148 5028 »
1174 4973 1244 5046 etc.;
1283 4969 1351 5036 idco
1376 4987 1438 5036 non

482 5091 591 5142 omnes
609 5073 768 5154 excludit,
791 5075 847 5140 sed
868 5073 993 5158 excipit
1019 5073 1057 5140 ab
1088 5073 1243 5152 exclude,
1269 5091 1341 5140 cum
1364 5073 1439 5140 sub-

481 5179 543 5248 dit:
567 5179 645 5248 Nisi
665 5181 822 5262 Petram,
839 5179 999 5248 locabant
1013 5179 1024 5218 ¹
1040 5187 1070 5244 et
1084 5179 1261 5256 loannem,
1277 5179 1332 5262 qui
1348 5185 1439 5244 erant

481 5285 624 5370 discipuli
659 5285 864 5370 principalem
898 5289 927 5350 et
962 5283 1034 5350 inde
1065 5281 1115 5350 isti
1147 5283 1276 5348 assumti
1308 5289 1383 5350 sunt
1404 5281 1438 5348 in

551 5569 561 5602 ¹
584 5573 695 5636 Vulgata
714 5575 738 5622 et
769 5571 825 5622 Vnt.
852 5569 975 5622 omittunt
1001 5567 1068 5636 Sea,
1089 5569 1161 5638 quod
1192 5577 1277 5622 tamen
1302 5571 1438 5624 exhibetur

479 5663 558 5716 etiam
579 5675 592 5714 a
612 5661 639 5712 S.
658 5661 761 5712 Thanna
780 5657 845 5726 (Cat.
874 5673 954 5710 norea
972 5659 999 5710 in
1017 5661 1079 5710 Luc.
1107 5673 1131 5712 c.
1150 5659 1173 5710 8.
1195 5673 1218 5712 θ.
1238 5659 1274 5728 8.)
1295 5665 1353 5714 eta
1377 5663 1439 5714 Gor·

479 5763 552 5802 rano.
573 5777 607 5788 -
628 5749 750 5816 Sequitur
770 5749 835 5800 ioan.
860 5749 903 5812 11,
929 5747 969 5800 10.
991 5747 1074 5800 Codd.
1092 5747 1140 5800 AC
1153 5747 1188 5800 D:
1207 5745 1239 5802 Si
1257 5747 1437 5816 credideritis,

480 5835 598 5892 uidebitis
618 5837 735 5908 qlorn'ant
755 5835 811 5890 lici.
1136 5877 1138 5888 .

551 5923 656 5980 ²Vers.
677 5927 717 5978 tn.
737 5923 908 5978 —Subinde
935 5925 1060 5990 allegatur
1086 5925 1174 5978 llatth.
1194 5925 1226 5986 9,
1247 5925 1287 5976 28.
1308 5939 1373 5992 seq,
1391 5923 1437 5976 urbi

481 6019 540 6080 post
559 6013 633 6070 bobis
650 6013 764 6068 acum
788 6020 999 6082 prosequuntur:
1017 6015 1054 6066 nt
1079 6011 1124 6066 tlte·
1148 6011 1292 6068 dimatant:
1320 6013 1375 6070 St'c.
1403 6013 1440 6068 nt

482 6103 525 6158 illc
544 6101 615 6156 dicit
632 6103 666 6172 [11
687 6101 721 6154 Et
738 6101 775 6156 ait
794 6099 879 6170 illa}-
899 6101 1058 6156 Secundam
1074 6099 1154 6172 simtu
1175 6107 1223 6154 etc.

553 6187 564 6220 ¹
582 6191 656 6244 Vere.
681 6191 720 6242 13.
740 6219 774 6232 -
793 6191 883 6244 Glossa
902 6187 1046 6244 uraiinatia
1060 6191 1101 6256 (ex
1114 6189 1265 6254 Ambrosio,
1278 6191 1320 6244 Vl.
1333 6189 1360 6244 in
1373 6193 1436 6244 Luc.

481 6295 508 6332 n.
527 6279 581 6346 611.)
600 6279 628 6330 in
645 6279 708 6330 Luc.
727 6279 759 6344 8,
778 6277 825 6330 lt:
845 6277 1021 6332 suscitaturus
1041 6285 1188 6344 mortuam,
1205 6277 1282 6330 rediit
1301 6277 1333 6330 ad
1358 6277 1437 6332 tidem

439 6381 440 6384 ’
482 6369 641 6430 taciendam,
660 6367 735 6432 prius
753 6373 825 6418 currat
843 6367 1073 6444 haemorrhoidum
1093 6373 1141 6418 eto.

552 6453 627 6508 ‘Cla
644 6469 724 6520 snpra
745 6469 808 6520 pag.
827 6455 886 6520 bl3,
905 6459 966 6508 nota
988 6457 1011 6510 5.
1446 6525 1448 6532 Ι

553 6541 656 6598 ¹Vers.
678 6547 702 6598 3.
722 6571 758 6584 ·-
776 6545 899 6610 Sequitur
920 6545 988 6596 loao.
1007 6545 1056 6608 15,
1076 6545 1084 6594 l
1094 6545 1119 6598 5.
1136 6569 1173 6582 -
1190 6543 1317 6610 Superius
1334 6559 1383 6610 pro
1403 6545 1439 6600 ad

482 6631 679 6712 testificandum
696 6633 750 6684 hl)
767 6629 925 6698 testimonii,
944 6631 999 6684 GH
1017 6631 1048 6700 (C
1066 6645 1080 6682 a
1100 6631 1216 6684 secunda
1235 6635 1324 6700 niano)
1348 6631 1437 6704 testifi-

482 6721 549 6788 cari,
567 6727 592 6774 ct
611 6737 659 6788 pro
678 6719 846 6776 miraculosa
864 6721 915 6778 CI)
933 6721 1061 6778 mirabili.

553 6807 706 6876 ὓ11θιο.6,
727 6815 786 6874 post
803 6825 882 6878 quern
904 6811 972 6864 loen.
996 6811 1039 6874 15,
1059 6811 1101 6864 15.

553 6895 562 6928 ¹
581 6901 666 6952 Etiam
684 6901 754 6952 Beda
773 6901 868 6952 omittit
885 6903 925 6966 et,
951 6901 1026 6968 qnod
1055 6901 1180 6966 Vulgata,
1197 6915 1279 6968 (quarn
1300 6901 1358 6954 Vat.
1376 6913 1437 6954 oum

483 6987 504 7038 H
522 6987 652 7054 seqnitur,
672 6981 825 7052 praemittit:
846 6991 871 7042 el
886 6989 1024 7044 Iacobum.
1037 7017 1071 7028 -
1084 6987 1200 7044 Subinde
1214 6991 1358 7056 allegantur
1375 6991 1437 7044 Luc.

1080 669 1273 736 conluunt.
1300 671 1335 736 lN
1361 667 1597 738 nleGttmm
1619 671 1744 752 tueha
1761 671 1794 736 C.
1817 671 1891 736 Vlll.

1510 845 1800 930 transfiguratione3
1829 847 1911 910 inira
1936 865 2020 912 nono
2050 853 2082 912 et
2112 845 2257 912 Matthaei
2282 845 2403 912 decimo
2423 861 2469 910 se

1509 949 1626 1034 ptimo:
1657 975 1672 1010 «
1687 951 1842 1018 assumsit
1863 951 1949 1018 lesus
1973 953 2100 1018 Petrum
2114 959 2148 1018 et
2164 951 2309 1018 iacobum
2336 955 2364 1018 et
2381 951 2468 1016 loan-
2652 1035 2653 1038 Ἴ

1509 1069 1599 1132 nem,
1619 1053 1751 1120 fratrem
1775 1055 1845 1124 eius
1859 1081 1875 1114 »
1905 1061 1962 1122 etc.
1987 1093 2032 1106 -
2052 1057 2091 1122 Et
2112 1057 2187 1140 qnia
2216 1057 2465 1122 «testimonium
2551 1047 2552 1050 ’

1509 1165 1632 1242 oportet
1656 1159 1773 1228 hahere
1789 1187 1803 1220 »
1833 1179 1894 1228 uon
1919 1165 2040 1228 tantum
2055 1179 2076 1228 a
2090 1159 2284 1240 domesticis,
2300 1159 2355 1228 sed
2371 1159 2463 1228 etiam

1515 1287 1532 1320 a
1546 1261 1587 1330 ab
1609 1261 1660 1330 his
1681 1265 1736 1348 qul
1760 1265 1838 1332 ioris
1859 1272 1934 1332 sunt
1951 1291 1981 1346 a,
2006 1263 2178 1332 secundum
2198 1265 2275 1331 illud
2290 1265 2411 1348 primae
2426 1265 2466 1330 ad

1510 1369 1709 1436 Timotheum
1733 1371 1844 1452 tertio;
1868 1371 1938 1438 ideo
1961 1371 2121 1456 discipulis
2144 1371 2285 1456 adiungit
2299 1369 2379 1438 duas
2395 1387 2466 1456 per-

1511 1493 1618 1554 sonas,
1645 1495 1717 1542 cum
1739 1475 1830 1544 dicit:
1854 1481 1898 1546 Et
1913 1485 2045 1564 patrem
2070 1485 2098 1546 et
2120 1483 2262 1544 matrem
2273 1475 2412 1562 puellae,
2431 1485 2466 1540 ut

1511 1579 1581 1648 sic8
1608 1607 1625 1640 <t
1641 1581 1672 1648 in
1696 1599 1751 1648 ore
1775 1583 1911 1650 duorum
1925 1591 1958 1652 et
1980 1585 2079 1652 trium
2096 1583 2223 1652 testium
2250 1587 2341 1650 stet»
2363 1583 2463 1648 lixum

1510 1687 1652 1756 ueritatis
1675 1689 1898 1756 testimonium.
1914 1729 1960 1742 --
1974 1691 2061 1758 Unde
2077 1691 2222 1778 apparet,
2248 1691 2333 1776 quod
2349 1707 2465 1756 sectan-

1511 1793 1762 1862 demitterent
1790 1805 1839 1864 est
1869 1797 2022 1864 idoneitas
2042 1797 2211 1864 testimonii
2243 1801 2397 1882 quantum
2428 1795 2466 1862 ad

1506 1919 1669 1984 personas
1693 1909 1722 1968 et
1746 1908 1901 1988 quantum
1923 1903 1963 1968 ad
1988 1921 2187 1982 numerant,
2210 1903 2283 1988 quia
2310 1901 2388 1968 nihil
2410 1903 2465 1966 ha-

1494 2007 1562 2104 bet
1585 2007 1798 2092 superfluum,
1823 2007 1901 2074 uihil
1924 2007 2019 2074 habet
2039 2007 2242 2074 diminutum.

1598 2113 1651 2178 91.
1684 2107 1860 2182 Secundum
1891 2113 2100 2198 spiritualem
2132 2113 2367 2198 intelligentiam
2406 2113 2465 2178 hoc
2486 2119 2604 2218 Jiiiilil‘}

1510 2237 1571 2284 θοθ
1595 2225 1683 2286 vacat
1706 2219 1897 2302 emysteria.
1923 2221 2000 2288 Nam
2031 2221 2173 2296 Petrus,
2198 2219 2253 2302 qui
2276 2217 2464 2302 interpreta-
2481 2185 2631 2324 ⁰¹32{{Vi,¹'

1509 2329 1563 2390 tur
1585 2341 1773 2410 agnoscens,
1797 2325 1939 2412 designat
1959 2323 2078 2410 adona·
2102 2323 2262 2404 Iacobus,
2287 2323 2340 2410 qul
2368 2325 2464 2392 lucta·
2507 2291 2519 2334 p
2598 2309 2627 2350 '¹

1509 2433 1575 2510 tor,
1605 2429 1749 2516 designat
1769 2449 1876 2516 spelm
1900 2431 2059 2512 loannes,
2081 2431 2115 2498 in
2138 2449 2201 2516 quo
2225 2431 2342 2518 gratia,
2376 2431 2464 2498 catn-

1509 2543 1605 2602 turen
1620 2535 1641 2600 ¹.
1660 2535 1696 2602 Et
1717 2537 1776 2602 hae
1793 2544 1858 2604 tres
1883 2521 2018 2604 uirtutes
2036 2545 2111 2606 sunt
2133 2535 2263 2602 Domino
2288 2535 2464 2602 familiaris-

1509 2641 1603 2708 simae
1635 2647 1665 2708 et
1697 2649 1892 2710 concurrunt
1914 2643 1953 2710 ad
1982 2643 2214 2710 suscitationem
2237 2643 2422 2728 peccatoris
2445 2661 2464 2708 a

1508 2753 1627 2826 morte,
1643 2765 1723 2832 quae
1748 2747 1930 2830 designatur
1951 2747 1984 2812 in
2007 2747 2206 2812 suscitatione
2231 2749 2363 2830 puellae.
2387 2749 2462 2814 Nam

1506 2851 1587 2938 fides
1611 2851 1788 2930 concurrit;
1806 2851 1926 2918 loannis
1946 2851 2112 2918 undecimo
2124 2851 2169 2916 1⁰:
2196 2853 2289 2936 «Qui
2312 2851 2412 2920 credit
2432 2851 2463 2918 iu

1498 2973 1576 3038 ¹ute,
1599 2957 1693 3022 etiam
1715 2957 1743 3022 si
1764 2963 1911 3022 mortuus
1925 2955 2046 3034 ¹suerit,
2062 2955 2145 3022 uiuet
2162 2983 2191 3022 r.
2210 2957 2358 3024 Similiter
2372 2977 2464 3042 spem

1508 3061 1665 3128 psalmus:
1693 3061 1818 3140 «Ecce,
1835 3061 1919 3128 oculi
1935 3061 2056 3128 Domini
2080 3079 2178 3146 super
2201 3061 2347 3130 timentes
2373 3079 2463 3140 eum,

1507 3171 1539 3232 et
1555 3167 1584 3232 in
1602 3167 1646 3232 eis
1664 3165 1718 3252 qui
1736 3173 1863 3250 sperant
1877 3183 1974 3252 super
1991 3167 2203 3234 misericordia
2220 3169 2307 3248 eius,
2320 3175 2358 3234 ut.
2372 3175 2464 3234 eruat

1507 3291 1524 3338 a
1548 3279 1647 3338 morte
1661 3299 1690 3338 r.
1715 3271 1864 3338 Similiter
1880 3271 2029 3350 carlina·
2052 3271 2172 3358 primae
2195 3273 2316 3340 loannis
2333 3281 2462 3360 quarto:

1511 3403 1529 3436 ι
1546 3379 1577 3444 ln
1602 3379 1661 3446 hoc
1691 3379 1837 3464 apparuit
1868 3379 1983 3446 caritas
2010 3379 2091 3460 Dei,
2125 3379 2199 3466 qnia
2232 3381 2315 3448 misit
2351 3381 2461 3448 Filium

1506 3503 1602 3552 sunm
1625 3485 1839 3570 unigenitum,
1865 3493 1900 3550 ut
1923 3485 2064 3552 uiuamus
2086 3505 2142 3574 per
2166 3489 2613 3604 illffl³›.-·Psll⁶l1¹‚¹g⁶„{¹,¹,¹?g¹q¹¹,¹

1505 3599 1612 3658 autem
1634 3597 1667 3658 et
1681 3599 1790 3658 nicar
1811 3595 1885 3658 sunt
1910 3591 1995 3676 Legis
2019 3593 2176 3660 doctores:
2196 3601 2312 3680 pater,
2339 3595 2394 3680 qui
2419 3593 2464 3660 in·
2609 3577 2613 3590 ’

1506 3697 1603 3764 struit
1624 3697 1656 3762 in
1679 3695 1758 3782 side,
1785 3697 1956 3764 secundnm
1981 3697 2056 3764 illud
2081 3697 2201 3784 primae
2224 3697 2262 3766 ad
2286 3701 2463 3768 Corinthios

1505 3805 1677 3890 quart011:
1707 3803 1913 3870 «thearisto
1935 3805 2004 3872 lesu
2021 3823 2077 3888 per
2102 3805 2302 3892 Evangelium
2333 3825 2391 3892 ego
2407 3825 2463 3874 uos

1505 3907 1639 3994 genui»;
1654 3917 1770 3988 mater,
1788 3925 1868 3994 quae
1883 3907 1968 3976 fouet
1979 3909 2010 3974 in
2023 3909 2182 3990 northus,
2196 3911 2368 3978 secuudum
2385 3913 2462 3980 illudw

1505 4015 1545 4082 ad
1565 4013 1687 4082 Galatas
1713 4019 1840 4100 quarto:
1868 4039 1885 4072 «
1908 4039 1923 4072 «
1937 4015 2034 4080 lilioli
2057 4015 2137 4096 mei,
2155 4035 2233 4102 quos
2258 4017 2373 4084 iterum
2390 4037 2463 4104 par-

1505 4121 1605 4200 turio,
1626 4121 1725 4188 donec
1747 4119 1903 4188 formetur
1917 4119 1950 4186 in
1973 4121 2061 4188 uobis
2085 4121 2275 4188 Christus».
2298 4123 2337 4190 Et
2357 4123 2398 4192 de
2411 4123 2463 4192 his

1505 4225 1746 4294 proverbiorum
1771 4231 1875 4294 sexto:
1906 4225 2106 4306 «Cauarae,
2132 4227 2195 4308 tili,
2218 4237 2385 4314 praecepta
2407 4249 2462 4314 pa-

1503 4333 1562 4400 tris
1586 4333 1649 4414 tui,
1671 4339 1704 4400 et
1726 4351 1767 4400 ue
1788 4331 1925 4398 dimittas
1950 4333 2055 4418 legem
2064 4333 2174 4400 matris
2192 4339 2306 4402 tuae».
2325 4371 2366 4384 -·
2384 4337 2461 4402 llaec

1504 4443 1609 4506 autem
1626 4445 1702 4506 sunt
1718 4435 1789 4504 cum
1805 4437 1929 4504 Christo
1946 4437 2116 4506 suscitante
2132 4443 2339 4522 peccatorem.

1594 4545 1646 4612 92.
1670 4543 1772 4624 (Vers.
1796 4543 1873 4630 bh).
1899 4543 2039 4612 Secundo
2072 4551 2223 4630 quantum
2250 4545 2288 4612 ad
2312 4565 2461 4632 personas
2479 4551 2624 4596 1111111110·

1501 4651 1629 4720 idoneas
1646 4651 1845 4720 testificantes
1859 4651 1899 4718 cle
1921 4659 2025 4718 ruente
2039 4651 2196 4720 natarali
2209 4653 2374 4720 subditur:
2391 4655 2461 4720 Fle-

1503 4759 1584 4824 bant
1612 4763 1722 4824 atatem
1754 4777 1864 4824 munes
1888 4765 1914 4824 ct
1943 4757 2148 4844 plangebant
2167 4759 2279 4838 illurn,
2309 4767 2458 4846 tanquam

1503 4873 1677 4942 mortuam,
1703 4863 1875 4930 secundum
1892 4863 2056 4930 consilinm
2074 4865 2276 4934 Ecclesiastici
2300 4865 2458 4952 trigesimo

1502 4975 1611 5038 octauo
1625 4969 1668 5032 12:
1708 4969 1812 5048 «Fili,
1843 4969 1877 5034 in
1899 4975 2062 5036 mortuum
2091 4969 2213 5054 produc
2245 4971 2398 5056 lacrymas
2430 4980 2459 5040 et

1502 5075 1590 5159 quasi
1607 5075 1677 5140 dira
1700 5091 1812 5158 passus
1826 5073 1927 5158 incipe
1943 5074 2109 5158 plorare».
2135 5075 2271 5142 Flebant
2293 5079 2397 5146 autem
2417 5079 2459 5146 la·

1502 5179 1617 5262 crymls
1634 5185 1664 5246 et
1676 5179 1881 5264 plangebant
1894 5179 2022 5246 vocibus
2037 5181 2279 5260 lamentatorliS,
2297 5183 2378 5252 sicut
2393 5191 2460 5252 erat

1502 5281 1736 5350 consuetudinis
1752 5273 1954 5364 ludaeorum;
1975 5283 2122 5354 leremiae
2144 5305 2226 5354 nouo
2242 5287 2288 5354 1³:
2318 5315 2334 5348 «
2345 5289 2459 5358 Vocate

1502 5575 1529 5638 b,
1550 5573 1596 5636 28,
1617 5573 1703 5626 llatth.
1724 5573 1771 5634 17,
1791 5573 1815 5626 1.
1833 5578 1860 5625 et
1878 5573 1894 5624 l.
1914 5573 1982 5626 Tim.
2003 5573 2031 5636 3,
2046 5571 2070 5624 7.
2084 5573 2136 5626 Ch.
2148 5573 2291 5638 chrysost,
2306 5575 2400 5626 llomil.
2415 5577 2457 5630 31.

1502 5661 1575 5730 (alias
1594 5663 1647 5728 32.)
1669 5663 1694 5714 in
1712 5663 1800 5714 lllalth.
1819 5677 1845 5712 n.
1868 5663 1889 5712 1.
1909 5677 1965 5728 seq.
1985 5667 2008 5714 et
2027 5661 2175 5728 Theopbyl.
2193 5663 2220 5712 in
2240 5663 2317 5716 blara
2336 5663 2361 5728 5,
2379 5663 2424 5716 37.

1571 5747 1581 5778 ¹
1599 5753 1633 5804 Ut
1650 5749 1797 5804 insinuatur
1816 5749 1901 5802 hlalth.
1924 5751 1970 5812 l8‚
1991 5749 2033 5800 16.
2053 5755 2077 5802 et
2099 5751 2125 5802 11.
2139 5749 2196 5804 Cor.
2219 5753 2265 5816 13,
2292 5753 2319 5814 l,
2341 5759 2456 5806 sumtum

1501 5853 1530 5892 ex
1551 5841 1625 5892 Dent.
1643 5839 1692 5902 tn,
1710 5841 1720 5890 l
1728 5841 1753 5892 5.

1571 5923 1581 5956 ¹
1603 5929 1637 5980 ne
1657 5927 1869 5992 interpretatione
1886 5929 1981 5980 bonum
2000 5929 2136 5980 nominum
2156 5931 2199 5982 clr.
2222 5943 2301 5992 sopra
2321 5943 2382 5994 pag.
2401 5931 2457 5994 113,

1501 6021 1561 6070 nota
1580 6017 1608 6069 d.
1625 6017 1649 6068 7.
1671 6021 1695 6070 et
1714 6017 1740 6068 3.
1760 6015 1817 6082 (clr.
1836 6017 1914 6068 etiam
1934 6031 1994 6082 pag.
2013 6017 2062 6080 35,
2081 6021 2142 6070 nota
2164 6015 2197 6082 e.)

1571 6101 1594 6134 ¹⁰
1614 6105 1690 6160 Vers.
1710 6107 1753 6158 25.
1766 6133 1803 6146 -—-
1816 6105 1872 6158 Dauo
1889 6119 1965 6172 seqq.
1985 6105 2033 6158 loci
2052 6111 2111 6158 strnl
2130 6107 2239 6170 Padi,
2262 6107 2304 6160 te.
2322 6121 2377 6174 seq.
2397 6109 2458 6160 etl.

1501 6195 1570 6246 loon.
1591 6193 1621 6258 4,
1640 6193 1666 6246 9.
2283 6219 2285 6224 ·

1572 6279 1594 6310 ¹¹
1617 6283 1690 6336 Vers.
1718 6285 1756 6336 15.
1775 6313 1812 6322 -
1831 6283 1982 6348 Sequuntur
2005 6283 2059 6334 Gal.
2087 6283 2116 6350 l,
2136 6285 2179 6336 te.
2204 6291 2230 6336 et
2253 6283 2330 6336 Prcv.
2359 6285 2388 6346 6,
2415 6283 2459 6336 30.

1502 6369 1591 6424 Glossa
1610 6369 1751 6424 ordinaria
1778 6371 1833 6440 (eir.
1862 6369 1947 6436 hilar,
1968 6373 1993 6424 in
2013 6373 2103 6424 llatth.
2126 6385 2150 6424 c.
2170 6373 2193 6422 11.
2216 6387 2238 6424 θ.
2259 6371 2284 6422 5.
2304 6377 2331 6422 et
2350 6373 2379 6434 8;
2400 6373 2458 6424 hur·

1501 6457 1581 6522 bros,
1603 6458 1642 6510 Vl.
1662 6459 1686 6510 in
1706 6461 1768 6512 Luc.
1794 6473 1815 6512 c.
1844 6459 1867 6510 3.
1889 6473 1917 6510 θ,
1945 6457 1997 6526 51.)
2018 6457 2045 6510 in
2063 6461 2124 6510 Luc.
2147 6461 2176 6520 8,
2195 6459 2243 6510 bt:
2263 6459 2338 6510 Pater
2357 6461 2459 6524 patellae

1501 6553 1593 6598 coetus
1610 6547 1748 6600 doctorum
1767 6547 1857 6614 begis,
1874 6547 1972 6598 scilicet
1988 6547 2091 6598 scribae
2108 6549 2134 6598 et
2154 6547 2295 6610 Pharisaei,
2309 6547 2388 6612 quisi
2404 6561 2459 6600 cre·
2525 6611 2526 6616 ἵ

1501 6637 1564 6688 θοθο
1582 6637 1726 6702 voluerint,
1743 6637 1822 6688 etiam
1842 6633 1959 6688 subiecta
1977 6647 2112 6700 synagoga
2132 6633 2204 6686 salva
2223 6633 2279 6688 erit.

1572 6721 1596 6754 ¹¹
1616 6727 1688 6778 Vers.
1709 6725 1751 6777 lb.
1764 6753 1800 6766 -·-
1811 6727 1938 6790 Superius
1953 6737 2001 6788 pro
2014 6721 2184 6790 testificantes
2203 6721 2253 6778 CG
2268 6723 2458 6796 blaniacum,-

1501 6815 1548 6868 clr.
1566 6827 1647 6880 snpra
1667 6820 1726 6867 nota
1745 6813 1772 6866 5.

1572 6899 1596 6932 ¹⁸
1613 6901 1687 6956 Vers.
1709 6901 1749 6952 17.
1770 6915 1835 6968 seq,
1853 6897 1900 6952 ubi
1917 6913 1965 6964 pru
1982 6911 2064 6968 snper
2080 6911 2123 6952 oos
2139 6901 2248 6968 Vulgata
2268 6909 2293 6956 et
2304 6905 2361 6958 Vat.
2375 6919 2458 6972 snper·

1500 7005 1559 7054 nos,
1578 6996 1605 7043 et
1621 7003 1671 7054 pro
1690 6987 1840 7042 lamentant
1857 6985 1939 7040 aba
1959 6985 2184 7042 lamentationem.
