5900 8266
1077 453 1270 556 6666666.
1296 487 1332 556 6
1357 485 1595 556 aranearum
1619 485 1737 554 tuctu
1758 487 1792 554 6.
1815 491 1917 558 urin

507 661 715 728 sacerdotum
734 663 915 732 attardus:
941 661 1033 730 hidrei
1056 665 1186 730 inuenio
1208 683 1332 730 666666
1350 663 1385 730 16
1401 661 1461 730 boc

507 765 644 834 bomine.
671 769 747 836 Nam
776 769 816 838 de
842 769 968 838 duobus
998 769 1110 854 primis
1136 787 1264 836 causam
1289 769 1462 838 6661666-

461 967 462 970 *
505 873 625 956 niebat,
647 875 723 962 quia
747 895 810 944 non
831 877 1005 962 quaerebat
1025 893 1083 944 nec
1109 875 1323 962 quaerendum
1345 877 1462 944 iudica-

506 985 612 1060 rerat3
635 979 675 1048 de
698 981 810 1050 ultirno
842 999 921 1048 vero
947 981 1125 1048 inveniebat
1157 979 1242 1066 quod
1265 979 1411 1048 Christus
1433 981 1461 1048 ei

505 1085 645 1166 dixerat,
672 1087 753 1154 sicut
773 1085 889 1152 dicitur
915 1085 1035 1154 ioannis
1058 1085 1179 1152 decimo
1200 1087 1355 1154 octavo¹z
1376 1087 1463 1154 «116-

506 1207 603 1276 gnum
626 1207 733 1258 naeum
755 1207 817 1256 non
841 1197 888 1258 661
911 1191 948 1256 66
973 1191 1033 1258 166
1055 1191 1175 1258 mundo
1189 1217 1222 1270 »;
1246 1197 1276 1258 61
1301 1189 1369 1258 1166
1384 1193 1464 1258 11116-

506 1303 559 1366 166
579 1295 699 1364 nuliam
723 1295 849 1380 culpam
881 1295 1061 1362 inveniebat
1084 1297 1116 1362 in
1139 1313 1177 1364 eo
1199 1297 1325 1382 dignam
1349 1303 1461 1364 morte.

506 1401 567 1470 lieo
590 1399 723 1480 mirum,
748 1399 822 1484 quia
857 1399 924 1486 ipse
955 1399 995 1468 de
1029 1419 1062 1468 se
1097 1401 1172 1468 dicit
1194 1401 1317 1470 loannis
1342 1399 1462 1468 decimo

506 1507 666 1594 quartur:
695 1531 711 1564 6
730 1507 819 1582 lienit
851 1507 997 1592 princeps
1028 1509 1136 1576 muudi
1169 1509 1265 1576 huius
1301 1507 1386 1576 6116
1412 1527 1463 1576 66

505 1631 568 1678 666
592 1611 702 1678 habet·
723 1611 896 1698 quidquam
915 1641 943 1680 ».
969 1615 1055 1682 Unde
1088 1621 1212 1700 poterat
1244 1615 1350 1682 dicere
1384 1615 1463 1682 iliud

506 1717 559 1786 iob
579 1717 701 1786 decimo
727 1719 836 1786 tertio:
866 1745 881 1782 «
898 1721 985 1800 Scia,
1009 1723 1036 1788 si
1063 1713 1225 1790 ‘iudicatus
1247 1721 1353 1800 fuere,
1376 1721 1464 1806 quod

357 1825 610 1892 6666616666
631 1825 820 1910 inveniar».
847 1827 893 1892 En
918 1833 1151 1912 6666666661,
1176 1821 1260 1912 quod
1286 1825 1365 1894 sieut
1388 1825 1463 1894 boni

505 1931 618 2000 iudicis
639 1939 687 1998 est
710 1933 921 2000 condemnare
941 1939 1123 2018 peccantes,
1149 1933 1192 2000 sic
1218 1938 1265 2000 est
1282 1933 1350 2000 eius
1365 1949 1465 2000 excu-

505 2053 574 2104 sare
599 2043 629 2104 61
652 2037 818 2104 defendere
843 2037 1038 2118 1666666166,
1061 2037 1235 2106 secuudum
1259 2037 1338 2106 iliud
1361 2037 1462 2105 Exodi

504 2141 656 2228 vigesimo
680 2143 772 2208 tertio
786 2143 815 2206 ³:
847 2143 1035 2210 «insontem
1056 2149 1089 2210 61
1111 2143 1232 2212 iustum
1253 2163 1317 2212 non
1342 2143 1464 2212 interfa-

504 2247 584 2326 cies,
611 2249 684 2334 quia
706 2249 857 2316 adversor
879 2249 1058 2334 impium».

596 2355 747 2440 6111666.
774 2355 827 2440 6.).
854 2355 972 2440 Quarto
992 2361 1149 2444 ,quantun
1173 2355 1213 2422 ad
1235 2355 1463 2422 accusationis

341 2479 490 2542 66666666
505 2461 783 2548 regenerationem
805 2461 1036 2546 importunam
1058 2461 1181 2528 subdit:
1206 2463 1250 2528 At
1274 2461 1463 2528 111116661-

354 2537 483 2642 111ἱῖ1111ῗὲ.
503 2567 636 2636 6661661
659 2567 815 2634 dicentes:
855 2567 1038 2634 Commouet
1062 2567 1237 2654 papalum,
1262 2569 1384 2634 docens·
1403 2587 1464 2654 per

396 2741 398 2744 .
504 2673 699 2742 6616666666
732 2673 915 2754 iudaeam,
943 2675 1105 2762 incipiens
1128 2695 1152 2742 a
1182 2675 1336 2742 Galilaea
1359 2695 1464 2764 66666

505 2779 579 2848 latre.
605 2783 636 2850 in
672 2801 735 2866 quo
770 2787 940 2868 aggravant
974 2783 1223 2864 accusationem,
1247 2783 1323 2850 dum
1352 2783 1464 2850 volunt

471 2921 473 2926 .
504 2905 579 2956 eum
603 2893 712 2956 notare
735 2889 774 2956 de
796 2889 963 2968 seditione,
986 2889 1077 2974 quasi
1100 2895 1275 2956 commutor
1298 2889 1339 2956 sit
1361 2889 1461 2956 totius

350 2999 622 3074 insinuaturam
649 2995 702 3060 sed
735 2995 852 3062 iniuste
887 3013 960 3060 eum
991 3001 1141 3062 accusant
1170 2995 1211 3062 de
1232 2995 1462 3074 commotione,

504 3097 579 3184 quia
602 3117 664 3166 non
686 3099 903 3166 commovebat
925 3101 1079 3184 populum
1096 3103 1143 3178 ad
1156 3101 1363 3180 seditionem,
1382 3101 1464 3168 siout

505 3205 665 3286 hbsaiom,
701 3207 738 3272 de
775 3225 838 3292 quo
871 3205 987 3272 dicitur
1023 3207 1151 3274 secundi
1186 3209 1305 3292 Regum
1340 3207 1464 3274 decimo

504 3309 661 3396 quintos:
682 3311 990 3384 Χ606161666616661
1016 3311 1169 3392 victimae,
1194 3313 1276 3378 facta
1291 3319 1339 3378 661
1354 3313 1464 3380 66616-

504 3415 586 3482 ratio
607 3415 726 3496 salida,
749 3413 952 3500 populusque
974 3431 1165 3500 concurrens
1189 3415 1365 3502 augebatur
1390 3435 1462 3484 curn

504 3519 694 3586 absalom».
720 3519 786 3586 Ν66
821 3517 1035 3586 commovebat
1068 3519 1112 3586 ad
1145 3521 1462 3604 transgressionem,

506 3625 588 3694 siout
608 3625 702 3692 faciet
723 3623 947 3702 antichristus;
971 3625 1168 3708 apocalypsis
1192 3625 1462 3698 6661661661161ε

442 3799 443 3802 ,
511 3757 528 3790 <c
542 3731 699 3798 16616616
722 3737 770 3796 661
791 3729 940 3796 universa
963 3735 1048 3796 terra
1073 3737 1143 3814 6661
1163 3729 1305 3796 bestiam.
1332 3729 1463 3796 61666-

506 3843 658 3906 raverunt
672 3837 858 3916 draconem,
876 3837 929 3922 qui
948 3835 1032 3904 dedit
1046 3841 1230 3922 potestatem
1248 3837 1464 3904 6661166».-

368 3963 403 4060 gg
416 3961 471 4024 666
506 3943 564 4012 Sed
589 3943 758 4012 commorit
785 3945 831 4010 ad
860 3943 1161 4028 compunctionem,
1187 3943 1360 4010 secundum
1385 3943 1463 4010 illud

346 4021 492 4114 candidio.
506 4051 615 4118 Psalmi
631 4051 662 4116 ⁶:
693 4075 709 4108 «
723 4047 923 4114 Commoristi
959 4057 1077 4114 terram
1100 4055 1134 4114 et
1155 4047 1350 4114 conturbasti
1375 4065 1461 4128 eam;

507 4175 582 4224 sana
604 4155 806 4222 contritiones
837 4153 937 4228 eius»
965 4153 1222 4222 6166666661
1249 4153 1287 4220 ad
1318 4153 1461 4222 ensuite-

507 4265 645 4356 tionem,
678 4263 762 4330 sieut
794 4261 909 4330 dicitur
946 4261 1090 4330 liatthaei
1127 4261 1275 4348 vigesimo
1310 4261 1412 4346 primo
1430 4261 1460 4326 ⁷:

512 4395 528 4426 «
542 4369 621 4434 Cum
645 4369 792 4434 intrasset
816 4367 900 4434 lesus
923 4367 1107 4446 ierusalem,
1132 4371 1285 4434 commota
1313 4371 1360 4432 est
1391 4367 1461 4432 661-

491 4489 597 4542 66666
620 4473 727 4542 civitas
745 4495 781 4552 »;
806 4473 915 4566 hggaei
942 4471 1092 4540 secundo:
1124 4499 1139 4532 «
1154 4471 1327 4552 Modicum,
1349 4477 1383 4538 61
1403 4489 1461 4558 ego

507 4579 709 4648 commovebo
731 4581 852 4646 eaelum
878 4585 908 4646 61
932 4585 1097 4646 terram».
1123 4579 1158 4646 Et
1174 4579 1255 4644 ratio
1277 4579 1376 4644 huius
1398 4585 1460 4658 est,

506 4685 581 4770 quia
602 4683 731 4752 docebat
757 4701 818 4750 non
841 4683 1035 4764 seductoria,
1062 4685 1116 4750 sed
1132 4683 1298 4762 salutaria·;
1323 4681 1406 4750 unde
1431 4689 1461 4750 et

506 4793 616 4858 Petrus
640 4789 762 4858 dicebat
784 4789 905 4858 loannis
929 4789 1061 4858 sertui:
1090 4787 1270 4868 61166166,
1303 4787 1341 4854 ad
1366 4805 1459 4872 quem

506 4897 646 4963 ibimus?
668 4897 772 4964 Verba
794 4897 878 4964 vitae
899 4903 1046 4962 aeternae
1070 4895 1166 4962 habes
1183 4921 1212 4958 6.
1238 4893 1299 4960 Hac
1319 4891 1461 4960 doctrina

497 5003 649 5072 ¹Christus
683 5005 846 5084 docuerat,
884 5003 964 5072 sicut
998 5001 1275 5076 dicebarioannis
1310 4999 1458 5086 septimo:

508 5103 526 5168 's
542 5111 572 5178 Si
596 5111 667 5196 6616
692 5111 883 5178 uoluntatem
906 5109 969 5176 Dei
986 5109 1123 5206 voluerit
1145 5107 1263 5188 facere,
1295 5111 1459 5194 cognoscet

575 5551 584 5584 ¹
604 5555 679 5606 Vere.
699 5557 742 5608 36.
760 5551 811 5608 Cir.
829 5569 909 5622 supra
929 5571 953 5608 n.
974 5557 998 5608 3.
1019 5557 1045 5608 1.

575 5639 584 5670 2
604 5643 680 5694 vers.
699 5643 741 5694 ao.
760 5629 1001 5712 Π4666666166
1020 5645 1067 5708 13,
1088 5647 1129 5698 ts.
1215 5701 1216 5704 ,

575 5727 585 5758 1
604 5731 681 5782 Vers.
698 5731 724 5782 7.
743 5731 792 5782 Pro
811 5731 941 5786 odonem·
959 5731 1071 5794 Vulgata
1089 5747 1209 5788 aversor.

574 5815 743 5870 41166611.
846 5879 847 5882 ¹

575 5903 585 5934 1
604 5905 680 5958 Vers.
699 5905 724 5956 3.
745 5907 768 5956 ei
788 5905 813 5956 1.

575 5993 699 6046 11166161.
718 5995 767 6054 aa,
789 5993 813 6044 1.
830 6021 868 6034 -
884 5993 975 6044 Glossa
1002 5993 1144 6048 ordinaria
1175 5993 1314 6066 (saltada)
1344 5995 1370 6046 in
1396 5995 1461 6046 Luc.

506 6085 553 6148 13,
572 6085 603 6136 5:
623 6085 680 6136 Non
696 6083 781 6146 iilum,
802 6081 847 6132 sed
867 6093 894 6130 se
914 6085 1046 6132 accusant.
1065 6083 1191 6134 [16661666
1209 6081 1278 6134 enim
1292 6081 1422 6146 populum
1434 6085 1461 6132 61

505 6171 644 6236 apristina
664 6167 776 6234 torporis
804 6167 908 6232 ignavia
936 6167 1056 6220 docende
1082 6167 1258 6220 commovisse
1286 6165 1381 6232 talique
1400 6169 1460 6218 actu

503 6273 517 6310 a
537 6259 647 6312 Galilaea
667 6257 797 6324 usquead
811 6257 944 6316 iudaeam,
965 6253 991 6306 id
1009 6259 1050 6306 est
1061 6259 1140 6308 totam
1154 6253 1335 6320 promissionis
1355 6258 1460 6316 terram,

503 6361 517 6400 a
537 6347 588 6398 fine
608 6359 691 6412 usque
709 6343 744 6396 ed
762 6343 842 6394 finem
861 6343 1046 6408 pertransisse,
1064 6355 1116 6394 nou
1133 6341 1257 6406 criminis,
1271 6341 1318 6394 sed
1332 6339 1459 6394 indicium

504 6439 543 6484 est
561 6433 672 6484 virtutis

575 6517 584 6548 1
605 6519 681 6570 Pers.
701 6519 748 6580 ta,
767 6517 810 6568 cui
829 6515 992 6568 subnectitur
1008 6515 1110 6580 aggaei
1128 6517 1160 6580 1,
1178 6515 1203 6566 7.

573 6603 584 6636 1
605 6607 681 6658 Pers.
698 6605 742 6656 61.
762 6603 831 6670 (ron
855 6601 939 6658 rnoo
956 6601 1040 6658 hiiD
1058 6603 1209 6668 praefigunt
1221 6601 1300 6666 Ecce)
1319 6607 1347 6656 61
1364 6601 1459 6656 deinde

485 6687 491 6754 J
503 6697 533 6762 7,
556 6695 594 6748 17.
614 6721 650 6734 -
669 6691 777 6746 interius
797 6691 922 6758 proflat
939 6689 1062 6746 doctrina
1082 6693 1104 6742 D
1121 6691 1198 6746 Hanc
1217 6689 1378 6746 doctrinam.

572 6781 584 6812 ⁹
605 6783 679 6836 11666.
696 6781 722 6834 7.
741 6785 765 6832 61
786 6781 811 6832 9.
1112 6785 1113 6788 ’

2419 501 2483 566 667

1525 667 1564 736 de
1586 665 1746 748 doctrina,
1770 671 1879 732 uirum
1904 685 1944 736 ex
1970 667 2035 736 Deo
2057 669 2098 748 sit
2119 697 2151 738 s.
2176 675 2214 742 Et
2236 675 2304 742 ideo
2327 693 2389 742 non
2415 681 2483 742 erat

1526 773 1737 856 accusandae,
1759 773 1813 842 sed
1836 775 2060 860 acceptandus,
2085 781 2116 844 et
2138 781 2310 846 maximoe
2334 775 2483 864 principi

1526 879 1587 948 bus
1610 881 1822 960 sacerdotum,
1848 877 2020 946 seeundum
2045 881 2121 948 iliud
2144 881 2183 948 ad
2207 883 2310 950 Titum
2336 885 2480 968 primo⁹:

1532 985 1713 1072 «Oportet,
1744 987 1925 1072 episcopum
1958 986 2196 1070 ampiectentem
2223 1003 2291 1054 6666
2321 1003 2396 1054 eum
2426 985 2482 1072 qui

1523 1093 1699 1160 secundum
1723 1093 1896 1160 doctrinam
1919 1097 1967 1158 est
1988 1091 2112 1168 fidelem
2135 1107 2330 1168 sermonem,
2355 1097 2391 1158 ut
2414 1097 2482 1174 pot-

1526 1213 1581 1264 ens
1606 1197 1644 1264 sit
1669 1197 1831 1266 exhortari
1856 1197 1887 1264 in
1912 1195 2052 1264 doctrina
2075 1211 2151 1262 sana
2166 1219 2196 1260 s.

1616 1305 1646 1368 7.
1672 1303 1901 1388 spiritualiter
1922 1303 1954 1370 in
1988 1303 2064 1384 hoe,
2091 1299 2174 1388 quod
2201 1299 2346 1366 Christus
2366 1301 2484 1386 incepit
2510 1317 2618 1414 666666

1526 1423 1545 1472 6
1574 1405 1723 1488 Galilaea,
1754 1425 1837 1492 quae
1866 1409 2096 1496 interpretatur
2119 1405 2374 1492 transmigratio
2389 1405 2426 1486 11,
2453 1415 2482 1474 61
2500 1381 2630 1426 spumam*

1526 1513 1710 1596 pertransiit
1725 1531 1783 1598 per
1797 1513 1941 1584 iudaeam
1970 1521 2000 1582 61
2028 1513 2112 1582 venit
2126 1531 2230 1600 usque
2245 1513 2278 1578 in
2298 1511 2481 1592 ierusalem,

1526 1617 1726 1704 intelligitur,
1749 1621 1836 1704 qnod
1851 1619 2046 1704 praedicator
2069 1639 2165 1688 verus
2183 1617 2277 1686 debet
2291 1619 2352 1686 hoc
2373 1617 2482 1686 ordine

1526 1723 1723 1808 praedicare,
1746 1731 1784 1788 ut
1808 1725 1968 1808 praedicet
1998 1725 2329 1812 transmigrationem
2350 1743 2368 1792 a
2400 1729 2481 1792 statu

1527 1829 1661 1914 6666611,
1683 1823 1920 1912 consessionem
1943 1831 2085 1898 veritatis
2103 1831 2174 1900 fadai
2200 1837 2229 1898 et
2252 1831 2481 1918 quietationem

1528 1935 1559 2000 in
1583 1935 1701 2002 risione
1725 1941 1869 2002 aeternae
1893 1935 1978 2020 pacis
1991 1937 2029 2014 11,
2044 1943 2082 2002 61
2097 1935 2142 2002 616
2162 1937 2327 2004 deseratur
2349 1939 2481 2018 maium,

1527 2041 1725 2108 discernatur
1754 2057 1867 2106 verum
1904 2045 1934 2106 61
1964 2039 2111 2126 diligatur
2144 2041 2271 2108 bonum.
2306 2043 2343 2110 Et
2369 2045 2403 2110 in
2433 2045 2482 2114 his

1527 2145 1683 2212 clauditur
1709 2143 1826 2230 triplex
1856 2143 1988 2224 honuni,
2019 2145 2135 2212 scilicet
2161 2145 2275 2224 66616,
2304 2149 2421 2234 pratia
2453 2157 2482 2218 et

1525 2251 1653 2340 616616,
1676 2251 1812 2330 bonitas,
1832 2249 2005 2318 6616611661
2021 2249 2198 2334 disciplina,
2221 2269 2301 2350 quae
2318 2255 2396 2336 66111
2410 2257 2483 2320 Pro-

1526 2355 1620 2440 pheta
1652 2355 1683 2422 in
1715 2355 1836 2422 Psalmo
1851 2353 1897 2422 ¹²:
1924 2379 1941 2414 «
1966 2353 2137 2422 honitatem
2168 2361 2201 2422 61
2222 2355 2415 2440 disciplinam
2452 2365 2481 2426 et

1527 2461 1686 2530 scientiam
1711 2461 1786 2528 doce
1808 2479 1858 2528 me
1876 2489 1905 2526 n.
2131 2471 2135 2480 '
2181 2531 2182 2534 ,

1614 2569 1647 2632 8.
1671 2567 1774 2650 (Vers
1799 2569 1853 2650 6.).
1879 2565 2013 2632 11116166
2035 2571 2145 2632 66166
2168 2565 2389 2634 6611666616.
2413 2569 2483 2636 Post
2511 2583 2625 2628 accusatio

2498 2647 2570 2680 coram
2577 2637 2643 2680 Hero·

1527 2671 1716 2760 descriptam
1738 2671 1969 2740 assumtionem
1992 2661 2097 2738 coram
2117 2671 2262 2758 praeside
2287 2673 2340 2740 hic
2367 2673 2482 2740 deseri·
2495 2689 2522 2734 ae
2535 2689 2640 2734 6666.

1527 2777 1573 2846 bit
1588 2777 1737 2844 ordinem
1762 2777 1986 2844 acremotionis
2003 2797 2117 2844 coram
2135 2779 2262 2844 Herode
2273 2779 2322 2856 11;
2337 2779 2377 2844 ad
2393 2779 2482 2848 cuius
2498 2747 2640 2838 meddin*

1527 2883 1704 2952 ordinatam
1721 2881 1962 2968 descriptionem
1978 2889 2115 2968 quatuor
2140 2881 2401 2964 introducuntur,
2425 2885 2484 2952 sci-

1526 2989 1599 3058 licet
1622 2989 1752 3058 6661616
1777 2989 1884 3058 Pilati
1903 2985 2193 3076 subterfugientis,
2216 2987 2397 3056 euriositas
2420 2991 2482 3058 fie-

1527 3097 1620 3166 rodis
1638 3097 1890 3184 interrogantis,
1914 3095 2111 3184 improbitas
2124 3095 2226 3184 plebis
2247 3097 2438 3164 accusantis
2453 3107 2483 3166 et

1527 3205 1694 3272 stoliditas
1712 3205 1879 3292 princepis
1901 3205 2139 3290 vilipendentes.

1617 3309 1719 3376 Primo
1735 3329 1811 3394 ergo
1827 3315 1980 3396 quantum
2001 3309 2038 3376 ad
2060 3309 2222 3376 66616166
2238 3307 2344 3376 Pilati
2358 3309 2484 3376 subter·
2504 3323 2589 3418 666166
2604 3323 2639 3366 61·
2660 3319 2664 3326 “

1526 3415 1689 3502 sapientis
1703 3413 1794 3482 dicit:
1821 3415 1954 3480 Pilatus
1968 3421 2091 3492 66166,
2109 3415 2252 3482 audiens
2277 3415 2482 3496 Galilaeam,
2550 3389 2586 3420 ³1.

1527 3517 1770 3604 interrogavit,
1801 3521 1834 3586 si
1863 3517 1958 3586 bomo
1995 3519 2164 3586 Galilaeae
2195 3527 2281 3586 esset.
2321 3519 2389 3586 ideo
2425 3521 2484 3588 boc

1527 3625 1668 3708 quaerit,
1694 3631 1730 3690 ui
1754 3625 1962 3708 subterfugiat
1990 3625 2130 3694 iudicare
2159 3643 2251 3706 eum,
2275 3625 2301 3692 si
2331 3625 2484 3694 iudicium

1526 3731 1595 3798 eius
1611 3721 1730 3816 spectat
1754 3731 1792 3796 ad
1809 3731 1914 3796 alium.
1940 3731 1976 3796 iit
1993 3731 2074 3798 ratio
2094 3731 2163 3798 eius
2180 3729 2322 3796 redditur
2338 3731 2484 3800 Matthaei

1526 3837 1678 3922 vigesimo
1694 3835 1827 3922 septimo
1839 3837 1884 3902 14:
1913 3863 1931 3896 e
1946 3835 2067 3904 Sciebat
2081 3837 2164 3902 enim
2182 3835 2312 3916 Pilatus,
2327 3837 2411 3922 quod
2427 3855 2484 3922 per

1526 3943 1674 4012 insidiam
1700 3943 1898 4010 tradidissent
1922 3961 1996 4012 eum
2012 3969 2041 4006 a.
2066 3943 2102 4008 m
2125 3941 2193 4010 ideo
2216 3943 2482 4038 subterfugiebat,

1526 4051 1601 4134 quia
1625 4051 1674 4116 vei
1697 4047 1984 4134 oportebatque]
2007 4055 2194 4134 provocaret
2216 4055 2325 4116 contra
2354 4067 2386 4116 se
2409 4069 2484 4134 gen-

1526 4161 1589 4222 tem
1613 4154 1716 4234 iliam,
1741 4153 1789 4222 vei
1814 4153 1931 4222 faceret
1953 4159 2064 4222 contra
2078 4153 2163 4236 iura;
2189 4155 2271 4222 uude
2291 4153 2484 4222 161616166-

1524 4279 1582 4348 per
1605 4261 1701 4330 alium
1724 4279 1842 4348 ponere
1865 4261 2025 4330 iudicium.

1617 4369 1645 4434 9.
1683 4367 1782 4446 (Vens.
1814 4367 1867 4450 7.).
1902 4367 1973 4434 ideo
2001 4367 2127 4434 subdit:
2165 4369 2205 4434 m
2238 4375 2276 4432 nt
2310 4367 2646 4474 COdilOviisffgnffgffiffl
2714 4431 2720 4438 ,

1524 4471 1651 4560 6661111
1676 4473 1713 4540 dc
1736 4471 1878 4540 Herodis
1895 4477 2055 4558 potestate
2076 4479 2176 4552 esset,
2199 4471 2327 4540 remisit
2351 4473 2484 4540 eumad
2639 4459 2644 4472 ’

1524 4579 1705 4658 Η666666,
1730 4577 1790 4666 qni
1811 4583 1839 4642 ot
1863 4577 1932 4662 ipse
1946 4577 2158 4666 ferosoipmis
2181 4587 2254 4646 erat
2268 4577 2334 4644 iliis
2359 4579 2481 4644 diebos.

1523 4681 1606 4750 Beda
1620 4683 1663 4748 ¹⁶:
1684 4681 1757 4750 «Ne
1772 4687 1881 4750 contra
1904 4681 2077 4762 insontem,
2094 4691 2126 4750 61
2141 4701 2237 4768 quem
2258 4683 2410 4750 traditum
2427 4701 2483 4768 per

1523 4789 1673 4856 invidiam
1689 4795 1836 4868 noverat,
1862 4789 2046 4858 sententiam
2062 4789 2137 4856 dare
2162 4795 2346 4876 cogeretur,
2370 4789 2483 4856 ilerodi

1523 4895 1713 4962 audiendum
1738 4895 1850 4974 mittit,
1874 4901 1911 4960 ut
1938 4915 1956 4962 a
1981 4913 2039 4964 sue
2069 4897 2229 4964 tetrarcha
2255 4896 2307 4962 vei
2340 4895 2481 4962 absolve-

1523 5007 1629 5082 retur,
1652 5003 1702 5068 vei
1726 5001 1977 5069 damnaretur».
2008 5002 2095 5069 Unde
2118 5007 2264 5086 apparet,
2294 4999 2378 5086 quod
2402 4999 2631 5068 166-16616616

1523 5107 1673 5176 16616611
1702 5107 1913 5188 contraierit
1942 5107 2036 5174 eiiam
2060 5107 2160 5186 inste,
2190 5107 2265 5192 quia
2297 5107 2397 5174 noluit
2420 5105 2480 5174 sibi
2519 5065 2616 5106 erum.

1595 5553 1618 5586 1⁰
1636 5555 1687 5608 Cir.
1706 5569 1786 5620 supra
1805 5569 1866 5620 pag.
1886 5553 1949 5620 131,
1964 5561 2024 5608 nota
2039 5557 2062 5608 i.
2074 5553 2230 5608 -interius
2248 5551 2299 5608 CD
2316 5553 2438 5606 omittunt
2456 5557 2481 5608 61

1523 5641 1605 5698 66611.
1943 5675 1944 5678 =

1595 5727 1617 5760 ¹¹
1636 5731 1785 5796 hospicitur
1803 5731 1981 5796 interpretatio
1992 5729 2128 5782 nominum
2143 5727 2258 5782 iudaeae
2279 5727 2478 5794 6116666166,

1523 5819 1623 5884 deque
1641 5819 1703 5872 vide
1723 5831 1803 5882 supra
1821 5833 1883 5882 pag.
1906 5819 1972 5884 116,
1991 5823 2080 5872 notam
2102 5819 2124 5870 i.
2145 5823 2171 5870 et
2188 5831 2250 5882 pag.
2274 5815 2322 5884 11,
2346 5821 2432 5870 notam
2453 5817 2479 5868 6.

1595 5903 1617 5936 11
1636 5907 1732 5958 Psaim.
1751 5907 1815 5968 ii8,
1836 5905 1878 5956 66.
1898 5905 1947 5958 Cir.
1968 5921 2047 5972 supra
2065 5919 2090 5958 c.
2108 5907 2151 5958 11.
2170 5919 2194 5956 6.
2216 5905 2256 5956 68.

1595 5993 1617 6024 11
1637 5995 1703 6046 Vide
1723 6007 1802 6058 supra
1820 6007 1848 6044 6.
1865 5995 1889 6046 1.

1595 6079 1620 6112 11
1635 6083 1711 6134 Vers.
1732 6083 1774 6132 i8.
1787 6109 1821 6120 ι-
1834 6081 1918 6144 Beda,
1936 6083 1980 6134 Vi.
1992 6083 2019 6132 16
2033 6085 2095 6136 Luc.
2109 6081 2157 6148 13,
2170 6081 2199 6132 66
2220 6081 2340 6148 Denique
2356 6081 2480 6132 Pilatus..

1523 6183 1551 6222 se
1568 6169 1656 6234 magis
1674 6169 1775 6234 ipsum,
1793 6173 1867 6220 nacta
1893 6169 2042 6232 occasione,
2060 6167 2133 6232 cupit
2153 6167 2185 6220 ab
2204 6181 2235 6220 66
2260 6169 2401 6220 iudicando
2418 6165 2479 6220 iibe-

1521 6269 1582 6308 rum
1601 6257 1722 6310 reddere.
1745 6255 1810 6306 Nam
1831 6255 1961 6322 sequitur:
1979 6253 2085 6308 Piiatns
2103 6259 2202 6322 antem,
2230 6253 2343 6310 audiens
2363 6253 2479 6310 Galilae-

1522 6355 1567 6396 am
1587 6349 1636 6394 etc.

1594 6427 1616 6458 11
1634 6429 1719 6484 Codd.
1737 6427 1818 6484 hCi]
1832 6427 1910 6496 6616,
1923 6433 1949 6482 61
1962 6427 2075 6484 subinde
2087 6443 2136 6496 pro
2152 6427 2207 6484 iilis
2225 6427 2316 6484 diebus
2336 6427 2385 6484 AC
2394 6431 2478 6484 DGii

1522 6517 1587 6586 ipsis
1601 6517 1700 6574 diebus.

1594 6605 1616 6636 11
1633 6607 1704 6660 Lihr.
1725 6607 1767 6658 Vi.
1785 6607 1811 6658 in
1833 6607 1895 6660 Luc.
1910 6607 1956 6672 13,
1970 6607 1993 6660 6.
2006 6621 2076 6674 6666
2095 6607 2219 6664 666166116
2236 6605 2325 6660 Β6166
2344 6605 2478 6660 exhibetur

1522 6695 1611 6750 666616
1628 6697 1734 6750 Glossae
1751 6693 1910 6752 ordino-riae
1927 6697 1954 6748 ia
1972 6697 2035 6750 Lac.
2054 6697 2102 6762 13,
2120 6697 2149 6750 7.
