5908 8266
688 617 729 680 81
1281 603 1474 674 contusus.
1500 605 1535 668 lu
1559 599 1938 704 6116611166116611
1963 599 1995 666 C.
2021 599 2066 664 111.

687 773 826 854 Christo:
862 787 979 874 prima,
1013 795 1158 872 respectu
1190 779 1560 868 66661166666166116;
1594 797 1641 846 61·

686 893 804 972 66666,
836 899 980 974 respectu
1013 889 1164 956 1111616161
1194 883 1422 974 duputabatis,-
1450 887 1560 964 tertia‚
1592 903 1641 950 re-

685 1003 793 1078 spectu
820 997 879 1062 Dei
899 995 1117 1062 exaudientia.
1150 1007 1151 1010 ’

771 1103 824 1166 te.
848 1101 950 1184 (1666.
975 1097 1397 1182 illeoccasionem
1424 1103 1568 1184 respectu
1578 1115 1639 1182 po·

539 1217 662 1280 6666666
677 1203 755 1288 puli
767 1205 965 1270 associentur
981 1211 1124 1286 notatur,
1136 1223 1207 1270 cum
1225 1203 1314 1270 dicit:
1330 1201 1473 1268 Factum
1488 1209 1545 1280 est,
1562 1219 1638 1268 cccrn

560 1281 636 1326 ‘mm'
682 1309 914 1392 baptizaretur
931 1309 1038 1376 666616
1051 1309 1205 1394 populus.
1224 1311 1281 1376 Per
1294 1307 1457 1394 populum
1474 1307 1561 1392 plebs
1576 1307 1637 1372 hn-

617 1415 618 1418 ’
680 1411 762 1482 milis
776 1415 975 1500 intelligitur,
993 1415 1074 1480 inter
1090 1431 1172 1500 quos
1187 1415 1329 1480 Christus
1346 1413 1476 1478 humilis
1491 1431 1558 1482 6666
1574 1433 1635 1480 666

678 1517 877 1606 dedignatur,
910 1521 1075 1606 quonlam,
1113 1519 1517 1598 6666666611661666161,
1548 1547 1563 1578 «
1578 1537 1634 1586 ex-

678 1625 778 1692 celsus
803 1627 951 1694 Dominus
977 1633 1007 1692 et
1032 1625 1317 1710 humiliarespicit
1336 1651 1368 1692 ».
1392 1625 1519 1692 Ratione
1544 1625 1634 1692 cuius

675 1731 861 1798 'lutmllitatis
881 1731 999 1798 dicitur
1012 1731 1095 1796 inira
1118 1731 1266 1816 vigesimo
1284 1733 1437 1800 secundo:
1468 1731 1632 1818 «116666-

675 1843 737 1902 tem
761 1837 793 1902 in
815 1839 918 1904 medlo
944 1844 1083 1904 vestrum
1110 1857 1197 1916 sum,
1233 1837 1390 1922 61661661
1424 1837 1629 1916 ministrat»,

674 1947 702 2006 61
719 1941 798 2006 11166
818 1943 912 2008 etiam
929 1941 1050 2008 loannis
1071 1941 1176 2024 primo
1190 1941 1323 2010 dicitur:
1355 1969 1369 2000 «
1384 1941 1502 2010 lledins
1526 1947 1629 2008 autem

666 2041 938 2126 6666666661,
963 2065 1058 2132 66666
1083 2057 1142 2114 666·
1163 2049 1289 2114 66661116
1304 2075 1334 2112 s.
1366 2049 1514 2126 1116616,
1546 2049 1629 2132 6666

672 2155 777 2220 omrcis
798 2153 942 2240 populus
965 2153 1132 2234 16661661,
1159 2155 1241 2240 6666
1265 2153 1364 2222 multi
1385 2155 1424 2222 de
1447 2155 1562 2240 populo
1586 2191 1626 2204 -·-

671 2261 760 2344 6616,
787 2261 866 2328 inira
889 2261 1022 2346 septimo
1040 2261 1068 2340 ²,
1101 2287 1116 2318 «
1131 2261 1289 2328 Pharisaei
1311 2267 1417 2328 661666
1439 2265 1628 2346 spreverunt

671 2365 833 2432 consilium
858 2367 912 2432 Dei
936 2367 968 2432 in
992 2365 1183 2450 6666666616,
1210 2385 1270 2432 666
1302 2367 1448 2454 baptizati
1473 2367 1626 2452 baptismo

670 2471 790 2540 loannis
804 2499 819 2532 »
842 2511 884 2520 --
901 2479 931 2540 61
946 2473 990 2540 616
1005 2471 1161 2558 accipitur
1180 2471 1325 2540 llattbaei
1344 2473 1454 2540 tertio:
1483 2497 1497 2528 «
1515 2471 1626 2538 Exibat

668 2579 704 2644 ad
731 2597 802 2644 oum
836 2579 936 2646 omnis
960 2573 1072 2646 166666
1108 2583 1138 2644 61
1162 2579 1261 2644 ornnis
1297 2579 1383 2664 regio
1415 2579 1497 2646 circa
1523 2577 1624 2644 lorda-

667 2701 755 2762 nem,
781 2691 815 2750 ut
839 2683 1074 2768 baptizarentur
1091 2683 1129 2750 ab
1154 2701 1189 2750 66
1206 2711 1236 2748 >›.

753 2789 805 2856 td.
832 2789 1030 2856 1166611666
1061 2795 1208 2874 respectu
1238 2789 1388 2856 ruini-stri
1415 2789 1622 2876 baptizantis

530 2911 645 2958 66666.
665 2903 808 2976 6616166,
835 2915 906 2964 cum
929 2897 1062 2964 dicitur:
1091 2897 1128 2962 tt
1152 2897 1227 2962 1666
1249 2895 1440 2984 baptizato,
1467 2897 1621 2964 sciliceta

665 3005 793 3086 166666,
816 3003 1077 3090 6666161116166
1101 3003 1279 3082 6616111166,
1302 3005 1505 3070 6111661666
1529 3005 1622 3070 661161

662 3107 811 3196 baptizari
843 3111 994 3194 baptismo
1020 3109 1111 3176 servi.
1134 3109 1220 3176 Unde
1249 3107 1364 3176 dicitur
1388 3109 1532 3176 blattbael
1556 3115 1620 3176 ter·

662 3215 739 3294 1163,
764 3217 999 3302 66661666666
1028 3205 1122 3280 dixit:
1161 3215 1258 3298 «Ego
1289 3233 1305 3278 6
1332 3219 1359 3280 16
1391 3213 1487 3280 debeo
1520 3213 1618 3300 bapti-

660 3321 724 3386 zari
740 3345 777 3400 »;
800 3329 832 3386 61
851 3321 1010 3408 sequitur:
1040 3347 1055 3378 «
1073 3321 1145 3386 6166
1160 3319 1266 3398 modo,
1290 3319 1335 3386 616
1350 3319 1433 3386 enim
1458 3319 1545 3386 decet
1560 3337 1617 3386 nos

660 3423 789 3508 implere
811 3443 935 3492 6666666
962 3425 1109 3492 iustitiam
1129 3449 1163 3504 6,
1187 3425 1287 3492 idest
1321 3425 1488 3510 perlectam
1515 3423 1617 3488 humi-

657 3527 789 3608 litatem,
812 3536 1094 3614 6666661661616
1118 3529 1274 3614 superiori
1291 3535 1323 3596 et
1345 3527 1428 3614 pari,
1454 3527 1616 3596 sedetiam

499 3633 794 3704 66166661.1111611011
819 3635 951 3702 subiecit
982 3635 1197 3720 semetipsum.
1229 3635 1539 3720 11661166166661661
1570 3639 1615 3700 est

656 3739 812 3820 Christus,
830 3761 893 3806 non
908 3747 945 3806 ui
968 3741 1218 3807 sanctificaretur
1235 3741 1404 3824 baptismo,
1424 3739 1477 3806 sed
1495 3741 1614 3806 ’616116

655 3845 1028 3936 6666666611666166616
1043 3845 1216 3932 conferret.
1229 3847 1317 3914 Unde
1330 3847 1572 3932 Clurysostomus
1583 3851 1611 3912 4:

659 3979 674 4010 «
700 3953 900 4022 peccatorum
930 3953 1146 4020 remissionem
1178 3971 1240 4018 non
1265 3953 1400 4038 accepit,
1429 3953 1483 4020 sed
1515 3971 1612 4040 66666

569 4075 570 4078 ’
654 4059 846 4144 baptizandis
876 4059 1023 4126 omnibus
1045 4057 1251 4124 sanctificavit
1274 4085 1304 4124 6.
1334 4057 1485 4142 baptizari
1518 4061 1611 4126 etiam

653 4163 770 4246 voluit,
793 4173 831 4232 nt
852 4165 930 4232 ullis
954 4165 1137 4250 eucarpium
1160 4173 1190 4232 et
1211 4163 1359 4250 formum
1385 4163 1494 4244 duret,
1519 4167 1610 4252 quia,

653 4273 826 4340 secundnm
850 4273 934 4358 quod
958 4271 1074 4340 dicitur
1094 4271 1228 4340 ictuum
1253 4271 1353 4358 primo
1367 4273 1391 4352 ὃ,
1421 4271 1549 4358 «coepit
1566 4274 1609 4340 16-

651 4397 708 4446 666
728 4379 832 4464 166666
854 4387 886 4448 61
901 4381 1062 4460 666666»;
1086 4387 1122 4448 61
1145 4381 1238 4448 etiarn
1258 4397 1315 4448 suo
1337 4379 1492 4466 baptismo
1515 4381 1609 4448 iuno-

650 4493 795 4568 teseeret,
815 4489 896 4556 sicut
917 4487 1033 4556 dicitur
1050 4487 1171 4556 loannis
1195 4487 1312 4574 primo:
1339 4515 1355 4546 «
1370 4489 1406 4556 Ut
1432 4487 1607 4556 6166116616-

650 4595 758 4660 turin
782 4595 906 4662 lsrael»
937 4601 993 4662 etc.
1019 4595 1197 4680 Baptizatus
1223 4601 1272 4662 est
1295 4595 1407 4672 atiani,
1441 4603 1476 4660 61
1506 4595 1606 4678 bapti-

648 4715 752 4766 smum
775 4703 1011 4784 praecursoris
1032 4699 1236 4784 approbaret
1251 4707 1280 4768 61
1296 4699 1473 4768 6616666661
1499 4701 1605 4766 Phari-

647 4803 740 4882 saeis,
759 4805 840 4890 6666
866 4805 987 4898 1666616
1008 4805 1185 4872 testimonio
1201 4805 1390 4872 credendum
1416 4811 1499 4884 erat,
1523 4805 1605 4872 sicut

568 4957 570 4962 ,
646 4909 789 4988 caelesti,
827 4909 865 4976 ad
899 4927 979 4994 quos
1014 4909 1059 4976 ait
1091 4909 1237 4976 llatthaei
1272 4909 1422 4994 vigesimo
1452 4911 1602 4994 primo⁶:

712 5341 834 5398 1166166.
856 5347 918 5410 131,
945 5347 968 5398 6.
995 5371 1028 5384 -
1058 5345 1207 5412 Sequuntur
1237 5345 1298 5396 Luc.
1328 5345 1376 5412 11,
1404 5343 1448 5396 11.
1476 5349 1501 5396 61
1528 5345 1597 5396 1666.

643 5435 670 5498 1,
692 5435 733 5486 uc.

709 5519 720 5552 ²
741 5525 815 5578 Vers.
832 5525 879 5590 30,
898 5531 959 5590 posi
977 5537 1059 5592 quem
1076 5525 1164 5576 1161116.
1184 5525 1213 5588 3,
1235 5525 1259 5576 6.

709 5607 816 5666 311666.
834 5615 877 5666 11.
896 5621 922 5666 61
950 5615 993 5666 15.
1010 5639 1047 5652 --
1070 5615 1096 5664 ln
1122 5615 1146 5666 S.
1177 5611 1302 5664 Bernardi
1330 5609 1489 5678 Sententiis,
1508 5627 1533 5662 6.
1554 5609 1597 5664 et.

639 5703 703 5752 11666
722 5699 867 5754 habentur:
885 5703 1036 5762 1166611166,
1057 5701 1107 5754 alia
1125 5701 1269 5766 sufficiens,
1295 5701 1344 5752 alia
1370 5699 1521 5762 abundum,
1548 5701 1596 5752 6116

637 5787 864 5852 superabundans
882 5789 1033 5853 Sufficiens,
1053 5787 1131 5842 subdi
1149 5789 1243 5840 maiori
1261 5801 1310 5840 nec
1328 5789 1460 5852 praeferre
1484 5801 1509 5840 66
1529 5787 1595 5854 pari.

636 5875 794 5942 Abundans,
822 5877 898 5930 subdi
927 5877 985 5942 pari
1010 5889 1060 5928 nec
1085 5879 1218 5940 praelerre
1246 5891 1273 5930 so
1303 5877 1407 5930 minori.
1428 5875 1596 5942 superabun-

636 5963 715 6030 dans,
737 5963 814 6018 subdi
832 5965 936 6016 minori.
955 5963 1166 6016 lnde·Domlnos
1184 5963 1219 6014 od
1238 5967 1360 6016 loannem
1374 5963 1473 6032 [blattb.
1487 5965 1509 6030 3,
1524 5961 1594 6032 1666

635 6051 699 6106 Sine
718 6051 814 6118 modo,·
832 6053 873 6108 sic
890 6053 960 6106 66166
981 6049 1054 6108 decet
1069 6065 1120 6106 noc
1139 6049 1251 6122 16661666
1268 6065 1374 6104 omnem
1388 6049 1528 6106 1661116166.
1543 6049 1593 6106 Clr.

635 6143 718 6194 Serm.
739 6143 762 6194 16
782 6141 879 6194 Octava
898 6141 1077 6206 Epiphaniae,
1095 6157 1122 6194 n.
1140 6141 1167 6194 i.
1185 6145 1209 6194 61
1231 6143 1312 6194 Serm.
1334 6141 1377 6194 11.
1395 6141 1424 6194 16
1442 6139 1514 6194 Cant.
1529 6155 1554 6194 6.
1568 6143 1593 6206 6,

634 6227 781 6282 6616166116
800 6229 924 6296 proponit
950 6231 986 6284 de
1012 6227 1123 6286 16611116.
1150 6231 1218 6284 Vide
1245 6229 1323 6284 eliam
1344 6229 1461 6282 Glossam
1486 6227 1594 6284 ordino·

632 6317 703 6372 61661
723 6321 795 6384 apud
812 6321 945 6384 Lyranum
971 6323 997 6374 16
1025 6323 1113 6374 1161116.
1142 6321 1174 6386 3,
1205 6323 1248 6388 16,
1277 6321 1311 6374 de
1335 6333 1388 6392 666
1415 6319 1521 6386 1666666
1546 6321 1593 6372 616.

632 6413 694 6460 tom.
715 6409 748 6460 V.
768 6423 828 6472 pag.
851 6409 916 6474 186,
934 6417 994 6464 6616
1014 6409 1040 6462 1.
1377 6419 1378 6422 ’

701 6491 825 6548 “Homil.
845 6493 963 6560 1.(61166
983 6497 1018 6564 6.)
1040 6499 1063 6550 16
1084 6499 1170 6550 1116116.
1190 6497 1250 6564 (Op.
1263 6497 1410 6560 1666661661.
1423 6495 1490 6548 16166
1508 6509 1590 6560 opera

630 6581 784 6648 1111666661).
803 6585 876 6638 Plura
896 6587 945 6638 hec
965 6587 1041 6640 6666
1058 6587 1120 6640 6166
1131 6587 1175 6640 lV.
1189 6589 1259 6640 Seni.
1273 6587 1299 6640 d.
1318 6587 1344 6638 3.
1358 6601 1384 6650 p.
1399 6587 1425 6638 ll.
1445 6587 1505 6638 6.1.
1520 6587 1589 6654 61.

699 6667 850 6724 566661.
874 6671 926 6724 Cir.
953 6673 1088 6740 Ambros,
1116 6677 1198 6728 Serm.
1230 6677 1270 6728 11.
1300 6677 1333 6728 66
1360 6689 1380 6728 6.
1411 6675 1536 6740 Epiphan.
1562 6677 1589 6728 5.

630 6759 702 6824 (alias
725 6761 778 6826 tt.)
797 6775 824 6812 u.
845 6763 869 6812 1.
886 6789 924 6800 -
940 6763 1063 6828 Sequitur
1082 6767 1152 6820 1666.
1172 6767 1200 6830 1,
1221 6765 1263 6818 31.
1277 6763 1329 6818 Cir.
1345 6767 1368 6816 S.
1382 6763 1494 6828 Bonam,
1513 6763 1588 6818 Com·

629 6849 882 6900 666611616666.
914 6851 1048 6920 1666,
1073 6853 1117 6906 ubl
1146 6853 1172 6906 16
1199 6861 1260 6908 6616
1289 6853 1391 6908 adiecta
1415 6853 1587 6918 allegavimus

628 6935 765 6986 66616111.
787 6935 1078 7008 snoudunam
1101 6941 1512 7006 1166666666616661.

1712 805 1728 836 «
1745 777 1920 862 Baplismus
1943 777 2064 842 loannis
2088 777 2172 844 6666
2194 783 2286 842 66611
2309 779 2330 842 ll
2357 779 2460 856 caelo,
2485 797 2524 842 an
2549 797 2591 846 ex
2606 779 2663 844 lio-

1705 881 1845 952 minibus
1861 887 1902 948 »t

1795 989 1845 1052 66.
1871 987 2067 1054 Humiliutio
2083 993 2187 1054 autem
2214 995 2359 1074 respectu
2374 989 2435 1054 Dei
2453 989 2661 1058 eaurrdientis
2678 1017 2757 1062 Tertia.

1703 1099 1842 1174 6616166,
1867 1111 1938 1160 cnm
1961 1093 2097 1160 dicitur:
2121 1095 2163 1160 Et
2191 1101 2321 1172 666616,
2347 1093 2464 1162 66111661
2485 1095 2525 1160 66
2554 1097 2660 1162 Domi-

1701 1201 1994 1280 num‚,seonndum
2017 1201 2097 1270 illud
2119 1201 2274 1268 Psalmil:
2303 1229 2318 1262 6
2336 1201 2485 1270 Subditus
2507 1211 2574 1270 esto
2598 1201 2658 1272 Do-

1700 1307 1787 1374 mino
1809 1313 1840 1376 61
1870 1327 1926 1374 666
1948 1313 2023 1376 eum
2042 1331 2076 1386 »;
2103 1307 2138 1374 66
2172 1309 2325 1376 1161166666
2357 1309 2484 1394 quinto:
2515 1311 2658 1382 «Preces

1699 1413 2004 1506 supplicationesque
2036 1413 2197 1480 66116666
2229 1415 2379 1492 61166666,
2409 1413 2579 1480 exauditus
2609 1425 2657 1484 661
2747 1431 2748 1434 ’

1697 1537 1756 1604 pro
1781 1517 2082 1586 6666666666116».
2109 1519 2191 1586 Unde
2218 1521 2338 1586 loannis
2359 1521 2541 1588 undecimo:
2572 1517 2654 1586 «Pa-

1697 1631 1762 1704 166,
1788 1625 1905 1710 6661166
1925 1643 1983 1710 666
1998 1625 2072 1704 tibi,
2090 1625 2236 1710 66661666
2252 1625 2364 1694 audisti
2382 1641 2450 1706 me,
2468 1645 2524 1712 666
2546 1631 2652 1698 autem

1695 1731 1848 1812 sciebam,
1864 1733 2010 1816 66661661
2025 1749 2148 1814 semper
2161 1749 2211 1796 me
2223 1733 2330 1812 audis,
2343 1733 2396 1800 sed
2409 1741 2538 1818 propter
2550 1749 2652 1818 popu-

1694 1837 1779 1916 lum,
1796 1839 1956 1922 66166161,
1973 1835 2049 1916 dixi,
2066 1843 2103 1902 ut
2123 1835 2268 1916 6666661,
2285 1837 2357 1922 6616
2375 1841 2409 1904 16
2424 1857 2475 1904 666
2492 1835 2647 1908 misisti»,

1694 1943 1727 2006 lu
1746 1943 1892 2010 curulibus
1909 1943 2066 2010 invenitur
2083 1941 2233 2008 Dominus
2249 1961 2363 2022 ornus,
2382 1943 2489 2010 sivein
2503 1943 2649 2026 baptismi
2672 1967 2726 2010 ora
2740 1967 2784 2010 66.

1693 2047 1905 2132 susceptione,
1921 2047 1986 2114 6166
2009 2049 2040 2114 16
2057 2045 2240 2126 solitudine,
2268 2047 2333 2114 slve
2348 2047 2379 2114 in
2405 2047 2647 2132 praedicatione,
2662 2021 2793 2076 ⁵t¹¹⁵³⁰²⁰p⁹⁸

1692 2153 1757 2220 6166
1781 2153 1812 2218 16
1838 2153 2061 2222 miraculorum
2080 2153 2259 2240 operatione
2282 2159 2312 2220 61
2329 2155 2470 2240 passione
2492 2159 2526 2222 et
2539 2153 2648 2222 Sacra-

1690 2261 1785 2326 menti
1821 2261 2049 2344 dispensatione
2085 2267 2114 2328 et
2150 2259 2271 2328 animae
2304 2261 2587 2340 commendatione,
2610 2271 2648 2330 ut

1689 2365 1833 2432 ostendat
1856 2365 1937 2450 6666
1964 2365 2043 2432 16166
2066 2365 2185 2432 decimo
2203 2367 2336 2432 octavo8
2358 2365 2491 2432 dicitur:
2515 2391 2529 2424 6
2546 2365 2646 2450 Opor-

1689 2477 1733 2538 tet
1757 2489 1879 2556 semper
1904 2489 1994 2536 orare
2019 2479 2048 2538 61
2072 2489 2132 2538 non
2157 2471 2333 2540 deficere».

1779 2579 1830 2642 61.
1855 2575 1964 2642 066611
1985 2577 2068 2644 enim
2092 2571 2126 2642 in'
2149 2577 2303 2662 baptismi
2325 2579 2544 2664 susceptione,
2563 2577 2783 2656 6166166666·

1686 2685 1755 2750 blo:
1784 2683 1821 2748 Et
1843 2679 1971 2768 fuctum
2003 2689 2067 2762 est,
2092 2683 2165 2748 lesu
2196 2681 2364 2768 tupttzuco
2390 2691 2575 2762 eiurante,
2606 2695 2643 2754 m
2674 2657 2786 2756 livild}

1685 2791 1774 2858 darei
1796 2789 1926 2856 formam
1945 2789 2053 2854 orandi
2078 2789 2294 2858 accedentibus
2312 2789 2349 2856 66
2373 2789 2533 2874 baptisma.
2549 2827 2592 2838 -·
2608 2793 2641 2858 ln

1685 2895 1803 2962 deserti
1818 2895 2013 2974 solitudine,-
2036 2895 2116 2984 inira
2134 2895 2285 2980 66161616
2309 2923 2324 2954 «
2341 2897 2406 2980 lpse
2431 2895 2592 2964 secedebat
2608 2897 2640 2964 iu

1683 3001 1843 3068 desertum
1867 3007 1899 3068 61
1920 2999 2075 3080 orabat»,
2096 3007 2135 3068 nt
2156 2999 2287 3068 formam
2316 3001 2403 3068 66661
2427 3001 2639 3086 contemplen-

1683 3107 1777 3176 tibus.
1795 3147 1836 3156 --
1854 3107 2388 3194 16666661166116661616666616
2409 3135 2425 3166 <t
2443 3111 2568 3176 Factum
2591 3119 2638 3178 est

1682 3221 1787 3280 autem
1803 3215 1835 3280 in
1850 3213 1962 3280 diebus
1976 3213 2051 3292 illis,
2069 3215 2145 3282 exiit
2162 3215 2194 3278 in
2207 3223 2357 3294 montem,
2375 3221 2409 3282 ut
2426 3221 2574 3296 oraret»,
2599 3223 2635 3284 61

1681 3321 1813 3386 formam
1838 3319 1926 3386 66661
1957 3319 2232 3404 praedicatoribus.
2261 3359 2312 3376 --.
2331 3323 2363 3386 16
2393 3321 2635 3390 nciruculorum

1681 3425 1887 3512 operatione;
1910 3425 2030 3492 loannis
2046 3425 2210 3494 undecimo
2224 3425 2265 3494 10:
2294 3429 2427 3506 «16166,
2444 3427 2632 3514 6661166666

1679 3533 1734 3602 tibi
1752 3561 1768 3594 »
1795 3541 1868 3614 etc,
1895 3539 1929 3600 61
1952 3533 2040 3600 66661
2064 3535 2196 3600 sormam
2219 3533 2433 3620 operantibus.
2450 3573 2492 3584 —
2510 3535 2539 3608 16
2555 3555 2635 3620 pus-

1677 3641 1786 3720 61666·
1811 3641 1953 3708 116116661
1978 3641 2128 3724 vigesimo
2150 3647 2259 3708 sexto:
2279 3667 2296 3700 «
2314 3643 2499 3728 Progressus
2522 3641 2633 3710 cecidit

1677 3747 1709 3812 in
1724 3745 1833 3812 166166]
1846 3763 1936 3812 suam
1949 3773 1978 3824 »,
1997 3753 2031 3812 61
2044 3747 2175 3814 sormam
2193 3747 2280 3814 daret
2293 3749 2527 3816 sustinentibus.
2545 3749 2631 3814 -16

1676 3851 1827 3938 corporis
1842 3851 2148 3932 administratione
2168 3851 2249 3934 inira
2266 3853 2417 3942 61666166
2438 3855 2573 3922 6666666
2587 3857 2630 3920 ¹1:

1682 3959 1839 4044 «1666616
1864 3959 1971 4040 calice,
1997 3959 2112 4046 6661166
2128 3959 2190 4044 6611
2208 3959 2272 4028 Deo
2289 3989 2324 4040 s,
2342 3967 2379 4028 nt
2393 3959 2524 4028 formam
2543 3963 2631 4028 daret

1675 4065 1897 4132 sacerdotibus.
1917 4103 1957 4114 —
1970 4065 2006 4130 ln
2019 4065 2160 4150 spiritua
2177 4067 2454 4134 contutanda-tione
2463 4091 2475 4144 ;
2489 4067 2568 4134 inira
2584 4069 2629 4134 61-

1674 4169 1792 4256 gesimo
1810 4171 1915 4238 terlio:
1939 4199 1954 4230 t
1970 4171 2074 4252 Pater,
2090 4171 2124 4238 in
2139 4189 2253 4238 manns
2268 4181 2338 4238 tuas
2363 4173 2544 4240 commendo
2567 4175 2628 4260 spi-

1673 4277 1770 4344 ritum
1795 4293 1918 4356 menm;
1936 4283 1965 4346 et
1982 4277 2059 4346 hoec
2081 4277 2187 4346 dicens
2208 4279 2381 4364 exspiravit
2396 4305 2429 4358 6,
2444 4283 2482 4346 61
2496 4279 2627 4346 sormam

1673 4381 1761 4448 daret
1782 4381 2000 4450 morientibus.
2023 4385 2061 4450 Et
2082 4383 2127 4452 sic
2150 4383 2297 4452 omnibus
2318 4391 2367 4452 est
2387 4385 2553 4452 orandum.

1760 4491 1813 4556 61.
1838 4491 2000 4574 Apertum
2029 4499 2076 4556 est
2099 4491 2226 4556 eoelum
2250 4497 2308 4558 616.
2342 4493 2413 4558 Posi
2436 4493 2625 4558 humiliatio·
2662 4513 2792 4578 6666666

1670 4611 1741 4662 6616
1764 4593 1796 4658 16
1820 4595 2015 4680 susceptione
2039 4595 2229 4664 Sacrameoti
2253 4595 2399 4664 subditur
2428 4569 2792 4684 616616661161111116111

1670 4701 1705 4766 in
1728 4697 1922 4766 6611661666
1945 4701 2123 4768 testimonii
2128 4725 2139 4778 ;
2165 4711 2194 4768 61
2217 4709 2253 4768 61
2269 4703 2481 4772 testimoninm
2506 4703 2547 4770 611
2567 4705 2622 4770 116-
2642 4685 2744 4718 ‘mmm'

1667 4823 1772 4886 mum,
1798 4805 1867 4872 ideo
1889 4807 2064 4874 ostenditur
2093 4823 2160 4874 6666
2184 4807 2279 4874 trium
2305 4827 2509 4892 personarum
2540 4809 2622 4876 omni

1667 4911 1851 4998 exceptione
1864 4911 2016 4978 maiorum
2032 4915 2068 4992 11,
2085 4913 2117 4978 16
2131 4921 2179 4978 661
2192 4931 2345 4996 personae
2358 4913 2423 4980 Filii
2438 4921 2470 4980 61
2486 4913 2620 5000 Spiritus

1735 5343 1746 5374 ⁶
1763 5345 1837 5398 1666.
1859 5347 1900 5398 16.
1913 5331 1954 5384 ‘-
1974 5346 2091 5410 Hieron,
2113 5344 2129 5396 l.
2148 5343 2294 5398 Consuant.
2308 5345 2333 5396 in
2347 5347 2433 5398 116116.
2447 5345 2476 5408 3,
2493 5345 2533 5404 te.
2547 5359 2615 5412 serp:

1664 5435 1804 5500 Triplicem
1830 5435 1866 5488 ob
1894 5449 1999 5488 6666666
2030 5435 2146 5486 Salvator
2166 5435 2295 5488 6166666
2321 5435 2421 5498 accepit
2445 5433 2615 5498 baptismum.

1661 5525 1848 5588 Primum,ut,
1863 5525 1924 5590 6616
1943 5525 2022 5576 bouso
2042 5529 2118 5576 66166
2135 5529 2205 5588 6661,
2225 5537 2328 5576 omnem
2348 5523 2471 5578 iustitiam
2490 5527 2515 5574 et
2535 5521 2616 5576 66661-

1661 5613 1758 5664 litatem
1779 5611 1855 5676 16616
1872 5611 2001 5678 impleret
2021 5611 2156 5678 Secundo,
2174 5617 2202 5662 61
2222 5609 2378 5678 baptismate
2398 5625 2445 5664 suo
2460 5609 2559 5664 loannis
2573 5609 2615 5660 bu-

1661 5699 1755 5762 ptlsma
1775 5699 1969 5764 comprobaret.
1990 5699 2091 5762 Tertio,
2110 5703 2136 5748 61
2156 5699 2614 5766 1666661666666666661166666,666

1661 5787 1857 5840 descensionem
1880 5787 2034 5850 collumbae,
2053 5785 2164 5850 Spiritus
2181 5789 2262 5838 666611
2283 5789 2431 5840 161666666
2453 5787 2612 5840 credentium
2656 5835 2657 5838 ,

1660 5881 1816 5930 monstraret
1835 5877 1986 5928 adveutum.

1730 5963 2099 6030 ἵ1)66166.16,1.--1166
2126 5977 2200 6030 6666.
2228 5965 2279 6016 1661
2305 5971 2365 6018 sunt
2390 5963 2563 6028 11616661.
2589 5969 2627 6014 ot.v

1659 6057 1727 6106 loun.
1748 6053 1791 6118 lt,
1810 6053 1853 6104 11.
1871 6067 1926 6120 666.

1729 6137 1833 6194 811666.
1856 6143 1878 6192 l.

1728 6227 1739 6258 ⁹
1757 6231 1835 6282 Vers·
1855 6229 1894 6280 16.
1914 6255 1950 6266 -
1970 6227 2084 6282 Subinde
2102 6231 2307 6294 611666166166.
2328 6233 2358 6296 6,
2378 6231 2419 6282 11.
2436 6243 2473 6266 ’-
2485 6227 2610 6292 Superius

1657 6333 1704 6384 pro
1718 6315 1818 6372 orandi
1829 6317 2011 6372 accedentibus
2025 6315 2061 6370 od
2073 6315 2205 6386 baptisma
2224 6317 2244 6368 lt
2264 6317 2417 6382 orantibus,
2438 6317 2484 6370 CF
2497 6317 2519 6366 G
2537 6315 2610 6366 omit-

1656 6405 1766 6460 1661661
1785 6405 1923 6474 baptismo.

1726 6491 1747 6522 ¹⁰
1767 6497 1842 6552 Vers.
1862 6493 1905 6546 11.
1923 6523 1959 6530 --
1977 6493 2099 6560 Sequitur
2117 6495 2205 6546 116116.
2225 6495 2273 6560 16,
2292 6497 2337 6548 39.

1725 6579 1746 6612 ²¹
1764 6583 1841 6636 ‘Vers
1861 6582 1907 6648 l7,
1925 6587 1985 6648 posi
2003 6595 2084 6650 quem
2102 6585 2229 6650 611666166
2241 6583 2304 6638 Luc.
2318 6585 2364 6648 13,
2380 6583 2420 6636 16.
2433 6611 2470 6622 -
2482 6581 2607 6646 Superius
2625 6617 2626 6620 η

1654 6679 1713 6740 post
1731 6675 1762 6728 te
1782 6671 1904 6740 corporis
1931 6673 1989 6724 Vel.
2010 6671 2084 6726 addit
2102 6671 2205 6728 01161611
2208 6713 2217 6740 ,
2234 6687 2303 6740 6666
2324 6673 2400 6728 etlam
2420 6673 2551 6740 eliquanto
2571 6673 2607 6726 16-

1653 6763 1731 6818 166166
1749 6777 1798 6828 pro
1816 6761 1853 6818 Et
1867 6761 1908 6818 sic
1925 6761 2049 6818 crucibus
2067 6761 2199 6818 substituit
2217 6761 2251 6818 Et
2270 6763 2297 6818 in
2317 6763 2448 6818 omnibus.

1724 6851 1746 6884 ¹²
1766 6851 1815 6908 Cir.
1837 6865 1916 6918 snpra
1935 6867 1998 6916 pag.
2018 6853 2062 6918 11,
2083 6859 2142 6904 6616
2161 6853 2185 6904 6.
2205 6879 2239 6892 -
2259 6855 2306 6906 l‘ro
2320 6851 2470 6922 receptione
2488 6851 2546 6906 Vat.
2565 6867 2606 6908 uc·

1652 6943 1776 7014 ceptione.
