5900 8266
1069 605 1263 670 conatalis.
1291 605 1326 670 IN
1349 605 1587 676 Evhhnntlbll
1613 609 1730 676 LUCdE
1753 607 1785 674 C.
1810 607 1857 672 lx.

482 781 693 848 necessarium
712 787 762 846 θεῖ
782 781 877 846 θῖῖθθῖ
899 781 1073 848 secundum
1096 781 1278 864 qualitatem
1305 781 1363 844 loci
1387 783 1438 848 vel

483 883 648 968 temporis;
686 883 822 970 dopna,
853 885 939 970 quod
968 891 1014 952 θεῖ
1051 884 1134 950 ultra
1169 883 1384 952 necessitatem
1406 913 1437 968 »3

481 997 513 1056 et
535 989 595 1054 hoc
618 983 818 1054 manifestum
841 997 889 1056 est
912 991 945 1054 in
966 991 1035 1074 ipso
1059 989 1203 1066 Domino,
1229 989 1282 1074 qui
1312 997 1438 1072 praeter

482 1095 620 1162 tunicam
650 1093 870 1162 inconsutilem
893 1093 1005 1162 habuit
1034 1095 1095 1160 alia
1127 1095 1326 1174 vestimenta,
1358 1115 1438 1180 quae

481 1187 611 1267 luerunt
634 1197 747 1276 divisa,
762 1205 799 1264 ut
815 1199 930 1264 dicitur
944 1197 1065 1264 loannis
1079 1199 1200 1284 decimo
1216 1217 1309 1264 nono.
1325 1237 1371 1246 -
1384 1201 1438 1268 Se·

329 1327 464 1390 sensusq-
481 1303 620 1370 cundum
638 1301 850 1384 spirituatem
874 1309 978 1368 autem
996 1303 1230 1386 intelligentiam
1250 1303 1438 1388 prohibetur

350 1379 441 1422 '¹²⁰²¹¹⁵'
480 1405 645 1492 duplicitas
661 1405 871 1472 simulationis
884 1412 915 1471 θῖ
938 1405 1130 1490 hypocrisis,
1145 1425 1187 1474 ne
1208 1407 1301 1472 aliam
1317 1413 1436 1474 vestem

481 1509 617 1576 habeant
638 1509 670 1574 in
701 1509 825 1586 occulto
854 1515 885 1574 et
915 1507 1008 1574 aliam
1031 1509 1063 1574 iu
1089 1519 1280 1592 aperto,ne
1305 1509 1368 1577 sint
1397 1513 1437 1578 de

480 1615 556 1692 illis,
573 1615 610 1678 de
627 1613 743 1698 quihus
764 1615 881 1680 dicitur
902 1615 1048 1680 Matthaei
1072 1613 1243 1698 septimo1:
1271 1639 1287 1672 ε
1301 1615 1438 1692 Veniunt

480 1721 519 1786 ad
544 1737 597 1786 avos
621 1719 651 1786 in
678 1721 870 1800 vestimentis
891 1719 1012 1798 ovium,
1028 1717 1218 1786 intrinsecus
1242 1723 1347 1786 autem
1364 1727 1438 1786 sunt

320 1825 546 1912 coacuerat-lupi
572 1839 746 1908 rapaces».
769 1823 831 1890 lloc
854 1823 998 1890 similiter
1019 1823 1179 1888 declinans
1200 1823 1312 1888 beatus
1341 1825 1437 1888 Frau-

351 1911 429 1944 Μ’
480 1929 599 2008 cisous,
626 1945 696 1996 cum
717 1927 946 2008 infirmaretur,
977 1927 1077 1994 noluit
1099 1927 1238 1994 frustum
1268 1927 1359 2012 pellis
1381 1945 1437 2012 po-

479 2053 556 2102 nere
578 2035 766 2102 intrinsecus
796 2041 869 2100 ante
896 2039 1021 2118 pectus,
1055 2031 1113 2098 uisi
1143 2035 1239 2098 etiam
1265 2041 1437 2118 apponeret

479 2143 624 2208 exterius
635 2139 655 2204 2.

569 2247 597 2310 8.
625 2245 723 2324 (Vens.
749 2245 805 2326 la).
828 2243 935 2310 Tertio
964 2261 1041 2308 vcro
1064 2247 1215 2326 quantum
1241 2245 1280 2308 ad
1304 2241 1437 2308 humili-

333 2369 461 2432 oeumm·
479 2359 577 2416 totem
611 2349 645 2414 in
668 2349 819 2414 octaviola
853 2347 1031 2434 subiungit:
1058 2349 1098 2414 lit
1130 2347 1167 2414 in
1193 2367 1437 2434 quamcumque

317 2427 396 2518 ῖῖῖῗεῖῃ
411 2431 459 2464 ‘³⁰¹²'
478 2455 615 2518 elocatum
646 2451 870 2532 iniracundia,
900 2453 948 2518 ihi
977 2461 1123 2530 manete,
1153 2453 1290 2518 contenti
1319 2453 1437 2518 scilicet

478 2559 650 2626 existentes
673 2559 725 2624 illo
749 2559 899 2644 hospitio:
926 2565 954 2624 et
977 2557 1053 2624 inde
1073 2579 1114 2624 ne
1139 2559 1281 2636 ementis,
1307 2565 1436 2644 propter

477 2665 589 2732 melius
614 2665 858 2750 requirendum,
882 2665 969 2750 quia,
995 2665 1075 2732 sicut
1099 2665 1213 2732 dicitur
1232 2665 1435 2734 Ecclesiastici

476 2771 627 2854 vigesimo
649 2789 732 2836 nono
746 2773 768 2848 ³,
797 2797 813 2830 ε
829 2773 892 2836 vila
915 2789 1051 2856 nequam
1073 2771 1250 2854 hospitandi
1280 2773 1320 2838 de
1342 2773 1436 2838 domo

477 2875 510 2942 in
532 2875 660 2942 domum
678 2905 707 2942 a.
733 2877 862 2944 hlutalio
884 2895 1020 2962 nauaque
1046 2877 1170 2963 hospitii
1187 2883 1354 2944 attestatur
1377 2879 1436 2946 im-

476 2981 657 3066 patientiae,
690 3001 770 3068 quae
794 3001 852 3066 pro
882 2983 1003 3048 modica
1024 3001 1120 3050 causa
1142 2991 1287 3060 movetur
1311 2991 1341 3050 θῖ
1373 3003 1435 3052 non

476 3093 579 3172 potest
614 3087 796 3174 quiescere,
830 3091 1005 3156 secundum
1026 3091 1105 3154 illud
1141 3091 1288 3156 leremiae
1315 3091 1435 3158 decimo

477 3199 605 3276 quarto:
635 3217 650 3250 ε
668 3193 805 3276 Populus
827 3193 885 3260 iste
907 3195 1017 3260 dilexit
1049 3211 1175 3262 movere
1191 3195 1292 3278 ‚pedes
1319 3199 1351 3262 et
1373 3215 1434 3262 non

329 3313 458 3356 notandum.
477 3295 596 3382 quievit
620 3303 648 3364 θῖ
672 3297 804 3362 Donrino
822 3317 884 3364 nou
907 3297 1023 3382 placuit
1040 3325 1070 3362 ».
1097 3335 1137 3344 -
1163 3299 1197 3364 Et
1213 3299 1272 3364 boc
1297 3299 1435 3364 maxime

477 3401 652 3466 vitandum,
671 3407 717 3468 θεῖ
749 3421 765 3466 a
788 3401 1016 3486 praedicatore,
1041 3403 1132 3486 quia,
1156 3403 1328 3468 secundum
1354 3403 1431 3466 illud

478 3507 718 3572 proverbiorum
745 3507 865 3572 decimo
880 3525 960 3572 nono
974 3509 1002 3584 ⁴,
1030 3533 1046 3564 «
1061 3507 1202 3574 doctrina
1223 3507 1282 3574 viri
1307 3523 1364 3590 per
1380 3525 1434 3590 pa·

477 3611 617 3677 tientiam
641 3611 838 3694 cognoscitur
851 3637 881 3676 a.
907 3613 942 3678 Et
957 3613 1026 3678 ideo
1044 3597 1239 3678 hmhrosius:
1260 3611 1433 3676 «Alienum

476 3723 523 3782 est
550 3733 568 3782 θ
593 3715 810 3800 praedicatore
831 3715 987 3782 cursitare
1009 3735 1066 3800 per
1100 3717 1207 3784 domos
1237 3725 1266 3784 θῖ
1290 3717 1433 3784 immobi-

416 3897 417 3902 ἵ
477 3821 514 3886 lis
536 3819 663 3904 hospitii
688 3821 758 3886 iura
773 3825 897 3886 nautam
914 3847 945 3886 ε,
965 3819 1065 3886 lluius
1079 3829 1185 3886 autem
1208 3819 1433 3886 inconstantiae

475 3931 507 3992 θῖ
529 3925 741 4008 impatientiae
762 3929 863 3988 mater
885 3931 934 3990 est
956 3925 1120 4008 superbia,
1143 3943 1225 4008 quae
1249 3943 1321 3990 oum
1345 3925 1433 3990 nullo

475 4029 633 4114 potesta:
653 4045 729 4112 pace
747 4026 941 4104 cohabitare,
956 4027 1131 4094 secundum
1145 4028 1224 4095 illud
1250 4027 1433 4096 Proverhio-

475 4153 548 4200 rum
572 4133 693 4200 decimo
715 4131 852 4198 tertio⁵:
883 4159 897 4190 ε
914 4133 997 4198 ῖθῖθε
1013 4133 1167 4216 superbos
1190 4149 1314 4216 semper
1330 4133 1433 4216 iurgia

475 4243 549 4306 sum
565 4265 594 4302 a.
890 4295 891 4298 ,

565 4345 592 4408 a
620 4341 720 4420 (Vers.
748 4343 802 4420 8.).
827 4341 863 4406 lit
884 4341 1033 4426 quoniam
1059 4359 1150 4408 verae
1177 4341 1362 4408 humilitatis
1384 4349 1432 4408 θεῖ

312 4447 591 4528 replemini-nullius
615 4447 792 4512 societatem
811 4463 972 4522 recusare,
997 4463 1054 4512 uec
1076 4447 1170 4512 etiam
1187 4447 1239 4510 alii
1261 4465 1431 4514 onerosum

320 4519 559 4628 diditi-'essa
584 4549 651 4616 ideo
676 4549 714 4614 ad
739 4549 958 4634 perlectionem
984 4549 1170 4616 humilitatis
1193 4549 1359 4614 subditur:
1391 4551 1431 4612 Εῖ

320 4631 426 4666 ¹¹²¹’⁰⁵¹²⁰³'
473 4655 672 4742 quicumque
694 4673 759 4720 non
782 4653 962 4738 receperint
985 4673 1060 4732 θθε,
1083 4651 1282 4738 despiciendo
1313 4653 1431 4720 scilicet

470 5095 618 5162 rigentibus
636 5109 688 5146 una
705 5095 765 5162 quis
783 5095 871 5148 tunica
884 5095 980 5146 deheat
997 5109 1054 5146 esse
1072 5101 1223 5158 corneolus,
1244 5095 1289 5146 scd
1310 5095 1380 5160 qaod
1400 5095 1427 5146 in

470 5185 558 5236 tunica
576 5185 760 5237 vestimentum
774 5185 960 5248 intelligamus,
981 5197 1012 5236 ne
1025 5185 1074 5236 alio
1094 5185 1194 5248 vestiti,
1207 5185 1278 5236 alind
1298 5183 1374 5236 nobis
1388 5185 1425 5234 l'u·

470 5277 589 5322 tuncrum
611 5273 703 5324 timore
721 5287 867 5324 servemus.
884 5299 921 5308 -
939 5267 1058 5322 Subinde
1075 5272 1201 5336 allegatur
1228 5273 1295 5322 loon.
1316 5271 1364 5334 ῖ9,
1382 5273 1427 5324 23.

469 5383 506 5396 -
524 5359 649 5420 Svapcrius
669 5371 716 5422 pro
743 5361 813 5412 aetat
836 5359 915 5410 codd.
934 5355 1013 5422 ciat,
1042 5365 1067 5410 θῖ
1085 5371 1134 5422 pro
1160 5355 1188 5410 ia
1205 5357 1354 5410 mactatione
1368 5357 1425 5410 Vat.

470 5459 531 5500 cum
551 5449 641 5512 parteis
659 5445 737 5498 codd.
756 5445 783 5498 in
803 5445 956 5500 imitatio-ae.

541 5531 551 5560 ¹
571 5533 644 5584 Vers.
670 5533 708 5584 15.
727 5561 762 5572 ·-
779 5533 870 5584 Glossa
888 5531 1030 5584 ordinaria
1051 5533 1074 5584 in
1095 5533 1267 5596 praecedente
1292 5539 1350 5584 nota
1370 5533 1427 5584 alle·

470 5625 543 5682 gata:
564 5619 706 5684 illlegoriee
725 5621 751 5670 in
769 5619 875 5670 darabus
892 5619 986 5670 laminis
1004 5619 1183 5686 duplicitatem
1202 5621 1332 5682 prohibet.

539 5701 686 5758 ²Thomas
703 5705 738 5756 de
764 5705 872 5770 Gelono,
898 5707 955 5756 Vita
981 5707 1092 5758 secunda
1123 5707 1148 5758 S.
1168 5707 1309 5770 Fiduciam,
1333 5719 1357 5758 θ.
1376 5707 1425 5758 7οι

468 5791 516 5844 Cui
535 5789 712 5858 [Gnardiano,
732 5791 777 5858 qni
798 5793 822 5844 S.
835 5793 971 5844 Francisco
989 5793 1086 5846 corium
1112 5793 1249 5858 mdpinum
1268 5807 1427 5856 procurave-

468 5877 518 5946 rat]
538 5877 630 5932 beatus
647 5879 815 5930 Francisons:
833 5881 861 5930 Si
880 5879 935 5942 vis,
954 5885 982 5930 ut
1000 5881 1050 5932 sub
1074 5881 1161 5932 tanim
1180 5881 1263 5944 patiar
1281 5881 1366 5944 istud,
1385 5881 1425 5930 lac

385 5955 387 5960 ’
467 5967 533 6018 mihi
552 5965 669 6018 eittsdcm
690 5979 828 6018 mensurae
852 5965 948 6028 petiam
972 5967 1085 6018 exterius
1111 5969 1250 6032 applicari,
1273 5981 1342 6034 quae
1366 5981 1425 6020 oon-

468 6059 525 6106 suta
544 6055 579 6106 de
597 6053 658 6104 toris
677 6051 771 6104 indicet
791 6051 942 6106 hominibus
959 6053 1053 6116 pellem
1073 6055 1140 6106 intus
1159 6055 1347 6108 absconditam.

539 6135 551 6166 ³
572 6139 642 6190 Vens
662 6139 705 6190 3Ι.
723 6167 760 6176 --
777 6139 900 6202 Sequitur
926 6139 972 6190 ler.
998 6139 1045 6202 ll,
1068 6139 1109 6190 td.
1127 6167 1163 6178 -
1182 6141 1290 6192 Interius
1314 6139 1426 6190 uocibus

467 6225 581 6280 ,liniatio
599 6223 707 6292 hospitii
723 6225 744 6276 B
761 6223 903 6288 praemittit
924 6223 997 6278 ilatio
1014 6229 1107 6278 orclem
1125 6225 1204 6278 baius
1226 6229 1277 6290 θεῖ,
1298 6225 1371 6294 qaia

537 6311 642 6364 ⁴Vers.
673 6313 711 6364 n.
736 6337 770 6352 -
795 6311 926 6364 Sententia
952 6311 1084 6364 Ambrosii
1109 6311 1219 6364 hahetur
1249 6313 1290 6364 Vl.
1313 6315 1338 6364 in
1363 6315 1426 6364 Luc.

466 6413 494 6450 n.
513 6399 555 6448 66.
574 6425 609 6436 -
629 6397 754 6460 superins
771 6409 822 6460 pro
839 6395 981 6448 rimoldum
1005 6399 1045 6450 cst
1069 6409 1085 6446 a
1103 6395 1293 6462 praedicatore
1310 6397 1425 6448 CDGH

468 6483 608 6538 citandum
627 6485 666 6536 θεῖ
684 6483 711 6536 in
728 6481 924 6550 praedicatore.

537 6567 550 6598 ⁶
568 6571 642 6622 vers.
661 6571 702 6622 to.
713 6597 750 6610 -
762 6567 826 6622 Cod.
848 6573 867 6622 B
885 6583 935 6634 pro
946 6571 996 6622 hac
1008 6571 1188 6634 propositione
1202 6569 1289 6622 Huius
1307 6573 1425 6622 ouant...

467 6655 559 6724 turpia
576 6661 640 6710 stant
662 6657 810 6726 substituit:
827 6655 864 6712 Εῖ
879 6655 918 6712 sic
937 6661 1054 6724 allatum·
1072 6657 1148 6712 lium
1167 6671 1202 6710 ecc
1220 6657 1269 6710 icoc
1289 6671 1425 6710 remouen-

465 6747 520 6808 tar,
542 6743 642 6798 scilicet
659 6743 854 6812 inconstantia,
865 6745 1054 6814 ,impatientia
1072 6743 1201 6814 superbio
1220 6749 1245 6798 θῖ
1259 6741 1425 6810 hospitalita-

466 6829 500 6882 tis
518 6829 630 6884 inimic.

2396 607 2459 674 ale

1502 791 1638 850 vestram
1654 785 1843 862 doctrinam,
1868 783 1947 850 sicut
1964 785 2007 850 illi
2025 781 2078 868 qui
2097 781 2187 848 etiam
2214 779 2380 848 Dominum
2400 801 2460 848 nou

1502 897 1707 974 receperunt;
1734 889 1855 956 loannis
1876 889 2022 974 primoi:
2052 887 2121 952 «ln
2145 887 2274 972 propria
2297 889 2398 964 venit,
2429 893 2461 954 et

1502 997 1551 1062 sui
1566 1013 1639 1062 eum
1655 1015 1718 1060 nou
1736 1003 1924 1080 receperunt
1934 1021 1965 1060 ε,
1979 1033 2022 1046 -
2037 995 2070 1060 Εῖ
2086 993 2161 1080 quia
2177 995 2235 1060 hoc
2251 997 2300 1060 θεῖ
2310 1009 2459 1076 magnum

1501 1097 1668 1176 delictum,
1692 1099 1743 1164 cui
1759 1117 1820 1164 non
1847 1105 1892 1164 θεῖ
1917 1097 2230 1176 communicandum;
2246 1097 2314 1162 ideo
2339 1097 2459 1162 subdit:

1504 1203 1665 1266 aneu-ates
1687 1201 1728 1266 de
1749 1201 1879 1266 ciuitate
1903 1201 1978 1280 illo,
2001 1201 2184 1266 declinando
2208 1201 2324 1266 scilicet
2349 1217 2458 1266 eorum

1501 1305 1687 1390 nequitiam,
1710 1307 1803 1372 iuxta
1832 1305 1911 1370 illud
1933 1307 2145 1372 Numerornm
2177 1303 2297 1372 decimo
2324 1303 2459 1372 sexto⁷z

1506 1409 1682 1476 «Recedite
1703 1411 1947 1478 alabernaoulis
1973 1411 2133 1476 hominum
2156 1411 2324 1492 impiorum
2352 1417 2380 1476 θῖ
2406 1427 2460 1474 no-

1501 1513 1556 1580 lite
1576 1521 1704 1598 tangere
1730 1533 1809 1600 quae
1832 1531 1942 1582 eorum
1967 1519 2063 1592 sunt,
2087 1531 2126 1580 ne
2156 1513 2355 1580 involvamini
2385 1531 2460 1580 cum

1501 1619 1596 1696 eis»;
1621 1619 1716 1684 lsaiae
1739 1619 1998 1704 quiuquagesimo
2023 1617 2178 1684 secundo:
2207 1645 2223 1678 a
2250 1617 2393 1684 Recedite
2408 1617 2460 1684 Ιεῖθ

1502 1719 1604 1786 medio
1619 1739 1744 1798 eorum,
1766 1721 1863 1786 nolite
1877 1723 2034 1804 pollutum
2057 1729 2185 1804 tangere
2201 1745 2236 1800 »;
2256 1729 2289 1786 θῖ
2310 1722 2459 1786 leremiae

1501 1821 1741 1906 quadragesimo
1764 1831 1888 1890 octavo:
1924 1823 2125 1908 «delinquas
2150 1825 2290 1892 civitates
2315 1833 2348 1890 et
2369 1825 2459 1892 habi-

1501 1933 1563 1994 tate
1590 1927 1622 1992 in
1644 1933 1736 2010 petra
1751 1953 1781 1990 u.
1799 1965 1843 1976 -
1865 1929 1897 1992 lit
1923 1929 1995 2004 hoc,
2019 1945 2059 1994 ne
2082 1929 2290 2014 inquinentur
2312 1927 2459 1996 sordibus

1500 2031 1629 2108 alienis3
1657 2035 1788 2116 propter
1820 2033 1906 2116 quod
1928 2031 2034 2096 addit:
2060 2031 2127 2096 tit8
2147 2033 2315 2116 puluerem
2336 2033 2459 2116 pedum
2523 2083 2524 2086 ,

1500 2143 1686 2200 nestrorum
1709 2135 1848 2200 cecutire
1871 2135 1907 2200 in
1930 2135 2152 2200 testimoninm
2175 2155 2277 2222 rupea·
2299 2137 2389 2214 illoc,
2420 2139 2459 2204 ad

1500 2239 1726 2308 ostendendum
1750 2239 1868 2306 scilicet
1889 2245 2026 2308 vestram
2051 2239 2268 2308 innocentiam.
2294 2243 2355 2308 lloc
2376 2241 2457 2308 lece-

1501 2353 1575 2412 runt
1599 2345 1754 2412 Barnahas
1778 2351 1809 2410 et
1831 2347 1964 2422 Paulus,
1988 2341 2027 2410 de
2051 2345 2167 2428 quihus
2181 2345 2313 2412 hctuum
2339 2345 2458 2412 decimo

1500 2449 1592 2518 terlio
1616 2449 1748 2528 dicitur,
1779 2449 1865 2536 quod
1892 2475 1909 2508 ε
1925 2465 2059 2516 excusso
2083 2449 2214 2532 pulvere
2244 2449 2360 2534 pedum
2384 2467 2457 2516 suo-

1501 2575 1593 2636 rum,
1619 2561 1773 2622 venerunt
1802 2555 1937 2620 lonnium
1955 2581 1986 2618 ε.
2011 2553 2185 2620 Puluerem
2214 2559 2318 2620 autem
2345 2555 2382 2620 de
2404 2573 2457 2638 pc-

1499 2661 1598 2728 ciihus
1620 2667 1767 2728 excutere
1796 2659 1946 2728 estnihil
1984 2659 2021 2724 de
2053 2677 2130 2724 vana
2164 2659 2325 2726 hominum
2357 2659 2457 2744 gloria

1499 2767 1683 2852 permittere
1705 2767 1770 2834 suis
1795 2767 1956 2834 attactibus
1977 2763 2158 2830 adhaerere.
2184 2765 2268 2830 Vana
2291 2763 2371 2830 enim
2390 2763 2455 2848 glo·
2475 2779 2606 2824 untalaim.

1500 2873 1548 2938 ria
1569 2879 1654 2940 recte
1671 2889 1728 2956 per
1746 2871 1917 2958 puluerem
1930 2871 2122 2956 designatur,
2138 2887 2222 2956 quae
2241 2869 2382 2938 elevatur
2399 2887 2455 2954 per

1500 2983 1645 3058 ventum,
1678 2979 1851 3046 secundum
1882 2977 1960 3044 illud
1992 2977 2146 3042 Psalmi⁹:
2176 3001 2190 3034 a
2217 2975 2283 3042 Erit
2305 2981 2455 3061 tanquam

1499 3083 1617 3166 pulviS,
1640 3101 1735 3168 quem
1757 3081 1882 3168 proiicit
1907 3087 2019 3150 ventus
2043 3101 2060 3148 a
2083 3081 2161 3150 facie
2183 3088 2288 3149 terrae
2304 3109 2334 3146 a.

1589 3191 1639 3254 lo.
1667 3189 1765 3272 (Vers.
1794 3191 1848 3268 6.).
1874 3189 2007 3274 Epresai
2039 3195 2146 3256 autem
2175 3187 2364 3256 circuibunt
2394 3193 2607 3264 eto.vu¹1esao·

1499 3293 1569 3358 Post
1590 3295 1809 3360 auctoritatem
1841 3295 2039 3360 commissam
2069 3301 2101 3360 et
2129 3295 2324 3360 honestatem
2351 3293 2453 3358 iniun-
2469 3259 2608 3362 qqqqquapqu

1499 3403 1578 3464 ctam
1604 3397 1765 3484 subiungit
1789 3397 1840 3466 hic
1863 3399 1955 3466 tertio
1982 3399 2174 3484 Evangelista
2195 3397 2369 3466 utilitatem
2394 3401 2454 3466 ml-

1498 3505 1656 3568 iunctom.
1688 3505 1893 3586 Quadruplex
1925 3511 2030 3572 autem
2060 3505 2178 3572 utililas
2210 3505 2384 3572 ostenditur
2417 3507 2454 3574 ad

1497 3611 1755 3694 praedicationem
1782 3613 1997 3694 apostolorum
2021 3611 2203 3690 subsecuta,
2230 3611 2346 3676 scilicet
2367 3613 2454 3678 exol-

1496 3715 1571 3780 tatio
1604 3713 1775 3782 hominum
1806 3717 1853 3782 ud
1881 3715 2106 3794 atadicndum,
2137 3715 2287 3782 excitatio
2313 3717 2452 3784 audien·

1497 3819 1580 3886 tium
1606 3819 1651 3884 θεῖ
1681 3819 1932 3906 conferendum,
1964 3823 2113 3888 excitatio
2138 3819 2375 3904 conferentium
2409 3823 2454 3888 cd

1496 3925 1757 4002 admirandum,
1790 3925 1936 3990 excitatio
1969 3925 2216 3992 admirantium
2245 3925 2293 3992 ud
2324 3927 2453 4012 conspi-

1496 4027 1659 4094 ciendum.

1584 4133 1687 4198 Primo
1710 4151 1786 4220 ergo
1808 4141 1962 4216 quantum
1979 4135 2016 4202 ad
2041 4135 2267 4204 concitationem
2281 4135 2449 4202 dominum
2467 4147 2607 4210 Prinassu-

2504 4205 2565 4242 labo.

1496 4237 1543 4302 θεῖ
1564 4237 1770 4304 auctionatum
1793 4237 1931 4304 dicitur:
1968 4239 2101 4324 Epicuri
2121 4245 2235 4304 atatem
2265 4237 2452 4306 circuibant

1493 4361 1555 4426 per
1577 4341 1726 4420 castella,
1744 4341 2006 4426 euunpciizuntes·
2030 4351 2060 4408 θῖ
2074 4351 2231 4408 curantes
2252 4343 2388 4430 ubique,
2407 4345 2448 4408 ita

1496 4453 1531 4512 ut
1556 4445 1617 4510 iam
1638 4445 1792 4528 inciperet
1815 4445 1935 4530 impleri
1953 4447 2031 4514 illud
2054 4447 2165 4514 Psalmi
2179 4447 2224 4512 1⁰:
2246 4473 2261 4504 «
2279 4449 2309 4512 ln
2326 4465 2448 4514 omnem

1495 4557 1614 4616 terram
1635 4549 1737 4618 exivit
1757 4569 1855 4618 sonus
1870 4569 1980 4618 eorum
1997 4579 2027 4616 a.
2051 4553 2134 4620 Licet
2159 4553 2241 4618 enim
2264 4571 2327 4618 non
2344 4569 2450 4618 omnes

1495 4651 1669 4720 doctrinam
1690 4671 1801 4720 corum
1824 4663 1986 4738 caperent,
2010 4663 2113 4722 tamen
2138 4663 2267 4740 propter
2297 4657 2448 4722 miracula

1544 5091 1668 5146 ‘lvcis
1688 5094 1731 5146 ll.

1562 5179 1571 5210 ἵ
1592 5185 1668 5234 Vera.
1690 5183 1738 5246 aa,
1755 5187 1815 5246 post
1834 5197 1914 5248 quem
1934 5183 1990 5234 lsai.
2009 5183 2057 5244 59,
2081 5183 2118 5232 ll.
2138 5187 2165 5234 et
2183 5181 2230 5232 ler.
2249 5179 2296 5244 ts,
2315 5181 2359 5232 98.

1561 5267 1572 5296 ⁸
1592 5271 1719 5334 Vulgata,
1744 5281 1824 5338 quam
1850 5277 1994 5334 sequuntur
2018 5271 2040 5320 H
2061 5269 2178 5334 cavat,
2197 5267 2447 5336 Etiam,otsnpru

1490 5357 1552 5410 illos
1569 5373 1619 5422 pro
1642 5371 1726 5426 srcper
1750 5357 1819 5410 illos.
1840 5387 1874 5400 -
1892 5357 2008 5410 Subinde
2033 5359 2160 5422 allegatur
2183 5357 2238 5410 hot.
2266 5358 2313 5418 l3,
2333 5357 2380 5420 dl,
2402 5355 2446 5408 uhi

1490 5459 1539 5510 pro
1557 5459 1674 5500 snorum
1691 5447 1803 5510 Vulgata
1815 5443 1845 5498 in
1862 5457 1915 5498 eos.

1561 5529 1683 5584 9Ρεθῖειε.
1697 5533 1726 5596 ῖ,
1746 5531 1768 5582 t.
1790 5531 1841 5584 Clr.
1855 5533 1973 5594 hieron,
1992 5535 2007 5584 l.
2028 5533 2173 5584 Commeat.
2186 5531 2214 5584 in
2232 5533 2319 5584 hlatth.
2340 5533 2385 5592 lo,
2401 5531 2446 5594 tl,

1490 5615 1535 5668 ubi
1554 5617 1621 5670 diras
1642 5617 1825 5682 explicationes
1850 5621 1936 5670 alleri:
1954 5619 2044 5670 Pulvis
2066 5619 2195 5670 exciditur
2220 5619 2253 5670 de
2283 5615 2395 5680 pedihus
2420 5617 2445 5668 in

1490 5705 1668 5758 testimonium
1687 5705 1784 5758 laboris
1802 5707 1858 5770 sui,
1880 5705 1952 5770 quod
1974 5707 2082 5770 ingressi
2102 5707 2153 5758 sint
2171 5707 2310 5768 civitatem,
2330 5711 2355 5758 et
2372 5719 2446 5770 prae·

1489 5791 1584 5842 dicatio
1603 5791 1743 5854 apostolica
1761 5793 1796 5844 ad
1813 5791 1872 5844 illos
1889 5807 1975 5856 usque
1994 5793 2151 5854 pervenerit.
2167 5791 2229 5844 Sive
2246 5791 2373 5844 excutitur
2392 5793 2446 5854 pul·

1489 5879 1542 5940 vis,
1562 5883 1590 5928 ut
1610 5879 1672 5928 nihil
1690 5877 1725 5928 ab
1748 5879 1787 5930 eis
1804 5879 1944 5942 recipiant,
1973 5893 2003 5930 ne
2029 5879 2061 5930 ad
2081 5881 2180 5930 victum
2199 5879 2309 5944 quidem
2329 5889 2445 5928 necessa·

1489 5965 1571 6028 rium,
1590 5965 1635 6030 qui
1656 5967 1825 6030 Evangelium
1846 5965 1992 6028 spreverint
2010 5965 2056 6028 (ita
2080 5965 2159 6016 etiam
2183 5963 2309 6028 Aavgusl„
2334 5965 2382 6028 Qq.
2405 5963 2444 6014 lt.

1489 6051 1514 6102 in
1536 6051 1634 6112 Evang.
1655 6051 1742 6102 hlatth.
1760 6065 1788 6118 q.
1805 6049 1830 6112 7,
1851 6057 1875 6102 θῖ
1892 6049 1977 6114 Βθεῖθ,
1997 6050 2034 6101 lll.
2054 6051 2079 6100 in
2106 6051 2168 6100 Luc.
2185 6049 2217 6110 9,
2236 6047 2283 6112 5.).
2301 6049 2394 6110 Ηῖῖθε.,
2420 6049 2443 6098 iu

1490 6139 1575 6188 llatth.
1597 6137 1638 6188 ld.
1657 6151 1685 6190 n.
1704 6139 1749 6188 l0:
1772 6157 1785 6184 a
1800 6137 1824 6188 ln
1845 6151 1890 6188 θθε
1909 6145 2007 6198 atatem,
2031 6137 2091 6202 qui,
2116 6137 2202 6188 audita
2229 6135 2347 6188 caelestis
2370 6135 2444 6200 regni

1490 6223 1697 6290 praedicatione,
1715 6223 1900 6286 Apostolorum
1928 6229 2067 6286 praecepta
2096 6223 2254 6286 respuerint,
2275 6235 2381 6286 egressu
2405 6235 2448 6274 eo-

1489 6325 1548 6362 rum
1562 6315 1587 6364 et
1606 6313 1682 6374 signo
1700 6311 1816 6372 pulveris
1835 6311 1868 6362 de
1897 6307 2008 6372 pedihus
2038 6309 2137 6362 excussi
2167 6315 2269 6362 aeterna
2298 6309 2443 6360 maledictio

1489 6397 1650 6460 relinquatur
1664 6415 1688 6448 a.
1706 6395 1844 6456 Ambros,
1865 6397 1906 6446 Vl.
1925 6397 1949 6446 in
1973 6397 2036 6448 Luc.
2055 6397 2079 6446 9.
2100 6411 2124 6446 n.
2141 6397 2187 6448 68:
2208 6397 2382 6448 Excutiendus
2403 6407 2444 6458 pe

1490 6485 1554 6536 dum
1572 6481 1674 6548 pulvis,
1693 6497 1726 6534 ne
1745 6481 1922 6534 latiscentihus
1945 6481 2071 6544 perfidiae
2097 6483 2188 6534 sterilis
2214 6481 2373 6534 siccitatibus
2391 6487 2443 6534 tan·

1489 6585 1568 6638 quum
1582 6571 1657 6622 humi
1667 6571 1913 6638 aridoarenosoque
1925 6571 2018 6622 mentis
2033 6577 2091 6624 tuae
2105 6571 2244 6636 v‘estip'um
2253 6571 2384 6634 polluatur
2395 6575 2442 6622 etc.

1488 6657 1539 6710 Gir.
1558 6657 1647 6708 Glossa
1667 6655 1809 6712 ordinaria
1826 6659 1899 6724 apud
1919 6661 2051 6722 Lyrannm
2070 6659 2096 6710 in
2117 6661 2178 6712 buc.
2197 6659 2229 6722 9,
2247 6659 2273 6712 5.

1540 6739 1581 6782 -10
1601 6743 1693 6796 Psalm.
1714 6745 1759 6812 la,
1780 6745 1804 6798 5.
1822 6775 1859 6784 -
1877 6747 2000 6814 Sequitur
2019 6749 2075 6798 hcl.
2096 6749 2124 6808 8,
2147 6747 2171 6798 6.
