5900 8266
602 517 667 584 464

600 695 696 760 honio
713 695 766 762 Dei
793 697 1023 782 comparatione
1039 697 1279 776 iustificabitur,
1297 697 1485 764 4444444444
1499 715 1558 764 suo

600 801 711 886 purior
737 803 798 868 erit
812 809 851 868 a?
875 803 919 868 lbi
942 803 1064 870 Glossa:
1093 831 1110 862 «
1126 805 1265 870 Humana
1291 803 1419 882 iustitia,
1434 803 1558 870 divinae

600 915 798 994 comparata,
831 907 987 976 iniustitia
1018 917 1113 976 est».
1149 909 1187 975 Et
1217 909 1287 976 ideo
1321 909 1374 976 loh
1409 907 1558 994 vigesimo

540 1011 545 1022 “
600 1015 751 1100 quinto1:
780 1039 797 1072 ι(
814 1015 960 1098 4444444444
997 1015 1159 1082 iustilieari
1194 1021 1297 1098 potest
1318 1015 1413 1080 homo
1436 1033 1559 1108 compa·

600 1127 690 1186 ratus
711 1119 775 1186 Deo
794 1127 830 1186 »4
854 1123 944 1206 quasi
966 1121 1064 1186 dicat:
1096 1139 1179 1198 non3
1199 1119 1416 1188 ¹Ecclesiastici
1437 1119 1558 1188 decimo

599 1231 726 1294 octavo:
757 1227 873 1294 «Deus
894 1227 982 1292 solus
1005 1225 1228 1292 iustificabitur
1251 1231 1282 1292 44
1303 1231 1407 1292 manet
1424 1225 1559 1292 invictus

450 1349 579 1394 rostrum.
599 1349 658 1400 rex
698 1331 729 1396 in
764 1339 930 1398 aeternum
945 1357 975 1396 ».
1012 1331 1157 1396 Christus
1192 1331 1308 1416 igitur,
1343 1347 1557 1416 responsurus

599 1435 774 1522 quaestioni
799 1437 869 1504 utili
890 1437 931 1502 ad
959 1437 1093 1504 salutem
1128 1437 1226 1504 totius
1256 1437 1382 1516 mundi,
1407 1443 1557 1522 tanquam

597 1543 748 1628 magister
769 1561 894 1608 morum
920 1551 950 1608 et
972 1543 1101 1610 moralis
1136 1543 1233 1610 totius
1261 1543 1479 1628 philosophiae
1508 1543 1557 1606 in-

509 1721 512 1726 ,
598 1649 721 1732 cepiia
747 1665 872 1714 summo
900 1643 984 1714 bono
1007 1665 1065 1732 per
1085 1649 1271 1728 essentiam,
1304 1669 1322 1714 a
1358 1667 1421 1734 quo
1453 1655 1487 1714 et
1508 1663 1558 1714 se-

597 1753 738 1820 cundum
762 1751 844 1838 quod
871 1761 898 1822 et
925 1753 961 1820 ad
994 1753 1077 1840 quod
1110 1753 1248 1820 ordinari
1270 1753 1365 1822 dehet
1385 1771 1478 1818 omne
1501 1753 1557 1820 ho-

596 1877 694 1940 num;
716 1859 857 1944 alioquin
881 1859 994 1924 desinit
1009 1873 1083 1926 ‘esse
1107 1861 1224 1926 honum
1240 1861 1260 1924 2.
1298 1911 1299 1916 1

690 1963 741 2030 38.
767 1965 869 2048 (Vera.
893 1967 969 2046 aua.
1007 1963 1112 2030 Tertio
1142 1971 1296 2048 quantum
1331 1963 1371 2030 ad
1394 1961 1558 2050 informo-

473 2069 738 2148 assumtionem,
763 2089 834 2154 qua*
860 2071 1039 2136 declaratur
1074 2069 1136 2134 4444·
1170 2067 1405 2154 salutiferum,
1432 2069 1555 2134 subdit:

596 2175 762 2242 Mondaia
782 2173 873 2242 nausti
881 2197 892 2252 ;
925 2173 1010 2260 quod
1044 2173 1228 2258 expressius
1259 2173 1403 2242 Matthaei
1436 2173 1557 2242 decimo

596 2299 681 2348 nono
695 2281 722 2344 ³:
755 2281 812 2346 «Si
836 2281 885 2348 vis
905 2281 945 2346 ad
967 2281 1065 2346 uitam
1088 2279 1224 2364 ingredi,
1250 2299 1338 2350 serua
1364 2281 1508 2350 mandata
1523 2307 1569 2380 »5

539 2381 543 2392 '
598 2389 742 2476 Explicat
764 2395 870 2456 autern
893 2405 947 2468 ea,
970 2405 1043 2456 oum
1062 2387 1233 2456 subinfert:
1251 2385 1325 2456 Mon
1340 2389 1481 2470 occides,
1499 2389 1557 2476 per

448 2515 581 2578 444444-
597 2495 811 2574 444444444444;
843 2495 963 2578 primae
992 2493 1113 2562 loannis
1145 2495 1255 2564 tertio:
1283 2523 1300 2556 «
1317 2497 1376 2582 Qui
1403 2497 1470 2564 odit
1493 2497 1556 2564 lra-

461 2569 568 2614 ⁰¹¹¹²⁶¹³¹⁰'
597 2605 679 2668 trem
705 2619 798 2668 suum
825 2601 978 2668 homicida
1004 2607 1050 2670 est
1066 2627 1095 2682 »;
1115 2609 1144 2670 et
1159 2603 1229 2670 ideo
1256 2605 1400 2672 Matthaei
1426 2605 1554 2688 quinto:

602 2731 619 2764 o
636 2707 786 2794 audistis,
817 2707 891 2794 quia
912 2707 1094 2776 dictumest
1119 2709 1270 2794 antiquis:
1295 2713 1360 2776 Non
1385 2707 1506 2776 nunides
1521 2735 1554 2772 ».

557 2879 558 2882 ,
601 2839 620 2872 a
637 2813 699 2896 Ego
720 2823 826 2880 autem
848 2815 917 2880 dico
947 2815 1052 2894 vohis,
1076 2815 1149 2898 quia
1185 2815 1303 2892 omnis,
1327 2815 1382 2898 qui
1406 2815 1554 2878 irascitur

596 2917 689 2986 fratri
713 2937 787 2998 suo,
815 2937 889 2986 reus
922 2917 981 2986 erit
1014 2917 1129 2984 iudicio
1144 2943 1174 2980 4.
1208 2917 1280 3000 Nou
1313 2913 1553 2994 moechaberis,

431 3049 511 3112 cona
524 3043 653 3110 rasas-per
676 3025 851 3102 lasciviam,
869 3025 945 3108 quia
959 3023 1194 3112 Deuteronomii
1210 3023 1359 3108 vigesimo
1377 3023 1509 3106 septimo
1520 3025 1552 3086 4:

417 3205 422 3216 .
473 3115 537 3146 ‘'¹³³¹‘'
600 3155 616 3190 c<
634 3127 815 3194 Maledictus
837 3127 954 3206 omnis,
976 3127 1029 3212 qui
1056 3127 1172 3194 dormit
1189 3145 1260 3192 cunt
1283 3145 1388 3194 44444
1409 3127 1551 3212 proximi

596 3233 645 3300 sui
661 3259 693 3314 »3
717 3239 749 3298 44
773 3233 917 3300 Matthaei
953 3233 1080 3318 quinto:
1118 3259 1135 3292 «
1150 3233 1302 3314 Audistis,
1328 3233 1402 3318 quia
1433 3233 1551 3300 dictum

594 3347 643 3406 est
664 3339 817 3424 antiquis:
841 3339 906 3406 Non
922 3339 1148 3406 moechaheris.
1166 3339 1227 3424 Ego
1244 3345 1349 3406 444444
1368 3339 1437 3406 dico
1453 3339 1552 3418 uobis

595 3445 678 3532 quod
703 3445 822 3526 omniS,
845 3445 900 3532 qui
925 3445 1038 3514 uiderit
1070 3447 1234 3514 mulierem
1268 3445 1307 3510 ad
1331 3445 1552 3532 concupiscen-

594 3553 670 3620 dum
696 3571 783 3630 eam,
806 3553 869 3618 iam
893 3553 1077 3620 moechatus
1099 3559 1147 3618 est
1169 3551 1203 3616 in
1226 3551 1321 3618 corde
1343 3569 1401 3618 suo
1416 3577 1448 3618 »,
1476 3551 1551 3618 hion

428 3683 507 3748 conoe
527 3693 576 3728 aaa·
593 3659 726 3748 facetum
749 3657 868 3746 facies,
895 3677 951 3746 per
973 3659 1153 3740 auaritiam;
1170 3659 1209 3724 ad
1226 3659 1375 3742 Ephesios
1397 3659 1552 3742 quarto⁵:

470 3741 547 3782 ‘mm'
598 3765 692 3850 «Qui
715 3765 882 3832 iurabatur
912 3765 974 3832 iam
1006 3783 1068 3832 non
1091 3763 1232 3844 4444444,
1259 3765 1354 3850 magis
1380 3773 1485 3832 autem
1509 3767 1554 3832 la-

594 3874 684 3941 horet
708 3871 864 3958 operando
889 3871 1033 3940 manih'us
1057 3871 1155 3940 suis»
1184 3879 1241 3940 etc.
1268 3871 1341 3940 Moe
1363 3871 1491 3958 fabum
1511 3879 1552 3940 44-

423 4001 507 4046 none:
523 4003 579 4066 444-
594 3979 787 4046 attenuatum
809 3977 915 4058 dioec,
941 3997 997 4064 por
1022 3977 1283 4060 fraudulentiam
1310 3977 1551 4044 Proverhiorum

446 4057 571 4144 ‘mentia
594 4085 715 4152 decimo
737 4103 820 4150 nono
833 4085 861 4150 6:
885 4111 901 4144 <t
915 4085 1024 4150 Falsus
1046 4083 1136 4152 testis
1152 4085 1290 4150 nonerit
1307 4083 1497 4168 impunitae,
1521 4089 1552 4152 44

594 4191 650 4278 qui
661 4193 801 4276 loquitur
814 4191 975 4258 mendacia
986 4191 1101 4276 peribit
1114 4219 1146 4258 4.
1162 4191 1300 4258 Honore
1309 4197 1443 4276 putrem
1456 4197 1551 4256 44444

427 4321 576 4386 pronaeae·
594 4305 621 4366 et
645 4305 804 4374 matrem,
831 4297 948 4364 scilicet
970 4315 1028 4380 per
1058 4295 1294 4364 beneficentiam
1303 4319 1311 4376 ;
1346 4293 1549 4364 Ecclesiastici

469 4377 543 4420 “nm
593 4403 704 4473 tertio:
732 4403 825 4488 «Qui
849 4405 982 4470 honorat
1007 4409 1128 4488 patrem
1153 4419 1246 4468 suum
1271 4403 1494 4470 iucundabitur
1519 4401 1550 4468 io

593 4511 674 4578 filiis.
701 4511 737 4576 Et
760 4507 815 4596 qui
839 4509 973 4596 honorat
996 4515 1131 4576 matrem
1165 4525 1255 4576 suam
1289 4509 1353 4576 vita
1378 4509 1461 4576 44444
1482 4511 1550 4576 lon·

593 4619 696 4704 giore;
727 4625 759 4684 et
790 4617 846 4702 qui
880 4617 984 4684 obedit
1017 4617 1097 4702 patri
1135 4615 1335 4702 refrigerabit
1367 4621 1547 4684 matrem».

593 4725 676 4793 Unde
700 4723 883 4790 Ambrosius
897 4723 922 4788 ⁷:
953 4749 969 4780 a
984 4721 1108 4788 Primus
1132 4723 1248 4808 gradus
1273 4721 1398 4806 pietatis
1412 4729 1460 4790 est
1475 4723 1546 4802 iste;

591 4849 665 4898 nam
687 4831 746 4898 hos
770 4835 915 4896 auctores
937 4827 993 4896 tihi
1019 4827 1117 4894 voluit
1141 4845 1209 4894 esse
1230 4827 1325 4894 Deus.
1349 4829 1471 4894 Honora
1493 4827 1548 4894 ob-

593 4933 710 5020 sequiis
732 4939 764 5002 et
787 4933 942 5002 abstineas
966 4951 983 5000 4
1016 4933 1232 5012 contumeliis:
1265 4933 1340 5018 quia
1365 4951 1422 5000 nec
1459 4933 1547 5000 44444

593 5041 720 5126 quidem
741 5037 891 5104 laedenda
914 5037 1014 5124 pietas
1037 5047 1085 5104 est
1114 5045 1282 5120 parentum
1297 5061 1330 5116 »3
1344 5037 1422 5104 ideo
1447 5035 1548 5104 Eccle-

659 5513 671 5558 4
690 5515 765 5566 Vers.
787 5511 810 5562 4.
832 5511 884 5564 Cir.
904 5519 967 5564 torn.
986 5511 1030 5564 Vl.
1048 5525 1109 5576 pag.
1128 5509 1176 5574 53,
1196 5517 1255 5566 nota
1277 5511 1300 5564 3.
1316 5511 1398 5566 rerba
1416 5511 1544 5578 Gregorii.

590 5631 624 5644 ·-·
644 5603 767 5668 Sequitur
786 5601 862 5652 Eecli.
883 5601 930 5662 48,
952 5601 977 5652 l.

645 5691 672 5754 'o
689 5691 741 5746 Ch:
760 5689 874 5752 Aristot,
893 5691 911 5742 l.
929 5691 1010 5742 Ethic.
1031 5703 1053 5742 c.
1073 5691 1099 5742 2.
1116 5695 1143 5742 44
1156 5689 1209 5742 XM.
1223 5691 1336 5756 Metaph.
1350 5695 1409 5744 text.
1427 5689 1470 5744 52.
1490 5689 1545 5756 (Xl.

590 5797 613 5836 o.
632 5781 694 5850 444).
714 5809 748 5822 -
767 5779 894 5842 superios
913 5791 961 5844 pro
979 5791 996 5832 4
1014 5791 1122 5832 aninmo
1143 5777 1211 5832 hono
1229 5779 1314 5834 CDu
1335 5779 1407 5834 trino
1420 5779 1487 5834 hono
1507 5779 1543 5846 (in

589 5873 612 5926 D
629 5873 744 5926 secunda
764 5881 858 5922 maritis
875 5867 948 5922 triam
968 5867 1109 5922 delendum
1126 5869 1246 5936 notavit).

661 5959 671 5992 ⁸
689 5961 765 6014 Vers.
779 5957 819 6010 47.
839 5985 874 5998 -·
894 5959 951 6010 Duo
971 5971 1045 6024 seqq.
1063 5957 1113 6010 loci
1126 5951 1185 6010 sunt
1199 5961 1217 6010 l.
1230 5959 1298 6010 ioan.
1312 5959 1344 6022 3,
1358 5959 1402 6010 45.
1420 5963 1446 6010 44
1459 5959 1545 6010 Motth.

589 6051 620 6118 5,
638 6051 683 6100 at.
700 6063 756 6116 seq.
775 6075 810 6088 -·
828 6049 936 6100 interius
956 6061 1003 6112 pro
1024 6045 1153 6114 Explicet
1170 6051 1261 6102 444444
1281 6061 1310 6100 44
1324 6047 1407 6100 Act)
1418 6045 1546 6116 Empticet

587 6139 680 6192 444444
697 6137 731 6190 44.

659 6225 672 6256 4
689 6227 764 6278 Vers.
784 6225 825 6278 Ml.
848 6223 907 6292 (pro
924 6223 1048 6292 preciadi
1062 6223 1110 6278 444
1128 6225 1238 6290 Vulgata
1248 6223 1340 6292 putris
1351 6223 1413 6292 444,
1424 6225 1469 6276 444.
1482 6225 1546 6276 Len.

478 6383 479 6386 Ἴ
589 6317 635 6378 48,
656 6313 708 6382 44.)
730 6321 753 6368 et
773 6313 868 6368 deinde
886 6313 975 6364 Matth.
993 6313 1026 6378 5,
1046 6313 1089 6364 47.
1108 6325 1163 6378 seq.

660 6401 763 6456 5Vers.
785 6403 827 6454 48.
847 6401 930 6454 Codd.
948 6397 1032 6454 CDG
1050 6401 1173 6454 omittunt
1190 6397 1337 6468 operando.

659 6489 671 6520 ‘⁵
689 6491 762 6544 Mers·
777 6491 802 6544 5.
818 6517 857 6530 -
874 6487 991 6542 Subinde
1009 6491 1155 6554 allegantur
1173 6487 1248 6540 Eccli.
1268 6487 1299 6552 3,
1317 6487 1344 6538 6.
1361 6491 1387 6538 44
1400 6487 1425 6550 7,
1438 6485 1484 6538 tihi
1496 6501 1545 6552 pro
1560 6449 1575 6500 '¹

587 6583 703 6634 neutram
722 6593 804 6634 seem
821 6579 879 6632 Mat.
899 6591 960 6630 corn
981 6577 1095 6644 Vulgata
1109 6579 1219 6644 petrem
1237 6589 1328 6630 44444.

659 6665 669 6696 a
688 6667 757 6718 libr.
779 6667 841 6720 Mlti.
860 6667 884 6718 in
899 6667 966 6748 Luc.
986 6679 1008 6718 c.
1029 6667 1071 6718 48.
1091 6679 1115 6716 4.
1133 6663 1185 6728 74,
1214 6663 1258 6718 rtbi
1274 6667 1332 6726 'pro
1360 6667 1384 6716 et
1413 6661 1547 6716 4444444444

581 6755 635 6824 Ι(444
655 6755 752 6818 GDG;
770 6757 794 6806 ll
812 6769 873 6808 cum
891 6753 970 6808 Card.
989 6755 1058 6820 Hug.
1077 6751 1173 6806 omittit
1190 6755 1228 6816 et)
1247 6751 1306 6802 Mat.
1325 6765 1386 6804 cum
1407 6757 1477 6832 textu
1494 6751 1548 6802 ori·

590 6841 672 6910 ginali
691 6845 721 6898 44
739 6841 880 6898 abaciacus.

1172 519 1365 586 COMMENT.
1388 521 1426 586 IN
1448 517 1686 588 EthNGElIUll
1711 521 1827 588 LUChE
1853 523 1882 586 C.
1910 521 2007 586 llVlll.
2091 577 2092 580 ,
2171 547 2172 550 “

1620 695 1736 766 siastici
1759 695 1887 762 tertioss:
1919 723 1934 754 «
1951 697 2008 780 Qui
2035 695 2121 764 timet
2154 697 2320 762 Dominum
2356 697 2489 762 honorat
2525 715 2579 784 pa·

1620 809 1728 870 rentes
1739 807 1770 868 44
1787 803 1875 886 quasi
1891 803 2026 868 dominis
2042 803 2157 870 serviet
2172 803 2223 868 his
2237 803 2292 886 qui
2308 821 2343 868 se
2354 809 2533 886 genuerunt
2544 829 2576 868 a.

1710 909 1761 976 39.
1788 907 2053 976 44444444444444
2067 909 2134 988 hic,
2160 907 2243 994 quod
2274 907 2424 974 Dominus
2448 925 2578 976 4444444-
2592 925 2728 988 stuporata

1621 1021 1672 1082 rat
1694 1015 1745 1084 hic
1769 1021 1935 1100 praecepta
1959 1015 2111 1080 4444444444
2133 1021 2167 1080 44
2189 1013 2408 1102 suffieimeter:
2424 1015 2577 1080 ordinato
2597 979 2729 1076 iihii‘id

1621 1119 1763 1204 quidem,
1790 1119 1864 1204 quia
1886 1119 1977 1204 prius
1998 1125 2046 1186 est
2060 1119 2250 1186 declinarea
2267 1119 2460 1204 malequam
2476 1119 2578 1188 lacere

1621 1223 1780 1300 oonnm⁹;
1804 1229 1834 1288 et
1859 1223 1927 1288 ideo
1949 1223 2040 1306 prius
2061 1223 2150 1306 ponit
2166 1223 2307 1306 negativa
2329 1241 2424 1306 quam
2439 1225 2577 1288 44444444-

1622 1329 1693 1396 tiva.
1721 1327 1940 1414 Suffietouter,
1966 1327 2040 1414 quia
2060 1327 2207 1392 mandata
2231 1327 2351 1412 primae
2372 1327 2497 1394 tabulae
2515 1345 2576 1394 non

1621 1441 1694 1502 suot
1717 1435 1755 1500 de
1778 1433 1923 1518 agendis,
1946 1433 1999 1500 sed
2024 1433 2127 1518 potius
2163 1431 2301 1518 dirigunt
2324 1433 2357 1498 in
2379 1433 2459 1500 illud
2489 1453 2577 1500 sum-

1622 1557 1707 1606 mum
1744 1541 1902 1606 honum1⁰
1925 1537 2182 1616 desiderandum
2207 1537 2270 1604 duo
2298 1557 2372 1606 uero
2405 1540 2514 1606 ultima
2537 1539 2575 1606 de

1621 1645 1872 1728 concupiscentia
1895 1645 2005 1710 uxoris
2030 1649 2069 1732 ot
2088 1643 2132 1708 rei
2167 1641 2285 1710 alienae
2313 1645 2513 1712 reducuntur
2537 1643 2576 1708 ad

1620 1749 1863 1834 prohihitionem
1885 1747 2046 1814 moechiae
2067 1753 2100 1814 et
2126 1739 2215 1816 furti.
2239 1749 2325 1816 Unde
2350 1749 2379 1816 in
2407 1751 2465 1816 hcc
2488 1749 2575 1816 sulii·

1621 1855 1739 1924 cienter
1760 1855 1851 1920 docet
1873 1853 2028 1920 declinare
2052 1873 2184 1920 omnem
2222 1857 2502 1922 deordiootiooem
2527 1873 2574 1922 re-

1621 1967 1731 2046 spectu
1752 1959 1887 2044 proximi
1915 1967 1944 2026 44
1967 1965 2121 2044 quantum
2145 1959 2184 2026 ad
2208 1959 2396 2027 irascibilem
2421 1968 2452 2027 et
2476 1979 2574 2046 quan-

1621 2077 1688 2136 turn
1710 2069 1750 2134 ad
1772 2065 2061 2152 concupiscibilem,
2085 2071 2118 2132 et
2139 2073 2295 2150 quantum
2317 2067 2357 2134 ad
2379 2067 2573 2152 operativum

1621 2181 1650 2242 44
1675 2181 1827 2262 quantum
1852 2173 1890 2240 ad
1906 2171 2193 2258 interpretativam;
2220 2177 2250 2238 et
2273 2173 2364 2240 docet
2384 2173 2479 2240 etiam
2501 2191 2574 2260 per-

1619 2281 1731 2350 lectam
1755 2281 1996 2368 henefieentiom
2017 2297 2073 2366 per
2098 2279 2244 2346 ultimum
2261 2279 2452 2346 mandatum.
2480 2281 2514 2348 tt
2531 2281 2573 2348 sic

1620 2389 1649 2456 in
1676 2389 1724 2456 his
1748 2389 1947 2468 continentur
1971 2389 2034 2456 duo
2058 2393 2226 2474 praecepta
2247 2385 2324 2472 legis
2348 2387 2517 2468 naturalis,
2535 2387 2572 2454 de

1620 2515 1756 2582 quorum
1772 2497 1875 2580 primo
1890 2495 2004 2564 Tobiae
2027 2501 2140 2582 quarto
2156 2497 2196 2560 l¹:
2229 2521 2244 2554 a
2259 2493 2351 2578 Quod
2370 2493 2410 2560 ab
2426 2493 2486 2560 alio
2500 2493 2572 2560 ode-

1619 2605 1662 2668 ris
1687 2603 1743 2668 tihi
1764 2603 1832 2668 fieri
1859 2603 2005 2682 uidesne
2029 2609 2063 2668 tu
2087 2601 2254 2686 aliqnando
2270 2601 2360 2668 alteri
2377 2599 2515 2680 taraiasa
2534 2599 2571 2668 de
2611 2675 2612 2678 Ἴ

1620 2709 1757 2776 secundo
1767 2707 1912 2772 Matthaei
1931 2707 2077 2790 septimo:
2102 2707 2250 2786 «Omnia,
2267 2723 2487 2790 quaecumque
2502 2707 2571 2772 vul-

1619 2813 1677 2892 iis,
1700 2819 1737 2878 44
1758 2813 1873 2892 4444444
1904 2811 1995 2878 uobis
2023 2811 2182 2890 homines,
2204 2817 2238 2876 et
2260 2827 2316 2876 vos
2340 2809 2447 2876 eadem
2483 2809 2572 2878 facite

1617 2917 1679 2984 illis
1694 2943 1723 2980 a.
1750 2917 1780 2980 ln
1806 2915 1854 2982 his
1877 2915 1968 2982 etiam
1988 2915 2164 2982 continetur
2181 2915 2373 2982 sufficienter
2390 2917 2570 2982 mandalum

1617 3021 1654 3088 de
1679 3021 1841 3088 dilectione
1874 3021 2022 3106 proximi,
2049 3021 2085 3088 de
2122 3039 2184 3106 qua
2213 3021 2329 3088 dicitur
2354 3021 2389 3088 ad
2417 3023 2568 3088 Romanos
2645 3011 2646 3014 '

1617 3127 1737 3196 decimo
1766 3127 1875 3194 tertio:
1903 3127 1996 3212 «Qui
2029 3127 2130 3214 diligit
2165 3127 2346 3214 proximum
2381 3129 2482 3214 legem
2512 3127 2570 3194 im-

1617 3233 1757 3318 plcvll».

1706 3341 1759 3406 40.
1784 3341 1885 3424 (Mers.
1910 3341 1988 3424 44.).
2013 3341 2049 3406 Et
2072 3341 2220 3424 qnoniam
2245 3343 2321 3408 haec
2345 3343 2490 3408 mandata
2508 3361 2570 3410 non
2593 3353 2725 3406 Notandum.

1619 3447 1789 3514 iustihcant
1813 3465 1869 3534 per
1892 3445 2064 3532 simplicem
2085 3443 2247 3526 notitiam,
2270 3447 2325 3514 sed
2360 3463 2417 3532 per
2443 3449 2569 3532 experi-

1616 3552 1782 3618 mentalem
1808 3553 2054 3632 observantiam3
2070 3553 2139 3620 ideo
2154 3571 2217 3620 non
2234 3553 2405 3640 quaerebat
2421 3553 2571 3620 Dominus

1617 3657 1787 3726 depotitio
1823 3657 1971 3742 simplici,
2007 3677 2078 3724 cum
2114 3659 2253 3726 dicebat:
2284 3661 2446 3726 Mondaia
2469 3661 2570 3738 44444,

1618 3763 1671 3832 sed
1695 3763 1731 3832 de
1757 3763 2012 3850 experimentali,
2028 3765 2118 3850 quia,
2135 3765 2215 3832 sicut
2232 3765 2346 3834 dicitur
2364 3765 2400 3832 ad
2418 3769 2571 3832 Romanos

1617 3871 1755 3936 secundo
1768 3871 1805 3948 1²,
1836 3895 1852 3928 a
1866 3887 1928 3936 444
1957 3869 2118 3936 auditores
2144 3871 2239 3956 legiS,
2262 3871 2316 3936 sed
2338 3871 2472 3938 factores
2496 3871 2571 3956 legis

1616 3975 1692 4042 iusti
1707 3981 1781 4042 sunt
1796 3975 1881 4060 apud
1895 3975 1995 4042 Deum
2009 4001 2037 4038 4.
2057 3975 2126 4042 Meo
2141 3975 2181 4042 ad
2196 3975 2256 4042 hoc
2270 3975 2439 4060 respondet
2453 3977 2511 4044 iste
2528 3977 2571 4044 le-

1616 4081 1784 4168 gisperitus
1809 4081 1890 4148 sicut
1911 4081 2103 4166 intelligens,
2131 4099 2202 4148 cum
2226 4081 2387 4168 sequitur:
2415 4081 2482 4166 Qui
2503 4081 2571 4150 44.·

1614 4189 1706 4254 Η444
1727 4189 1841 4254 omniu
1865 4177 2027 4254 4444444444
2042 4207 2066 4254 4
2080 4189 2246 4254 lemmate
2261 4207 2355 4264 meo:
2372 4193 2401 4256 et
2426 4189 2484 4254 hoc
2501 4189 2571 4274 qui-

1613 4293 1686 4360 dem
1709 4295 1884 4362 secundum
1898 4293 2064 4360 consilinm
2079 4293 2232 4378 Sapientis
2249 4291 2492 4360 Proverhiorom
2507 4297 2574 4360 ter·-

1615 4399 1658 4466 444
1671 4401 1716 4466 13:
1746 4427 1762 4460 a
1776 4399 1848 4480 Fili,
1874 4417 1911 4468 ne
1928 4399 2122 4468 obliviscaris
2137 4399 2212 4486 legis
2227 4417 2331 4480 meae,
2348 4405 2381 4468 et
2402 4405 2569 4486 praecepta

1615 4523 1684 4572 mea
1706 4523 1761 4572 cor
1784 4511 1875 4572 tuum
1893 4507 2056 4572 custodiat.
2074 4505 2311 4590 longitudinem
2333 4507 2416 4572 enim
2444 4505 2568 4574 dierum

1613 4619 1647 4678 et
1667 4629 1767 4678 annos
1787 4611 1872 4678 uitae
1894 4615 1925 4678 44
1949 4629 2053 4696 pacem
2086 4619 2244 4696 apponent
2266 4611 2321 4678 tihi
2334 4637 2368 4692 »3
2390 4613 2464 4696 quia
2494 4611 2570 4680 dioi-

1613 4725 1666 4786 tur
1691 4717 1893 4786 Ecclesiastae
1914 4723 2041 4786 octavo:
2080 4745 2095 4778 o
2108 4717 2167 4804 Qui
2199 4717 2334 4786 custodit
2365 4726 2568 4806 praeceptum

1612 4843 1674 4890 non
1700 4823 1884 4910 experietur
1906 4823 2079 4910 quidquam
2101 4823 2174 4890 mali
2192 4851 2221 4890 a.

1703 4929 1755 4996 44.
1780 4921 1881 5014 (Vers.
1905 4929 1981 5010 44.).
2009 4931 2127 5014 Quarto
2160 4938 2316 5014 quantuni
2342 4931 2383 4996 ad
2416 4927 2570 4998 44444444-
2588 4943 2700 5000 Quartum.

1613 5035 1749 5112 4444444,
1774 5053 1838 5118 qua
1859 5033 2012 5100 suadetur
2039 5033 2251 5120 4444444444
2273 5035 2335 5100 iter
2363 5033 2568 5122 perfectam,

1679 5507 1786 5564 ⁸Vers.
1805 5511 1830 5562 8.
1913 5513 1914 5516 ’

1678 5595 1803 5652 9444444.
1826 5601 1872 5664 344,
1895 5601 1942 5654 ei:
1963 5599 2064 5654 beclina
2085 5599 2187 5652 amalo
2207 5607 2230 5652 44
2251 5605 2289 5654 444
2309 5599 2418 5656 bonum.

1679 5685 1703 5718 ¹⁰
1721 5689 1802 5744 Codd.
1823 5689 1904 5742 CDH
1922 5689 1992 5744 illud
2012 5687 2113 5744 trinum
2134 5689 2250 5756 444444,·
2269 5693 2316 5744 eir.
2336 5691 2373 5742 ill.
2393 5693 2461 5744 Seni.
2475 5691 2502 5742 d.
2522 5693 2566 5744 37.

1607 5793 1632 5832 4.
1652 5781 1674 5830 i.
1695 5795 1722 5848 q.
1742 5779 1917 5848 l;lh·eviloq.
1937 5793 1965 5844 p.
1984 5779 2017 5830 V.
2036 5791 2058 5830 c.
2078 5779 2103 5830 9.
2122 5785 2148 5830 44
2165 5777 2255 5830 Collat.
2276 5779 2299 5832 4.
2319 5779 2351 5832 de
2372 5781 2466 5832 Decem
2486 5781 2563 5834 Prae-

1607 5873 1674 5934 cept.
1694 5883 1720 5920 n.
1739 5869 1783 5932 44,
1806 5867 1851 5920 uhi
1870 5869 1918 5920 tria
1937 5867 2038 5932 primae
2057 5867 2160 5920 tabulae
2179 5873 2319 5932 praecepta
2339 5867 2424 5922 trihus
2445 5869 2567 5932 personis

1607 5955 1738 6010 Trinitatis
1757 5959 1970 6022 appropriantur.
1988 5955 2052 6010 lhid.
2066 5955 2145 6010 etiam
2157 5957 2327 6010 inveniuntur
2339 5971 2408 6022 quae
2420 5957 2565 6022 respiciunt

1607 6053 1746 6112 praecepta
1766 6053 1886 6110 respectu
1905 6045 2025 6112 proximi.
2041 6073 2079 6084 —
2096 6049 2222 6112 Superius
2241 6053 2300 6112 post
2312 6045 2358 6100 sed
2367 6043 2460 6114 petiam
2477 6047 2500 6096 G
2519 6047 2563 6098 ad·

1610 6133 1649 6186 dit
1667 6133 1698 6188 dc
1718 6133 1758 6190 leis
1778 6149 1856 6202 quoe.

1679 6219 1702 6252 ¹¹
1722 6223 1795 6276 Vers.
1816 6223 1826 6274 4
1834 6223 1857 6274 4.
1871 6251 1906 6262 -
1918 6223 1976 6274 Deio
1994 6235 2068 6290 seqq.
2089 6223 2138 6274 loci
2156 6229 2216 6276 sunt
2234 6223 2322 6274 Matth.
2340 6221 2371 6286 7,
2393 6223 2433 6274 ta.
2453 6225 2476 6274 et
2489 6223 2565 6276 Rom.

1611 6313 1660 6378 43,
1679 6313 1704 6364 8.
2042 6327 2043 6330 ’
2489 6345 2491 6350 -

1680 6395 1703 6430 ¹2
1724 6399 1797 6452 Vers.
1816 6399 1826 6448 4
1835 6399 1857 6450 3.
1872 6399 2009 6450 -Glossa
2029 6397 2170 6454 ordinario
2190 6399 2215 6450 in
2234 6399 2323 6450 Matth.
2343 6397 2390 6460 te,
2409 6397 2443 6450 47
2453 6417 2459 6450 :
2477 6385 2583 6454 Seruo

1609 6485 1748 6540 mandute.
1768 6489 1815 6538 iste
1835 6487 1994 6554 quaesierat:
2018 6487 2088 6552 Quid
2103 6487 2224 6556 sociem?
2243 6487 2338 6540 Contra
2351 6499 2403 6538 non
2416 6487 2466 6556 ait,
2478 6487 2565 6552 Disce,

1608 6577 1671 6642 quia
1688 6577 1758 6628 Deus
1778 6589 1839 6628 eum
1857 6575 1994 6640 docuerat,
2009 6579 2090 6628 factor
2102 6577 2232 6628 rationalis
2252 6581 2401 6642 creatorem
2414 6577 2566 6644 ostendere,

1609 6665 1670 6730 qnia
1689 6665 1730 6716 ille
1746 6679 1798 6718 noo
1816 6669 1856 6718 est
1873 6661 1974 6730 bonne,
2001 6667 2046 6732 qni
2075 6665 2175 6732 quaerit
2204 6667 2237 6718 de
2267 6665 2348 6732 hono,
2367 6667 2414 6720 sed
2439 6667 2485 6734 qui
2505 6667 2565 6718 iacit

1611 6751 1683 6818 quod
1703 6751 1801 6804 bonum
1820 6757 1866 6806 est.
2603 6751 2607 6758 ’

1681 6835 1704 6868 ¹³
1725 6839 1799 6892 Mers.
1820 6841 1845 6892 4.
1862 6853 1918 6908 seq.
1937 6845 1965 6892 et
1981 6839 2076 6892 deinde
2096 6841 2178 6892 Eccle.
2201 6841 2228 6906 8,
2248 6841 2274 6896 5.
