5908 8266
592 609 656 676 766
760 621 762 624 ·
1454 609 1569 676 INDEX
1592 607 1719 678 RERUM

874 697 938 748 444
2219 701 2286 754 444

592 785 783 842 convertendus
800 785 960 838 documenta
982 785 1166 850 Apostolorum
1187 787 1230 840 de·
1268 815 1299 826 -
1320 787 1368 854 Qui
1389 785 1491 854 quaerit
1508 787 1617 850 gloriam
1633 787 1656 838 in
1676 787 1725 838 hoc
1745 785 1902 838 nrurrdoini-
1941 787 2051 840 habetur
2071 787 2251 842 immortalitas
2268 787 2368 852 gloriae
2387 789 2410 840 in
2431 791 2503 844 caelo
2525 789 2577 842 464

591 875 669 928 1444444
701 873 820 926 44444444
850 871 901 924 492
929 873 964 926 54
990 901 1027 912 -
1053 875 1229 928 laudaverunt
1266 875 1377 928 miratur
1395 875 1451 928 Deo
1469 873 1521 926 486
1540 873 1575 926 40
1940 889 1965 928 n.
1987 877 2019 928 13
2036 877 2223 940 -Sapientia
2243 877 2313 930 utitis
2336 883 2376 928 est
2393 877 2577 942 adaugmen-

527 957 528 960 ’
591 961 738 1018 Creatorem
759 961 1084 1026 44414444149562-
1101 963 1228 1016 moriente
1320 961 1902 1026 -01441444444441444444444444444414·
1941 969 1995 1018 turn
2009 965 2106 1030 gloriae
2121 965 2152 1016 26
2172 979 2200 1030 q.
2217 967 2280 1016 2-
2294 967 2341 1016 944
2361 967 2575 1030 glorificationem

591 1051 702 1114 Christo,
714 1057 802 1114 aperta
815 1051 986 1104 confessionis
999 1063 1065 1102 voce
1079 1051 1161 1104 Deum
1174 1051 1230 1116 glo·
1265 1051 1303 1104 ria
1334 1063 1415 1118 quam
1451 1051 1556 1102 stultitia
1590 1063 1651 1102 cum
1685 1061 1782 1114 magna
1820 1051 1901 1114 gloria
1941 1051 2009 1104 0444
2025 1051 2072 1104 644
2087 1051 2170 1104 vitam
2185 1057 2317 1104 aeternam
2336 1051 2387 1102 468
2408 1051 2424 1102 4
2442 1081 2477 1090 -
2498 1051 2577 1116 Spiri-

591 1139 692 1192 ridcant
710 1139 762 1190 682
780 1137 814 1190 57
1267 1139 1299 1192 71
1324 1139 1356 1190 73
1381 1147 1409 1190 v.
1430 1139 1441 1190 4
1464 1165 1500 1178 -
1527 1141 1656 1192 honorum
1682 1135 1848 1202 redarguitur
1877 1141 1901 1192 in
1940 1143 1980 1192 tus
2000 1145 2102 1192 4444444
2123 1139 2183 1192 14444
2200 1153 2250 1192 444
2266 1139 2435 1192 4446644444
2453 1137 2576 1192 circuitus

644 1229 743 1280 644444
763 1255 798 1264 -
817 1231 855 1280 444
874 1225 966 1280 4444444
983 1225 1096 1280 Arabiae
1114 1227 1158 1280 711
1176 1227 1228 1280 202
1267 1225 1361 1290 44404,
1384 1227 1409 1278 in
1428 1225 1515 1280 officio
1538 1231 1566 1280 et
1584 1225 1608 1276 iu
1633 1225 1709 1288 signo
1732 1225 1776 1278 711
1796 1225 1846 1278 619
1868 1225 1901 1280 54
1940 1225 2037 1292 gloriae
2060 1227 2088 1278 l3
2110 1243 2136 1278 v.
2153 1225 2176 1278 7
2189 1255 2224 1264 -
2245 1225 2325 1280 Cibus
2342 1225 2481 1278 aeternalis
2502 1225 2577 1278 nobis

593 1315 625 1368 47
652 1345 688 1358 -
713 1315 898 1380 interpretatur
923 1315 1026 1368 advena
1058 1321 1085 1368 et
1108 1315 1230 1380 designat
1266 1341 1300 1354 -·
1320 1315 1369 1382 Qui
1388 1315 1421 1368 64
1450 1315 1531 1380 gloria
1560 1328 1615 1366 non
1643 1321 1716 1366 curat
1748 1329 1799 1368 non
1826 1317 1902 1370 sentit
1940 1315 2098 1368 ministratur
2120 1315 2144 1366 in
2164 1327 2254 1366 mensa
2271 1315 2373 1378 gloriae
2390 1315 2442 1368 556
2459 1315 2521 1366 4.8
2543 1339 2577 1354 -

592 1411 684 1468 gentes
703 1399 765 1456 ibid.
783 1431 819 1446 -·
837 1403 974 1466 Gerascni,
993 1399 1083 1456 andita
1094 1405 1229 1456 sanatione
1267 1403 1451 1456 contumeliam
1469 1405 1504 1456 71
1523 1401 1575 1456 367
1593 1403 1629 1456 67
1942 1405 1965 1456 14
1986 1403 2101 1468 gloriae
2123 1405 2175 1456 Deo
2194 1407 2301 1456 curatur
2321 1401 2428 1456 miseria
2444 1407 2471 1456 et
2490 1399 2577 1456 tribui·

591 1491 768 1556 daemoniaci,
789 1497 953 1558 rogaverunt
970 1493 1070 1558 lesam,
1096 1495 1126 1542 ul
1149 1491 1230 1546 disce
1318 1493 1428 1544 -Deo
1451 1491 1536 1544 omnis
1562 1491 1644 1556 gloria
1661 1489 1773 1546 debetur
1798 1485 1902 1546 71343
1940 1497 1982 1546 444
2001 1491 2107 1544 felicitas
2126 1491 2178 1542 668
2197 1491 2212 1542 3
2231 1519 2266 1528 -
2284 1491 2355 1542 Deus
2373 1491 2398 1542 in
2416 1489 2577 1556 gloriaexal·

519 1597 523 1604 ¹·
591 1581 664 1634 64444
692 1579 725 1632 ab
753 1579 919 1632 41420664
945 1607 978 1618 -
1004 1577 1230 1634 6144444644444-
1268 1579 1299 1632 23
1319 1607 1354 1620 -
1374 1583 1457 1632 Deum
1470 1579 1605 1634 clarificari
1623 1579 1655 1632 ab
1675 1581 1780 1634 tramine
1799 1595 1852 1636 non
1866 1587 1903 1636 est
1941 1585 1990 1648 tal,
2007 1593 2068 1632 cura
2087 1579 2128 1632 64
2140 1579 2246 1632 miseria
2257 1579 2292 1630 ad
2310 1593 2422 1644 regnum
2435 1583 2513 1632 vocat
2524 1577 2577 1630 696

591 1667 1230 1734 444444444444444414444447129860-
1268 1669 1379 1732 gloriam
1397 1669 1513 1734 aliquam
1535 1667 1697 1722 abhomine
1722 1669 1772 1722 sibi
1797 1669 1854 1724 dari
1880 1679 1905 1726 44
1943 1669 2011 1720 2-
2028 1671 2059 1720 ln
2076 1667 2159 1732 gloria
2180 1665 2421 1732 spiritusrcdilad
2438 1669 2523 1720 Deum
2544 1665 2576 1720 97

592 1757 748 1810 Prudentius
767 1757 903 1810 Gerasenis
931 1759 1048 1808 fecerunt
1076 1755 1230 1810 Samaritani
1268 1757 1357 1822 augeri
1380 1757 1431 1810 348
1454 1757 1488 1808 80
1511 1787 1545 1796 -
1569 1759 1638 1810 0444
1660 1765 1769 1822 propter
1793 1759 1902 1824 gloriam
1942 1773 1968 1810 v.
1990 1759 2060 1810 7-
2076 1755 2204 1810 Dominus
2216 1767 2263 1820 per
2276 1755 2386 1822 gloriam
2400 1757 2511 1822 accipiet
2529 1769 2577 1810 nos

591 1845 635 1898 Vll
654 1847 706 1898 207
725 1845 759 1898 64
1267 1861 1340 1900 suam
1355 1861 1406 1900 oon
1419 1845 1521 1912 indiget
1537 1843 1617 1900 bonis
1634 1847 1728 1900 nostris
1749 1845 1800 1900 376
1820 1847 1852 1900 15
1871 1875 1904 1888 -
1942 1849 1976 1900 ad
1995 1845 2165 1912 semetipsum
2186 1843 2314 1896 4563-
2332 1845 2362 1896 ln
2380 1845 2460 1908 gloria
2481 1845 2577 1898 similes

646 1935 807 1986 Garumnam
826 1961 860 1972 -
880 1937 936 1986 erat
953 1933 1015 1986 villa
1033 1933 1060 1984 in
1080 1941 1167 1988 monte
1188 1933 1231 1988 oli·
1268 1933 1315 1988 Dei
1333 1941 1372 1986 444
1390 1933 1496 1990 divinae
1512 1935 1616 1990 virtutis
1634 1935 1785 2002 magnitudo
1802 1935 1850 1988 403
1872 1937 1904 1990 53
1942 1937 2040 1990 erimus
2054 1935 2157 2000 Angelis
2172 1933 2213 1986 Vll
2228 1931 2279 1984 646
2294 1933 2325 1984 42
2338 1961 2375 1970 -
2386 1935 2413 1984 ln
2426 1933 2468 1986 die
2479 1933 2577 1998 gloriae

591 2035 696 2088 varum,
713 2021 739 2076 iu
759 2035 811 2088 qua
830 2011 887 2074 erat
903 2023 996 2074 hortus
1016 2021 1047 2074 71
1070 2021 1120 2074 468
1140 2023 1155 2074 6
1321 2053 1356 2062 -
1375 2025 1475 2088 Negare
1495 2027 1568 2092 quod
1585 2025 1708 2090 accepisti
1726 2037 1777 2076 uon
1798 2029 1836 2076 est
1850 2025 1905 2090 glo·
1942 2025 2015 2078 electi
2033 2023 2122 2080 omnia
2138 2021 2266 2078 videbunt
2285 2023 2354 2074 clare
2373 2021 2404 2072 Vl
2426 2019 2476 2074 463
2496 2021 2529 2072 34

646 2111 756 2164 6444444
773 2139 806 2148 -
827 2109 1077 2172 dominantiumest
1093 2111 1187 2176 triplex
1199 2113 1230 2164 71
1268 2111 1335 2168 riam
1354 2113 1418 2166 6444
1446 2113 1501 2166 044
1518 2113 1554 2166 71
1580 2113 1632 2166 378
1660 2113 1695 2166 36
1712 2141 1751 2154 -
1767 2113 1833 2164 0444
1853 2113 1905 2178 glo
1994 2143 2029 2154 -
2048 2111 2241 2176 desiderabile,
2264 2111 2325 2178 qnia
2346 2111 2469 2176 delectat,
2489 2111 2577 2174 saliat,

593 2201 680 2252 6123
700 2199 1232 2268 -6146644444444444,444444,44-
1267 2201 1333 2254 riam
1352 2203 1407 2254 044
1421 2207 1460 2256 444
1477 2201 1616 2254 veritatem
1629 2203 1661 2254 de
1675 2203 1762 2268 aliquo
1774 2201 1904 2268 confiteri,
1942 2203 2058 2256 viviticat
2075 2203 2109 2254 71
2134 2203 2186 2256 627
2210 2201 2238 2254 11
2261 2229 2298 2242 -
2316 2201 2454 2266 Templum
2480 2199 2577 2266 gloriae

592 2289 681 2344 cidere
698 2287 732 2344 46.
752 2305 777 2344 v.
798 2291 827 2344 tl
850 2291 1032 2344 -iudicialis
1057 2295 1095 2344 est
1114 2305 1230 2344 exseren-
1267 2291 1343 2358 quasi
1363 2293 1416 2344 Deo
1436 2289 1651 2356 praesentet'br'd.
1670 2319 1704 2334 -μ
1723 2291 1846 2344 Confusio
1862 2293 1905 2344 mi·
1941 2297 1981 2344 est
1994 2291 2166 2346 desiderabile
2178 2289 2388 2356 recordantibus,
2408 2295 2446 2344 est
2458 2289 2577 2342 mirabile

592 2377 675 2432 dusa
696 2377 798 2434 Christo
818 2381 843 2434 in
863 2383 1231 2446 geuushumanumaprae-
1267 2395 1349 2434 nuens
1370 2381 1479 2446 gloriam
1499 2381 1545 2434 liei
1565 2385 1673 2446 propter
1690 2387 1805 2434 nostram
1822 2381 1905 2434 adda·
1940 2381 2186 2448 contemplantibus,
2198 2377 2576 2434 64144140414444444444444648

591 2467 644 2522 laio
661 2467 689 2520 44
707 2467 858 2532 subditum,
878 2467 911 2522 ab
930 2471 1038 2522 homino
1058 2471 1082 2520 in
1100 2483 1131 2522 se
1142 2471 1230 2536 ipsum
1267 2469 1303 2522 444
1321 2475 1433 2522 inertem
1451 2469 1503 2522 374
1522 2471 1551 2522 44
1574 2499 1611 2506 -
1634 2467 1759 2524 Confusio
1784 2469 1904 2522 minuens
1941 2467 2576 2536 3-0444414444444164446444144144741438

592 2553 627 2610 t'b.
647 2557 665 2608 ’4
693 2573 728 2598 -’
755 2559 821 2612 solet
845 2559 946 2622 portari
972 2573 987 2610 a
1014 2559 1230 2626 malignantibus²
1267 2565 1384 2610 nostram
1402 2555 1512 2622 gloriam
1532 2557 1566 2610 ad
1584 2557 1701 2608 divinam
1721 2557 1829 2620 gloriam
1850 2571 1905 2610 ma·
1941 2557 1975 2608 39
1996 2585 2029 2594 -
2054 2557 2217 2610 desideratur
2241 2557 2275 2608 ab
2294 2557 2442 2610 amantibus
2467 2557 2500 2610 74
2526 2557 2576 2608 529

592 2645 777 2710 militantibus,
805 2647 1003 2700 dominantibus
1026 2645 1062 2700 46.
1088 2661 1116 2698 v.
1146 2651 1173 2700 ll
1197 2677 1231 2686 --
1267 2645 1440 2698 allestandam
1453 2645 1562 2700 adducit
1572 2643 1653 2696 vitam
1667 2641 1836 2698 told-Der
1850 2659 1905 2696 nra-
1941 2647 1974 2696 63
1994 2673 2029 2682 -
2050 2645 2172 2708 ingloria
2189 2651 2230 2698 est
2247 2645 2303 2696 sitis
2320 2645 2487 2708 reiperlecte
2504 2643 2576 2696 habi·

592 2735 792 2800 rnalignanlium
812 2741 851 2788 est
871 2737 963 2802 triplex
989 2735 1050 2788 t'dt'd.
1070 2763 1105 2776 --
1125 2737 1231 2790 militan-
1267 2735 1401 2788 nilestatur
1421 2747 1467 2798 per
1488 2745 1584 2798 poenas
1613 2731 1662 2784 375
1685 2731 1718 2782 15
1736 2761 1770 2770 -
1789 2733 1904 2796 Uterque
1940 2735 1995 2794 tae,
2012 2737 2043 2784 ut
2060 2731 2226 2784 continuetur
2245 2731 2296 2784 293
2315 2729 2350 2782 27
2368 2761 2403 2772 -
2423 2735 2531 2798 Propter
2544 2735 2578 2786 fu-

593 2825 657 2878 tium
677 2831 716 2878 cst
735 2825 828 2890 triplex
845 2823 881 2878 ib.
900 2827 915 2876 2
1267 2835 1343 2880 sexus
1364 2827 1467 2874 curatus
1494 2827 1532 2872 est
1551 2833 1566 2872 a
1591 2819 1693 2872 Christo
1711 2819 1746 2872 ad
1768 2819 1904 2876 ostenden·
1941 2825 2013 2872 turae
2027 2819 2124 2884 gloriae
2136 2819 2288 2872 dilationem
2301 2821 2387 2872 taedet
2397 2821 2532 2874 hominem
2543 2821 2577 2872 iti·

644 2939 682 2950 -
700 2913 804 2978 Triplex
822 2911 925 2976 gladius
938 2911 1078 2974 spiritualis
1091 2913 1233 2974 pertransit
1267 2911 1329 2962 darn
1349 2909 1458 2972 gloriam
1479 2907 1524 2958 Dei
1545 2907 1587 2960 711
1610 2907 1658 2958 108
1679 2905 1905 2972 80-9444444
1940 2905 2579 2960 44644114144414254.17-’11ο444444444444441

592 3001 707 3052 animam
726 3015 758 3052 ex
775 2999 985 3052 consideratione
1010 2997 1139 3062 passionis
1160 2999 1232 3052 Chri·
1269 2995 1399 3060 potentiae
1428 2995 1557 3046 Dominus
1587 2995 1761 3048 manifestavit
1794 2995 1902 3058 gloriam
1941 2992 2019 3048 debet
2038 2995 2150 3070 gloriae,
2170 3001 2196 3046 ut
2209 3001 2298 3060 speret
2309 3001 2335 3046 ot
2349 2995 2502 3060 gaudeatat
2523 2997 2577 3046 4.8

593 3089 627 3140 sti
645 3089 687 3140 711
707 3087 740 3138 62
759 3087 792 3140 79
815 3114 847 3124 -
868 3085 970 3138 Trinius
990 3085 1092 3150 gladius
1112 3085 1233 3150 spiritua·
1268 3097 1342 3136 snam
1365 3083 1417 3136 306
1437 3083 1452 3136 6
1473 3089 1474 3092 ’
1994 3111 2028 3120 -
2048 3069 2100 3134 una
2119 3081 2230 3134 debetur
2246 3081 2370 3136 omnibus
2387 3083 2530 3136 virtutibus
2546 3085 2578 3136 74

593 3175 626 3228 444
642 3179 682 3226 444
699 3173 864 3228 discretionis
890 3177 978 3224 rectae
1005 3171 1079 3238 0641,
1098 3173 1233 3226 44444644
1321 3199 1357 3210 -
1381 3177 1421 3224 444
1445 3169 1545 3224 bonum
1573 3175 1707 3224 aeternum
1733 3169 1844 3224 sublime
1861 3171 1904 3224 ,71
1942 3173 1976 3224 86
1995 3185 2022 3238 q.
2041 3199 2075 3210 ·-
2095 3173 2149 3224 Non
2169 3171 2321 3236 pervenitur
2345 3157 2381 3224 46
2400 3171 2509 3238 gloriam
2530 3171 2579 3224 nisi

595 3261 762 3316 districtionis
789 3259 875 3312 severi
902 3259 1001 3324 indicii,
1019 3259 1110 3312 tertius
1129 3259 1234 3314 divisio·
1268 3259 1316 3310 244
1348 3257 1366 3310 7
1392 3287 1430 3298 -
1454 3259 1496 3314 Ad
1524 3259 1779 3312 consummationem
1808 3259 1906 3326 gloriae
1941 3259 2137 3324 peractionem
2158 3259 2268 3322 bonam,
2293 3259 2514 3324 praedicationem
2535 3273 2581 3310 ve-

578 3351 636 3418 [nis
653 3349 762 3402 humani
782 3347 905 3402 desiderii
924 3347 987 3402 thid.
1007 3377 1040 3388 —-
1060 3349 1162 3412 Triplex
1183 3349 1235 3414 gla-
1268 3349 1401 3402 concurrit
1421 3351 1534 3416 perlecta
1553 3349 1641 3400 notitia
1655 3359 1682 3402 44
1698 3349 1812 3412 perlecta
1829 3361 1905 3402 4444-
1940 3361 1998 3400 ram
2017 3353 2044 3400 et
2069 3349 2314 3412 contemplationem
2345 3349 2509 3416 tranquillam
2539 3349 2581 3401 714

592 3439 653 3492 dius
671 3439 780 3492 carnalis
800 3437 925 3502 rancoris,
944 3435 1112 3490 detractionis
1129 3443 1154 3490 44
1174 3441 1233 3490 hae
1268 3435 1414 3490 4444444711
1435 3437 1485 3490 279
1503 3435 1519 3488 7
1540 3465 1573 3476 -
1592 3443 1631 3490 est
1648 3451 1696 3504 per
1716 3439 1844 3490 visionem
1865 3439 1907 3490 lli-
1929 3433 1994 3490 350
2013 3437 2048 3490 60
2065 3465 2103 3478 -··
2120 3439 2148 3490 ln
2176 3443 2263 3490 rnorrte
2290 3439 2387 3502 gloriae
2412 3443 2581 3492 assumuntur

593 3529 659 3580 44444
688 3527 828 3592 fugiendus
857 3531 895 3578 est
914 3523 948 3580 t'b.
968 3527 1002 3578 80
1028 3555 1065 3562 -
1091 3527 1234 3592 spiritualis
1268 3525 1383 3578 vinitatis
1402 3527 1437 3578 71
1457 3525 1507 3578 476
1523 3525 1555 3578 43
1573 3553 1611 3566 --
1628 3533 1733 3580 aeterna
1750 3527 1906 3580 consistitin
1943 3527 2153 3592 contemplativi,
2172 3527 2262 3592 activi,
2291 3527 2450 3592 poenitentes
2470 3527 2501 3578 74
2529 3527 2580 3580 692

593 3623 633 3670 444
650 3615 779 3668 44444644
799 3611 861 3668 ibid.
880 3613 1036 3666 -44444144
1049 3621 1087 3666 444
1100 3617 1235 3670 remitten·
1268 3615 1418 3680 cognitione
1444 3613 1590 3668 Divinilatis
1622 3615 1669 3666 149
1695 3629 1725 3666 v.
1751 3617 1787 3668 26
1814 3643 1850 3654 -
1871 3617 1908 3668 di·
1943 3617 2052 3668 4.6--
2069 3631 2122 3668 4444
2141 3617 2220 3668 datur
2231 3615 2281 3668 nisi
2294 3615 2461 3670 credentibus
2475 3617 2526 3668 288
2546 3613 2580 3666 59

593 3705 643 3758 644
662 3703 688 3754 in
707 3703 831 3768 vaginam
850 3701 912 3756 idid.
1268 3703 1407 3754 citur-vila
1426 3707 1529 3754 aeterna
1553 3701 1596 3754 744
1617 3703 1668 3754 467
1694 3701 1784 3754 67-
1802 3703 1908 3756 lllinima
1995 3733 2032 3742 --
2048 3705 2088 3756 66
2109 3703 2219 3768 gloriam
2237 3705 2358 3770 perducit
2375 3703 2465 3758 nolitia
2486 3703 2581 3756 Christi

644 3819 683 3832 —
699 3789 818 3844 Verbum
836 3789 884 3844 Dei
902 3795 1071 3858 sculperetur
1090 3793 1178 3856 gladio
1198 3793 1233 3846 71
1268 3791 1353 3856 gloria
1371 3791 1446 3856 regni
1474 3789 1592 3844 caelestis
1619 3791 1701 3842 maior
1730 3795 1767 3846 est
1795 3793 1907 3844 maxima
1941 3793 2136 3846 712417-
2162 3793 2232 3846 0444
2249 3793 2376 3856 promittit
2402 3793 2511 3858 gloriam
2532 3789 2582 3844 sihi

593 3881 645 3934 226
664 3895 691 3934 4.
710 3879 744 3934 to
762 3907 800 3920 —
817 3879 946 3946 significat
965 3877 1088 3932 iustitiam
1104 3879 1154 3934 698
1176 3881 1232 3934 ni
1268 3879 1348 3932 144144
1367 3879 1460 3934 mundi
1481 3881 1510 3934 74
1537 3881 1587 3932 223
1613 3895 1638 3932 4.
1655 3881 1688 3932 26
1712 3907 1748 3920 -·
1772 3879 1831 3932 Vita
1855 3881 1908 3946 glo·
1942 3881 2117 3934 servientibus
2129 3881 2181 3934 676
2201 3883 2217 3934 3
2234 3911 2271 3920 —-
2289 3883 2371 3936 Deum
2393 3881 2582 3946 videbuntper

592 3997 629 4012 -
646 3969 695 4022 944
713 3969 831 4034 gladium
861 3967 1010 4034 intelligitur
1028 3969 1098 4022 44144
1118 3971 1234 4024 veritatis
1268 3967 1323 4020 4444
1342 3967 1437 4020 64444444
1455 3967 1593 4022 abundans
1613 3967 1665 4020 386
1684 3967 1717 4018 42
1732 3995 1763 4006 -
1779 3969 1805 4020 44
1823 3969 1905 4032 gloria
1942 3969 2052 4036 gloriam
2066 3971 2112 4036 qui
2131 3971 2212 4024 modo
2226 3975 2388 4036 cognoscunt
2404 3985 2451 4036 per
2470 3969 2582 4036 gratiam

593 4061 637 4112 Vll
656 4057 708 4112 564
729 4057 761 4110 48
780 4087 816 4096 -
834 4057 882 4110 944
894 4057 962 4110 duos
976 4057 1077 4122 gladios
1089 4057 1233 4124 inlellignn·
1268 4061 1374 4108 aeterna
1393 4059 1452 4110 sunl
1481 4057 1597 4108 thesauri
1623 4057 1834 4122 incorruptibiles
1863 4059 1906 4114 Vll
1943 4057 1995 4112 476
2015 4057 2048 4112 44
2066 4061 2148 4112 -ln
2168 4061 2247 4124 gloria
2268 4057 2583 4112 eeatlsumcuncnri-

593 4147 707 4200 144644
738 4149 888 4200 testamenta
919 4143 970 4198 566
990 4145 1023 4198 66
1042 4173 1077 4186 -
1097 4147 1144 4198 944
1163 4147 1232 4200 duos
1269 4143 1320 4196 463
1343 4145 1371 4196 44
1395 4173 1430 4182 -
1449 4145 1478 4198 ln
1496 4145 1578 4210 gloria
1607 4145 1724 4210 aperitur
1748 4147 1806 4198 fons
1829 4145 1908 4212 spiri-
1942 4153 1983 4200 sto
2000 4161 2048 4212 per
2070 4147 2211 4212 gloriosam
2235 4145 2456 4200 cohabitationem
2484 4145 2520 4200 ln.
2546 4145 2581 4198 43

593 4235 696 4302 gladios
714 4231 867 4300 intelligitur
884 4237 1017 4288 armatura
1043 4233 1184 4300 spiritualis
1207 4245 1234 4290 el
1268 4233 1634 4288 44414414416444716662
1827 4235 1828 4240 ’
1941 4265 1979 4274 -
1995 4235 2153 4288 6144464464
2170 4237 2244 4300 plena
2270 4237 2316 4288 erit
2336 4243 2396 4302 post
2417 4249 2583 4288 consumma·

593 4323 742 4378 materialis
756 4321 818 4378 laid.
846 4323 882 4362 -ss-
906 4323 1048 4376 materialis
1064 4327 1106 4376 est
1122 4337 1172 4390 pro
1189 4325 1235 4378 Ec·
1322 4351 1359 4364 ·-
1381 4329 1487 4376 aeterna
1509 4331 1550 4376 est
1572 4325 1722 4390 praemium
1745 4323 1906 4390 promissum
1941 4327 2040 4378 tionem
2063 4323 2193 4390 passionis
2222 4327 2248 4376 in
2278 4339 2389 4390 corpore
2416 4323 2510 4378 Christi
2538 4325 2582 4378 711
2667 4357 2670 4376 t

593 4411 682 4476 clesla,
700 4411 842 4476 spiritualis
869 4411 903 4464 ab
928 4423 957 4462 ea
987 4411 1146 4464 exserendus
1172 4411 1233 4466 illd.
1268 4409 1440 4480 sequentibus
1464 4411 1596 4466 Christum
1621 4411 1733 4466 71685
1756 4413 1791 4464 40
1814 4439 1851 4452 -
1867 4419 1908 4468 est
1944 4413 1994 4466 446
2015 4413 2048 4464 44
2066 4441 2103 4452 -
2118 4415 2229 4466 Fructus
2241 4399 2364 4466 veniendi
2384 4413 2418 4466 ad
2438 4413 2525 4464 Deurn
2542 4419 2583 4466 est

593 4529 629 4542 ·-
647 4501 787 4554 materialis
806 4501 963 4554 exserendus
976 4497 1128 4552 4444446444
1146 4501 1233 4554 424414-
1269 4501 1366 4552 iustitia
1379 4507 1560 4554 consummata
1574 4501 1624 4554 468
1645 4501 1709 4552 5-
1722 4501 1841 4554 lleritnm
1855 4501 1907 4566 glo·
1943 4501 2077 4568 perceptio
2097 4501 2194 4568 gloriae
2213 4501 2245 4554 74
2266 4501 2316 4552 562
2337 4517 2362 4554 v.
2382 4501 2415 4552 46
2433 4529 2470 4540 -
2486 4501 2582 4554 Auster

594 4591 661 4654 siae,
680 4603 732 4642 non
751 4603 830 4642 manu
851 4591 883 4642 74
904 4589 950 4642 484
976 4591 1009 4642 26
1268 4589 1322 4642 4444
1342 4595 1380 4642 444
1400 4593 1498 4644 fructus
1517 4591 1700 4644 observantiae
1724 4591 1907 4644 mandatorum
1943 4591 1989 4644 dat
2006 4589 2150 4654 intelligere
2167 4595 2263 4642 statura
2282 4591 2382 4656 gloriae
2396 4591 2427 4642 88
2448 4605 2475 4642 v.
2492 4591 2509 4642 3

647 4707 684 4720 -·
701 4677 863 4733 9444644144
889 4683 929 4730 441
953 4677 1058 4742 gladius
1085 4679 1173 4732 carnis
1199 4679 1233 4732 74
1269 4679 1320 4732 664
1342 4681 1412 4732 4--
1430 4677 1685 4732 Sorsiustoruruest
1703 4679 1790 4744 portio
1807 4681 1908 4744 gloriae
1996 4707 2033 4716 -
2059 4679 2124 4732 Utile
2146 4683 2184 4732 est
2208 4691 2337 4746 quaerere
2359 4677 2470 4732 modum
2491 4693 2583 4744 perve-

594 4769 645 4822 666
666 4769 681 4820 3
701 4795 737 4804 -—
754 4765 933 4832 praecingitur
944 4779 993 4830 per
1005 4765 1233 4822 mortificationem
1271 4769 1320 4820 439
1352 4783 1376 4820 v.
1406 4769 1483 4820 5-
1504 4767 1622 4834 Tempus
1651 4767 1748 4832 gloriae
1776 4771 1813 4820 est
1841 4767 1910 4838 sicut
1943 4767 2032 4820 aiendi
2044 4767 2078 4820 ad
2092 4767 2171 4818 vitam
2185 4765 2284 4832 gloriae
2297 4767 2331 4820 71
2344 4765 2376 4816 62
2391 4767 2445 4818 48
2461 4767 2583 4818 -64444

594 4855 719 4924 propriae
742 4855 897 4908 carnalitatis
921 4855 966 4906 711
990 4855 1042 4908 654
1067 4855 1101 4906 48
1120 4883 1155 4896 -
1175 4869 1233 4908 444.
1270 4857 1370 4908 fructus
1393 4859 1514 4918 respectu
1540 4855 1666 4920 temporis
1684 4855 1785 4918 gratiae
1802 4855 1853 4906 366
1872 4859 1907 4908 68
1944 4855 2194 4920 parvulisetpueris
2206 4853 2582 4918 144444146444444444714460
2618 4891 2620 4898 ·

595 4945 699 5010 giratur
717 4945 751 4996 ad
768 4941 983 5008 redargutionem
1001 4943 1158 4998 carnalitatis
1176 4945 1235 4998 alie·
1323 4973 1359 4984 -
1376 4943 1406 4994 ln
1419 4943 1502 5008 gloria
1520 4947 1559 4996 est
1570 4943 1662 5008 dispar
1679 4943 1782 4996 claritas
1804 4947 1831 4994 et
1847 4957 1908 5008 gan·
1945 4945 1979 4996 32
1997 4969 2033 4980 -
2045 4943 2207 5006 Recedeotes
2225 4939 2355 4994 aChristo
2367 4941 2489 4994 amittunt
2509 4953 2583 5008 prae·

595 5047 644 5086 nae
662 5023 725 5088 thid.
743 5061 778 5070 -
797 5029 876 5086 debet
900 5031 999 5086 assumi
1024 5033 1052 5084 in
1068 5031 1235 5086 tribulatione
1270 5031 1344 5086 diurn
1358 5043 1499 5086 commune
1520 5029 1615 5084 71467
1635 5031 1668 5082 46
1686 5057 1724 5070 ··-
1741 5033 1799 5082 Sola
1817 5029 1908 5086 diviua
1946 5029 2028 5082 mium
2048 5029 2148 5092 gloriae
2165 5029 2262 5080 71669
2282 5029 2297 5080 6
2317 5055 2353 5068 -·-
2367 5029 2451 5092 lmpio
2469 5043 2522 5082 non
2534 5029 2584 5080 erit

594 5119 1017 5188 told-praelationisurendus
1031 5121 1235 5186 conductum,
1271 5121 1353 5188 gloria
1372 5119 1503 5172 acceditur
1523 5119 1557 5170 ad
1575 5119 1692 5172 divinam
1718 5117 1908 5170 inconditi
1945 5115 2044 5170 bonum
2057 5115 2158 5182 gloriae
2175 5119 2210 5168 68
2223 5131 2250 5166 4.
2271 5117 2445 5170 43-144444
2459 5117 2483 5168 44
2498 5121 2583 5168 morte

595 5209 716 5264 virilitate
735 5215 759 5262 et
778 5209 940 5276 benignitate
959 5209 993 5262 71
1012 5209 1064 5262 678
1084 5209 1101 5260 5
1269 5209 1347 5260 —ln
1360 5207 1440 5272 gloria
1455 5205 1559 5258 aeterha
1574 5205 1685 5258 habetur
1697 5203 1844 5256 sublimitas
1864 5207 1910 5258 ho·
1944 5203 2118 5256 introducitur
2129 5203 2156 5256 in
2168 5203 2279 5268 gloriam
2294 5205 2331 5256 89
2344 5219 2368 5256 4.
2389 5207 2451 5256 3-
2463 5205 2511 5258 erit
2523 5209 2583 5272 post

647 5299 841 5350 Gtonm-est
859 5299 982 5362 frequens
997 5297 1066 5348 fama
1083 5309 1144 5348 curn
1158 5295 1236 5348 laude
1271 5293 1356 5356 444444,
1376 5293 1508 5372 possessio
1528 5293 1689 5356 hereditatis,
1710 5289 1799 5344 lanian
1819 5291 1909 5344 lucan·
1944 5291 2071 5344 iudicium
2092 5291 2124 5342 97
2144 5307 2170 5344 4.
2188 5291 2206 5344 7
2223 5319 2259 5332 -
2277 5293 2298 5344 Α
2318 5293 2400 5356 gloria
2417 5295 2497 5346 horno
2519 5307 2583 5344 nun·

596 5385 698 5450 71206
719 5401 745 5438 4.
765 5385 837 5436 9-
854 5387 1083 5448 vanareputatnr,
1103 5397 1157 5448 qua
1175 5383 1236 5448 quis
1271 5381 1371 5442 ditatis,
1391 5379 1515 5432 securitas
1533 5379 1690 5432 aeternitatis
1710 5379 1761 5432 585
1783 5379 1813 5428 16
1945 5393 2026 5446 quam
2043 5379 2141 5444 poterit
2163 5379 2293 5434 dimoveri
2319 5381 2352 5432 89
2377 5395 2404 5432 v.
2422 5383 2439 5432 3
2458 5405 2493 5420 -
2512 5383 2582 5434 Deus

596 5489 623 5528 se
635 5475 724 5538 ipsum
743 5473 870 5526 14464444
887 5471 1057 5524 commendat
1076 5467 1126 5522 376
1145 5469 1179 5522 78
1199 5499 1235 5508 -
1322 5497 1359 5506 -
1378 5467 1405 5518 ln
1418 5467 1497 5530 gloria
1512 5467 1601 5532 plures
1613 5473 1673 5520 sum
1691 5467 1840 5520 mansiones
1856 5467 1907 5522 iam
1946 5467 1971 5520 in
1991 5473 2079 5522 futuro
2097 5473 2208 5536 apparet
2225 5483 2273 5534 per
2291 5469 2402 5534 gloriam
2421 5469 2472 5524 412
2492 5485 2519 5524 v.
2537 5473 2553 5524 2

596 5563 710 5614 brunna
737 5573 805 5612 4444
827 5557 938 5612 444317
957 5557 1000 5610 76.
1022 5557 1071 5610 469
1093 5557 1235 5610 9-94144
1272 5563 1378 5622 paratae
1407 5555 1552 5608 secundum
1578 5557 1729 5610 electionem
1758 5563 1907 5626 aeternam,
1997 5559 2130 5612 Gonoessa
2148 5587 2182 5598 -·-
2202 5563 2239 5612 est
2258 5560 2332 5612 locus
2348 5559 2526 5614 decollationis
2548 5563 2583 5614 Vl

596 5649 732 5702 hominnm
763 5647 903 5712 diligentes
932 5647 1074 5698 venitatem
1106 5651 1236 5712 quaerunt
1271 5647 1320 5698 sed
1340 5645 1472 5710 parandae
1488 5647 1576 5698 adhuc
1595 5647 1740 5698 secundum
1766 5647 1855 5700 merita
1874 5647 1908 5700 Vl
1947 5647 1996 5700 496
2018 5647 2049 5698 29

598 5737 708 5800 gloriam
734 5733 902 5788 4414444317
926 5731 961 5786 76
981 5761 1015 5772 -
1035 5735 1172 5788 hominum
1196 5743 1236 5788 est
1273 5737 1323 5788 436
1346 5737 1368 5798 1,
1388 5737 1405 5788 2
1423 5761 1459 5776 -··
1476 5735 1518 5788 ad
1536 5735 1641 5800 nuptias
1662 5737 1761 5800 gloriae
1785 5735 1909 5788 invitatur
1997 5737 2109 5788 Gorrara
2128 5763 2164 5776 -
2188 5737 2337 5788 interfectus
2361 5737 2469 5802 proprio
2493 5737 2581 5802 gladio

597 5823 703 5876 vitanda
725 5823 774 5876 469
794 5823 819 5876 9,
841 5823 884 5876 711
907 5823 955 5876 169
977 5825 1008 5876 88
1029 5825 1235 5880 -rruudinon
1273 5821 1476 5888 anima,ntibi
1495 5829 1635 5878 coronetur
1655 5821 1706 5878 646
1726 5825 1861 5892 lala·
1880 5827 1909 5878 ln
1946 5825 2077 5890 significat
2095 5825 2229 5878 diabolum
2252 5827 2283 5878 71
2303 5825 2354 5878 612
2374 5839 2402 5878 v.
2422 5825 2450 5878 lt

597 5911 770 5966 desideranda
796 5911 828 5964 71
855 5911 908 5966 346
935 5911 970 5964 78
986 5941 1025 5954 -
1043 5925 1110 5966 vana
1127 5915 1235 5968 vitanda
1272 5915 1369 5980 nuptiis
1382 5913 1641 5980 4144144444446444
1660 5919 1712 5978 444,
1724 5927 1758 5966 44
1772 5913 1856 5966 anima
1873 5913 1909 5968 in·
1998 5917 2138 5968 Gaaearun
2152 5941 2185 5952 —-
2197 5917 2235 5966 est
2248 5915 2329 5966 lectus
2347 5927 2496 5980 pauperum
2515 5913 2583 5966 infir·

597 6001 716 6068 exemplo
740 5999 836 6054 Christi
863 6001 911 6054 341
944 6001 987 6052 14.
1015 6001 1057 6054 711
1079 6001 1129 6056 407
1148 6005 1181 6058 76
1200 6031 1236 6044 -·
1273 6005 1393 6058 44444444
1402 6003 1482 6068 digna
1491 6001 1720 6068 repelliacaelcsti
1729 5999 1908 6066 patricidia
1947 6015 2050 6056 morum
2071 6003 2114 6056 714
2130 6003 2179 6054 426
2195 5997 2583 6064 53-dicituragrabat'dr'd.

597 6089 873 6158 nonestquaerenda
893 6091 1069 6156 inpraesenti
1091 6091 1224 6146 716952
1326 6121 1360 6130 -
1379 6089 1496 6146 Christus
1516 6091 1641 6144 certificat
1652 6091 1685 6144 de
1705 6091 1845 6158 adeptione
1856 6091 1910 6154 glo·
2000 6093 2095 6144 Gnaeo
2111 6119 2149 6130 -
2166 6091 2270 6154 dicunt,
2288 6089 2360 6156 quod
2385 6087 2503 6142 Christus
2520 6089 2584 6142 4414

650 6205 684 6218 -
703 6179 810 6244 propria
830 6193 881 6234 non
900 6187 938 6234 est
950 6181 1102 6248 quaerenda
1120 6181 1235 6234 711208
1273 6183 1327 6236 4444
1345 6181 1378 6232 71
1400 6179 1451 6232 574
1470 6181 1484 6232 6
1503 6181 1679 6232 -741444444
1706 6177 1798 6232 Christi
1818 6177 1909 6232 tribuit
1948 6179 2034 6232 brevit
2045 6181 2130 6244 phase
2141 6185 2202 6232 ente
2218 6183 2337 6244 quartam
2351 6177 2479 6230 decimam
2495 6177 2582 6230 lunam

598 6267 630 6318 68
650 6297 685 6306 --
703 6269 840 6334 Propriam
854 6269 964 6334 gloriam
976 6283 1107 6336 quaerens
1121 6271 1236 6324 mendax
1272 6271 1353 6324 vitam
1372 6269 1472 6334 gloriae
1496 6269 1547 6320 626
1566 6283 1594 6320 v.
1618 6271 1653 6322 22
1670 6265 1843 6322 -Christus
1864 6267 1910 6322 dat
1949 6269 1981 6322 71
2011 6267 2061 6322 487
2081 6267 2124 6322 59.
2142 6267 2186 6320 711
2206 6267 2257 6320 642
2279 6267 2311 6318 10
2331 6293 2363 6304 -
2384 6265 2492 6330 dicunt,
2510 6267 2580 6334 quod

598 6361 636 6410 est
655 6357 768 6412 alienum
788 6355 839 6410 sibi
857 6357 1010 6424 usurpando
1029 6359 1061 6412 Vl
1082 6357 1133 6410 343
1154 6361 1236 6412 23-
1272 6359 1353 6412 vitam
1372 6357 1542 6424 4444444330
1561 6355 1609 6424 72,
1628 6355 1677 6424 74,
1697 6355 1730 6410 76
1748 6383 1785 6396 -
1802 6355 1840 6410 04
1857 6359 1911 6422 ple·
1948 6355 2064 6410 Christos
2083 6355 2193 6410 confecit
2209 6355 2408 6408 defermentato
2427 6355 2583 6410 71464240

536 6483 540 6490 -
597 6445 704 6512 propria
724 6451 763 6498 est
782 6445 864 6510 gloria
892 6459 975 6512 vana,
993 6447 1067 6508 vilis,
1095 6453 1236 6500 momenta·
1272 6445 1392 6500 nitudine
1409 6445 1508 6512 gloriae
1535 6443 1629 6498 Christi
1657 6445 1807 6508 accepimus
1836 6459 1911 6510 prae·
1947 6471 1981 6484 -
2013 6445 2148 6512 falluntur,
2175 6445 2238 6512 qnia
2267 6445 2459 6508 compelluntur
2480 6445 2584 6508 dicere,

598 6547 648 6584 nea
662 6533 713 6586 672
726 6547 752 6586 v.
767 6533 799 6584 48
812 6533 975 6586 -Gloriam
992 6533 1136 6586 humanam
1155 6521 1236 6600 quae·
1273 6535 1355 6586 mium
1373 6537 1494 6588 aeternae
1513 6531 1691 6586 retributionis
1711 6533 1761 6586 639
1781 6533 1796 6584 6
1817 6559 1851 6570 -
1868 6547 1910 6586 ro·
1949 6531 2127 6598 Evangelistas
2145 6533 2242 6586 dixisse
2261 6533 2352 6586 falsum
2372 6531 2435 6586 idid.
2449 6559 2484 6572 -
2498 6541 2584 6586 errant

598 6633 657 6674 4444
674 6621 783 6674 stultum
801 6627 843 6674 est
860 6619 912 6674 422
924 6621 960 6672 62
974 6649 1008 6658 -
1020 6621 1095 6674 Tene
1106 6619 1236 6682 gloriosus
1273 6619 1419 6676 tributionis
1436 6619 1563 6686 adimplet
1582 6619 1741 6676 desiderium
1761 6619 1824 6676 idid.
1836 6623 1910 6674 -14
1949 6621 1980 6676 de
2000 6619 2168 6688 processione
2187 6619 2298 6688 Spiritus
2318 6621 2397 6674 sancti
2416 6621 2451 6676 71
2471 6621 2517 6674 461
2540 6623 2575 6674 26

498 6697 501 6706 ’
597 6709 630 6762 64
650 6723 678 6762 44
697 6709 755 6774 ipso
774 6709 890 6774 loquitur
908 6707 959 6760 423
978 6709 1011 6760 68
1043 6721 1045 6728 ’
1273 6709 1356 6776 gloria
1373 6707 1483 6762 dabitur
1497 6723 1547 6774 pax
1568 6709 1618 6760 444
1640 6709 1668 6762 44
1844 6739 1845 6742 =
1991 6729 2034 6750 ¹-
2053 6715 2244 6764 convertuntur
2255 6723 2304 6776 per
2316 6709 2472 6764 documenta
2485 6709 2586 6776 sapien·

650 6823 684 6838 -
703 6811 767 6848 vera
785 6809 799 6846 a
818 6797 874 6850 solo
890 6797 945 6848 Deo
965 6799 1003 6848 est
1023 6797 1055 6848 71
1076 6793 1126 6846 317
1146 6795 1179 6850 76
1202 6825 1235 6838 -
1324 6823 1360 6838 -·
1379 6797 1496 6850 caelestis
1515 6795 1626 6850 habetur
1644 6811 1674 6850 ex
1700 6797 1910 6864 concupiscentia
1948 6797 2048 6852 144471
2070 6799 2172 6852 47638
2192 6827 2226 6840 -
2246 6799 2337 6852 Graeci
2355 6805 2417 6852 sunt
2429 6797 2584 6864 magisole-

598 6883 648 6946 Qui
666 6883 777 6946 gloriam
788 6883 889 6948 appetit
907 6883 962 6934 Deo
975 6883 1071 6936 resistit
1090 6883 1134 6936 711
1153 6883 1181 6936 iil
1201 6879 1234 6936 30
1273 6883 1414 6950 sapientiae
1432 6885 1530 6940 71449
1543 6899 1573 6940 4.
1591 6883 1623 6938 17
1637 6901 1671 6928 —
1687 6887 1734 6940 944
1753 6885 1909 6952 sapientiam
1948 6891 2056 6952 quantes
2075 6901 2155 6956 quam
2173 6885 2284 6940 Hebraei
2303 6889 2351 6940 409
2374 6889 2396 6940 9
