5900 8266
415 861 446 906 De
461 859 533 904 tertio.

288 3173 289 3176 ’
383 3183 445 3232 item,
461 3175 533 3232 Virgi-

410 3233 442 3280 nis
456 3235 532 3294 panus

410 3297 448 3346 per
463 3289 511 3330 tra.

553 571 598 634 to

641 741 672 802 8.
689 739 791 820 (Vens.
808 735 863 818 5.).
887 733 1068 800 Ostenditur
1086 739 1242 818 postremo
1268 739 1302 800 ut
1318 733 1512 800 conueniens

551 841 722 930 imperiali
740 841 859 920 edicto,
876 857 949 906 cum
971 839 1130 906 subditur:
1154 837 1192 904 a
1208 837 1417 926 profiteretur
1432 857 1511 904 oum

551 947 666 1016 Maria
680 949 878 1032 desponsata
902 943 968 1012 sibi
981 965 1086 1012 umore
1107 951 1324 1032 praegnante.
1349 947 1410 1012 Hoc
1425 945 1510 1012 enim

551 1059 747 1138 processerat
784 1069 824 1120 ex
848 1051 999 1136 imperiali
1031 1051 1140 1118 edicto.
1175 1051 1214 1116 Et
1234 1049 1306 1118 licet
1342 1057 1413 1118 ante
1447 1051 1508 1116 iam

552 1157 744 1240 concepisset
767 1155 861 1240 Virgo
884 1157 996 1240 Regem
1022 1155 1097 1222 caeli
1120 1161 1154 1222 et
1175 1161 1296 1234 terrae,
1322 1161 1425 1222 auran
1451 1155 1510 1222 im-

551 1259 663 1344 periali
677 1259 780 1326 edicto
794 1259 887 1324 etiam
902 1277 1074 1344 praegnans
1091 1259 1190 1326 voluit
1202 1261 1344 1342 obedire,
1355 1267 1394 1326 ut
1405 1267 1509 1346 posset

552 1381 624 1432 cunr
650 1363 725 1430 Filio
752 1363 857 1432 dicere
888 1363 965 1432 illud
997 1365 1143 1432 Matthaei
1175 1365 1269 1432 tertio
1286 1367 1314 1430 1:
1345 1367 1424 1432 «Sic
1456 1365 1509 1432 de-

552 1479 603 1540 cet
616 1489 674 1538 nos
696 1471 827 1556 implere
844 1489 969 1538 omnem
983 1471 1133 1538 iustitiam
1152 1495 1186 1552 »ς
1205 1479 1236 1540 et
1250 1489 1308 1558 per
1326 1473 1385 1538 hoe
1401 1489 1510 1540 exem-

551 1577 637 1662 plum
663 1577 751 1642 daret
774 1577 863 1644 nobis
885 1577 1122 1660 obtemperandi
1147 1579 1230 1644 omni
1246 1579 1392 1662 potestati
1415 1595 1509 1662 supe-

551 1681 645 1762 riori,
671 1683 843 1750 secundum
866 1681 945 1750 illud
969 1683 1089 1768 primae
1111 1683 1193 1750 Petri
1218 1685 1371 1760 secundo:
1403 1685 1509 1752 «Sub-

550 1789 620 1858 iecti
646 1795 743 1858 estote
766 1789 851 1856 omni
872 1789 1032 1858 humanae
1056 1797 1222 1858 creaturae
1251 1797 1381 1876 propter
1404 1791 1509 1858 Domi-

550 1915 646 1976 num,
671 1895 735 1964 sive
758 1894 824 1980 regi
849 1905 996 1982 tanquam
1031 1897 1246 1984 praecellenti,
1271 1897 1344 1964 sive
1374 1895 1509 1964 ducibus

550 2009 699 2088 anquam
728 2001 766 2070 ab
797 2019 834 2070 eo
863 2001 968 2070 missis
992 2003 1033 2070 ad
1061 2003 1230 2070 vindictam
1253 2003 1508 2082 malefactorum,

551 2109 675 2176 laudem
698 2127 775 2176 vero
797 2109 953 2178 bonorum
971 2137 999 2176 l.
1027 2147 1067 2158 -
1093 2111 1123 2176 ln
1149 2109 1209 2176 hoc
1230 2117 1337 2176 autem
1358 2113 1508 2194 apparet,

551 2213 706 2298 quomodo
723 2215 897 2280 humanum
917 2213 1085 2300 imperium
1100 2215 1272 2280 famulatur
1286 2213 1401 2280 divino.
1417 2215 1509 2278 Prae-

551 2319 683 2404 cipiente
707 2319 790 2386 euim
818 2337 960 2398 caesare,
984 2327 1020 2384 ut
1043 2335 1152 2386 omnes
1173 2317 1206 2382 in
1229 2317 1387 2386 civitatem
1418 2335 1508 2384 suam

550 2425 647 2504 irent,
671 2431 700 2492 et
725 2425 939 2492 obedientibus
953 2425 966 2464 2
982 2425 1050 2490 eius
1070 2423 1203 2508 imperio
1226 2423 1321 2488 llario
1338 2429 1367 2490 et
1383 2425 1508 2508 loseph,

550 2527 667 2596 lactum
701 2537 765 2608 est,
791 2529 1009 2614 amarentur
1044 2527 1241 2608 intendebat,
1278 2529 1395 2596 scilicet
1423 2529 1509 2614 quod

550 2635 693 2702 Christus
725 2641 908 2700 nasceretur
929 2633 961 2698 in
996 2635 1192 2712 Bethlehem,
1218 2635 1390 2702 secundum
1424 2635 1508 2718 quod

550 2745 617 2806 erat
639 2739 840 2806 aeternaliter
860 2739 1046 2824 dispositum
1069 2747 1101 2806 et
1131 2741 1345 2824 temporaliter
1376 2741 1509 2824 promis-

551 2863 620 2914 sum
644 2851 675 2914 et
697 2845 901 2912 vaticinatum
923 2851 955 2912 et
978 2846 1211 2930 prophetatum.
1235 2845 1356 2912 Etideo
1378 2863 1440 2912 non
1463 2851 1510 2912 est

550 2953 810 3020 contemnendum
824 2953 930 3038 aliquo
943 2953 1036 3020 modo
1046 2951 1229 3020 mandatum
1243 2953 1506 3040 praepositorum.

638 3061 669 3124 a.
693 3059 795 3142 (Vers.
821 3059 873 3140 6.).
901 3061 1041 3124 Factum
1064 3067 1110 3124 est
1142 3067 1273 3136 autern,
1297 3079 1373 3124 eccm
1406 3065 1510 3124 essent

550 3163 598 3232 idi
611 3171 669 3232 etc.
692 3163 864 3248 Descripsit
878 3181 977 3250 supra
997 3163 1113 3232 Christi
1135 3163 1329 3232 nativitatem
1354 3169 1508 3250 quantum

549 3271 589 3338 ad
620 3281 744 3354 tempus
776 3271 917 3338 debitum
947 3279 978 3336 et
1001 3271 1105 3336 locum
1136 3271 1301 3350 idoneum,
1336 3271 1386 3336 hic
1414 3271 1507 3336 tertio

548 3377 695 3444 describit
717 3379 868 3460 quantum
893 3375 931 3442 ad
954 3385 1111 3460 parturn,
1127 3393 1223 3462 quem
1244 3375 1394 3442 describit
1409 3395 1508 3460 quan-

549 3481 672 3548 turned
694 3481 770 3558 tria,
788 3481 906 3546 scilicet
923 3489 1079 3564 quantum
1096 3481 1134 3546 ad
1151 3481 1427 3566 opportunitatem
1443 3499 1507 3568 pa-

548 3585 680 3664 riendi,
698 3585 876 3652 nouitatem
896 3595 1021 3670 partus
1037 3591 1066 3652 et
1082 3593 1313 3670 paupertatem
1326 3587 1507 3672 parientia·

475 3711 477 3716 ·
549 3709 588 3760 ex
614 3691 731 3776 quibus
752 3691 928 3758 ostenditur
951 3697 1042 3758 ortus
1064 3691 1178 3758 Christi
1199 3689 1392 3760 admirabilis
1407 3697 1437 3760 et
1460 3691 1508 3758 in-

1159 557 1350 624 contient.
1374 559 1412 624 IN
1434 557 1671 626 avuncunlum
1697 555 1813 622 LUCAE
1838 557 1868 622 C.
1895 555 1926 620 ll.

1572 733 1728 820 penitam.
1762 733 1824 798 Ηοα
1845 737 1952 798 autem
1975 731 2052 810 dicit
2077 749 2133 816 per
2154 733 2359 816 privationem
2391 731 2527 814 prioris3

1574 839 1649 928 quia
1669 839 1752 904 enim
1778 837 1869 922 Virgo
1896 837 1998 922 ipsum
2023 845 2220 924 conceperat,
2246 839 2315 906 ideo
2336 839 2389 906 hic
2410 839 2527 924 primo

1573 943 1698 1032 genitus
1730 943 1798 1012 eius
1831 951 1914 1022 erat;
1951 943 2044 1010 isaiae
2080 943 2255 1030 septimo⁵:
2283 971 2299 1004 ι(
2316 947 2408 1024 Ecce,
2434 945 2530 1032 Virgo

1574 1049 1725 1134 concipiet
1746 1057 1779 1116 et
1812 1049 1912 1136 pariet
1946 1049 2043 1116 filium
2067 1075 2100 1130 »;
2126 1057 2157 1118 et
2180 1049 2249 1118 ideo
2282 1057 2393 1136 partus
2427 1069 2527 1120 novus

1573 1153 1649 1234 luit,
1672 1153 1754 1222 sicut
1784 1161 1815 1220 et
1838 1159 2022 1240 conceptus,
2052 1153 2142 1240 quia,
2164 1155 2247 1222 sicut
2270 1161 2440 1242 conceptus
2461 1157 2530 1224 sine

1572 1259 1711 1344 pudore,
1733 1259 1779 1324 sic
1800 1265 1911 1342 partus
1934 1261 2001 1326 siue
2023 1259 2147 1338 dolore;
2170 1261 2266 1328 lsaiae
2282 1261 2409 1328 ultimo:
2441 1261 2526 1328 «hn-

1572 1373 1700 1460 tequam
1723 1363 1910 1450 parturiret,
1926 1363 2066 1450 peperit;
2089 1373 2257 1450 antequam
2273 1367 2394 1434 veniret
2416 1373 2526 1450 partus
2556 1357 2560 1360 ’

1572 1471 1654 1550 elue,
1677 1471 1799 1556 peperit
1824 1471 2008 1538 masculum.
2032 1471 2107 1554 Quis
2131 1471 2250 1538 audivit
2275 1489 2416 1558 nuquam
2441 1473 2526 1540 talot

1571 1579 1632 1642 Aut
1654 1579 1725 1662 quis
1748 1575 1826 1644 vidit
1847 1577 1921 1642 huie
1948 1577 2046 1642 simile
2063 1583 2106 1642 »t
2131 1583 2161 1644 et
2187 1585 2312 1662 postea:
2341 1579 2526 1662 ‹r-Nunquid

1571 1699 1647 1768 ego,
1670 1681 1725 1767 qui
1747 1683 1825 1750 alios
1854 1699 1967 1766 parere
1989 1681 2085 1762 facio,
2108 1681 2174 1768 ipse
2206 1701 2268 1750 non
2291 1683 2430 1768 pariam,
2453 1683 2527 1750 dicit

1571 1785 1749 1854 Dominus?
1774 1787 1803 1852 Si
1829 1805 1902 1872 ego,
1925 1789 1979 1872 qui
2005 1789 2235 1872 generationem
2268 1789 2382 1856 ceteris
2402 1789 2526 1870 tribuo,

1572 1893 1686 1960 sterilis
1710 1911 1782 1972 ero,
1805 1893 1848 1958 ait
1870 1893 2022 1960 Dominus
2044 1893 2130 1960 Deus
2145 1899 2187 1958 a?
2209 1895 2290 1960 Talis
2306 1901 2415 1980 partus
2439 1895 2527 1962 deee-

1572 1999 1624 2068 bat
1649 1999 1826 2078 Christum,
1848 1997 1888 2066 de
1910 2017 1973 2084 quo
1996 1999 2034 2066 ad
2058 1999 2254 2068 Colossenses
2276 2001 2379 2084 primo
2394 1999 2424 2064 6:
2455 2027 2469 2058 c
2495 2001 2526 2068 ln

1571 2107 1640 2192 ipso
1661 2105 1815 2170 babemus
1835 2103 2080 2188 redemptionem
2102 2109 2134 2170 et
2148 2103 2362 2170 remissionem
2387 2111 2527 2188 peccato·

1572 2231 1659 2292 rum,
1688 2209 1740 2298 qui
1778 2217 1825 2278 est
1856 2211 1961 2296 imago
1994 2211 2047 2278 Dei
2085 2209 2266 2290 invisibilis,
2300 2209 2526 2296 primogenitus

1572 2319 1672 2386 omnis
1696 2323 1858 2386 creaturae
1871 2341 1906 2396 »3
1930 2317 2031 2396 unde,
2055 2317 2139 2384 sicut
2159 2323 2207 2382 est
2228 2317 2457 2402 primogenitus
2471 2319 2528 2392 Pae

1573 2423 1648 2502 tris,
1670 2423 1715 2488 ita
1728 2423 1822 2488 etiam
1846 2423 2074 2506 primogenitus
2088 2421 2212 2500 linaria
2237 2423 2319 2490 siout
2341 2423 2435 2488 etiam
2456 2423 2526 2488 nni-

1572 2529 1695 2614 genitas
1719 2527 1836 2610 Patris,
1851 2529 1896 2596 ita
1917 2529 2097 2614 unigenitus
2113 2531 2234 2610 Matris;
2261 2529 2382 2596 loannis
2404 2529 2525 2614 primo:

1578 2635 1752 2702 «Vidimus
1775 2635 1904 2720 gloriam
1936 2637 2022 2714 elue,
2049 2635 2180 2720 gloriam
2210 2635 2299 2720 quasi
2324 2635 2476 2720 Unigeniti
2509 2655 2526 2702 a

1573 2743 1662 2808 Patre
1679 2767 1695 2800 a
1723 2747 1782 2808 etc.
1813 2741 1901 2808 Unde
1930 2761 1992 2806 uon
2023 2741 2096 2808 dicit
2129 2741 2179 2806 hic
2206 2743 2448 2826 primogenitus
2474 2761 2526 2806 or-

1571 2847 1673 2914 dinem
1707 2853 1851 2932 respectu
1882 2845 2082 2933 posterioris
2104 2845 2187 2912 sicut
2216 2845 2338 2914 dicebat
2369 2845 2526 2914 Helvidius
2576 2897 2579 2902 .

1571 2951 1767 3032 haereticus,
1797 2953 1851 3020 sed
1883 2951 2087 3036 privationem
2119 2959 2265 3038 respectu
2294 2951 2427 3036 prioris,
2453 2953 2526 3038 quia

1571 3057 1694 3124 nullum
1718 3055 1830 3124 habuit
1850 3063 1923 3124 ante
1947 3057 2052 3136 illum,
2079 3061 2113 3124 ut
2129 3055 2330 3136 ostendatur,
2351 3057 2437 3142 qarod
2460 3057 2526 3142 ipse

1571 3161 1703 3228 Domino
1725 3162 1860 3228 totaliter
1894 3169 1962 3226 erat
1982 3161 2181 3228 dedicandus
2213 3163 2419 3246 primogenita
2444 3163 2525 3230 euim

1571 3269 1674 3334 omnia
1699 3274 1788 3334 erant
1822 3269 1887 3334 Deo
1908 3267 2083 3346 olierenda;
2115 3267 2211 3334 Exodi
2247 3265 2366 3334 decimo
2391 3267 2481 3334 tertio
2495 3269 2524 3334 l:

1577 3401 1593 3432 «
1608 3373 1773 3440 Sanctihea
1799 3373 1879 3440 mihi
1903 3391 1995 3440 omne
2027 3373 2286 3460 primogenitum,
2312 3373 2396 3458 quod
2425 3373 2525 3460 aperit

1571 3481 1697 3548 vulvam
1720 3481 1751 3546 iu
1776 3479 1848 3548 ultis
1871 3481 1982 3560 lsrael,
2009 3487 2071 3546 tam
2097 3481 2137 3548 de
2159 3481 2340 3548 hominibus
2370 3499 2464 3566 quam
2488 3481 2526 3548 de

1571 3587 1734 3666 iumentis;
1760 3603 1830 3652 mea
1851 3587 1932 3652 enim
1958 3595 2031 3654 sunt
2053 3589 2157 3654 omnia
2172 3613 2204 3654 a.

1663 3697 1713 3758 ll.
1738 3691 1876 3760 insinuat
1899 3699 2005 3760 autem
2029 3693 2122 3760 tertio
2144 3699 2374 3778 paupertatem
2389 3691 2524 3778 parien-
2545 3703 2577 3750 oe
2590 3705 2652 3766 arn

2573 3761 2623 3802 trra.

1571 3799 1631 3876 tis,
1656 3799 1730 3882 quia
1752 3813 1847 3880 egens
1868 3799 2076 3884 operimenti,
2099 3797 2170 3864 teeti
2185 3805 2216 3864 et
2238 3795 2381 3882 hospitii.
2394 3835 2439 3844 --
2455 3799 2684 3908 PF⁰·⁰⁰,‘,·⁶,⁰,‘,F¹„⁵„⁰¹’⁶·

1570 3911 1641 3988 pter
1663 3903 1818 3972 desectum
1842 3903 2034 3988 operimenti
2054 3903 2146 3970 dicit:
2171 3907 2212 3970 at
2231 3903 2355 3988 pannis
2380 3923 2454 3970 enm
2474 3903 2525 3970 in-

1569 4008 1682 4088 uoluit,
1708 4027 1770 4076 non
1785 4027 1849 4076 una
1871 4013 1971 4088 veste,
1996 4009 2048 4076 sed
2066 4009 2188 4088 multiS,
2211 4015 2248 4076 ut
2268 4027 2426 4094 pannosas
2447 4029 2524 4096 pau-

548 3795 730 3862 imitubilis³
751 3801 785 3862 et
806 3795 1072 3862 commendabilis.

637 3901 740 3966 Primo
764 3899 860 3986 igitur
882 3901 1022 3968 insinuat
1041 3901 1320 3986 opportunitatem
1332 3899 1506 3988 pariendi,

405 4027 438 4072 nc
451 4021 530 4080 primo.
549 4025 621 4074 cnm
644 4005 734 4072 dicit:
749 4007 893 4072 Factum
909 4015 971 4086 est,
994 4025 1071 4072 earn
1088 4015 1189 4074 esseut
1209 4007 1270 4084 ibi,
1287 4007 1412 4094 impleti
1427 4015 1508 4074 suut

548 4113 618 4180 dies
639 4111 767 4190 Mariae,
791 4119 830 4178 ut
848 4123 1000 4198 pareret,
1027 4113 1116 4180 iuxta
1140 4113 1225 4198 quod
1246 4113 1365 4180 dictum
1391 4121 1435 4180 est
1454 4131 1506 4180 su-

548 4239 607 4306 pra
626 4219 667 4288 de
689 4219 757 4286 eius
773 4225 921 4306 cognata,
943 4219 1092 4306 proximo
1107 4219 1288 4306 capitulo⁴:
1317 4219 1506 4288 «Elisabeth

548 4325 713 4412 impletum
730 4331 777 4392 est
793 4331 917 4410 tempus
931 4323 1072 4408 pariendi
1085 4351 1116 4392 s.
1133 4327 1215 4392 Vere
1230 4323 1416 4410 impletum,
1430 4325 1506 4412 quia

547 4429 579 4496 in
603 4429 795 4516 plenitudine
829 4429 980 4514 temporis
1001 4429 1061 4498 fuit
1096 4429 1239 4498 Christus
1275 4437 1444 4514 conceptus
1475 4435 1506 4498 et

548 4541 658 4618 natus3
681 4535 720 4602 ad
749 4533 871 4602 Galatas
895 4543 1026 4622 quarto:
1055 4561 1071 4594 «
1088 4537 1123 4602 lt
1147 4537 1202 4604 ubi
1232 4537 1318 4604 venit
1345 4535 1506 4622 plenitudo

470 4647 471 4650 ’
548 4641 714 4728 temporis,
737 4641 821 4708 misit
853 4643 936 4708 Deus
959 4641 1070 4708 Filium
1102 4659 1197 4708 suum
1220 4641 1338 4708 laetum
1366 4659 1409 4708 ex
1433 4661 1506 4708 mu-

548 4747 623 4816 liere
638 4771 678 4828 »;
702 4747 865 4816 Psalmus:
896 4773 912 4806 c
926 4747 998 4816 Dies
1023 4747 1105 4834 pleni
1128 4747 1332 4816 invenientur
1352 4749 1385 4812 iu
1409 4747 1453 4816 eis
1473 4775 1503 4814 s.

639 4857 688 4922 lu
715 4855 814 4940 (Vers.
841 4855 895 4936 7.).
921 4853 1059 4922 Insinuat
1075 4855 1167 4922 etiam
1192 4855 1369 4920 nouitatem
1383 4863 1506 4938 partus

382 4971 528 5024 uenturo.
545 4961 579 5028 in
603 4963 664 5028 hoc
684 4959 769 5044 qumi
793 4959 884 5026 dicit:
911 4961 950 5026 la
971 4961 1096 5046 peperit
1115 4959 1227 5046 fitium
1247 4979 1350 5026 suum
1376 4957 1503 5044 primo-

617 5359 721 5414 ¹Vcrs.
747 5363 757 5414 4
764 5363 789 5416 5.
812 5361 989 5430 —Sequitur
1015 5365 1033 5416 Ι.
1056 5365 1122 5416 Petr.
1151 5367 1179 5430 a,
1200 5365 1242 5416 43.
1266 5377 1323 5430 seq.
1341 5391 1375 5404 --
1394 5365 1505 5416 interius

548 5461 597 5516 pro
615 5449 690 5504 daret
710 5451 769 5504 Vnt.
788 5449 863 5506 dure.
1085 5445 1086 5448 ’
1400 5449 1404 5456 ’

617 5533 628 5566 ¹
648 5537 731 5590 Codd.
749 5535 869 5590 CDF'G
887 5539 1029 5594 obediente.

617 5621 628 5654 ³
648 5627 707 5680 Vat.
727 5623 827 5680 dimisti
840 5631 939 5696 partus
962 5625 1146 5692 adornandis,
1166 5625 1312 5682 inauditus.
1332 5629 1414 5682 codd.
1431 5629 1503 5682 exhi-

548 5713 610 5768 heut
636 5713 678 5768 vel
703 5713 840 5770 imitabilis
863 5717 907 5768 vel
929 5713 1118 5782 immutabilis,
1148 5717 1221 5784 qnod
1245 5729 1299 5770 non
1328 5717 1449 5782 congruit
1473 5719 1503 5770 iis

548 5817 617 5868 quae
633 5803 698 5856 inira
719 5807 868 5868 ponuntnr;
887 5803 1070 5856 substituimus
1089 5801 1264 5858 inimitabilis.

617 5889 629 5920 ⁴
650 5893 725 5948 Vers.
736 5891 779 5944 57.
791 5919 827 5932 -
839 5893 897 5944 Duo
916 5905 990 5960 seqq.
1008 5891 1058 5944 loci
1076 5895 1138 5944 sunt
1157 5893 1212 5944 Gal.
1226 5893 1254 5956 4,
1269 5893 1293 5944 4.
1306 5899 1333 5946 et
1345 5895 1384 5944 Pe.
1398 5893 1446 5956 72,
1462 5895 1502 5946 lu.

618 5979 723 6036 ⁵Vers.
741 5979 784 6034 44.
802 6007 838 6020 -·
857 5983 1007 6048 Sequuntur
1034 5979 1089 6032 lsai.
1108 5981 1158 6044 66,
1174 5979 1200 6032 7.
1220 5995 1277 6046 seq.
1298 5985 1325 6034 et
1349 5983 1373 6034 9.
1391 6009 1426 6022 «-
1445 5983 1503 6034 Ber·

548 6073 629 6134 nard,
653 6071 685 6124 in
698 6069 793 6136 Vigilia
817 6069 902 6124 nativ.
925 6067 1043 6136 Domini,
1061 6081 1142 6122 serm.
1162 6069 1184 6122 4.
1203 6085 1231 6122 n.
1247 6069 1322 6122 3εο
1349 6085 1418 6122 nova
1442 6083 1503 6124 vere

547 6159 688 6214 miracula!
707 6157 856 6226 Conceptus
872 6159 921 6212 init
938 6157 994 6228 sine
1012 6157 1128 6226 pudore,
1148 6163 1239 6224 partus
1260 6159 1317 6212 siue
1335 6157 1433 6212 dolore.
1452 6159 1503 6212 llu-

547 6253 600 6300 tata
617 6253 657 6300 est
674 6247 698 6298 iu
719 6247 827 6312 Virgine
851 6251 937 6300 nostra
963 6239 1110 6300 maledictio
1127 6247 1198 6300 Evae
1223 6247 1278 6316 (eir.
1297 6247 1362 6302 Gen.
1383 6247 1414 6310 3,
1433 6247 1502 6316 top

547 6335 650 6402 peperit
668 6335 738 6388 enim
754 6335 838 6388 lilium
857 6335 913 6388 sine
929 6335 1021 6388 dolore
1040 6341 1089 6388 etc.

616 6421 628 6454 ⁸
647 6427 723 6478 Vers.
742 6423 785 6478 44.
803 6439 859 6492 seq.
877 6453 914 6464 -
931 6423 1049 6478 Subinde
1065 6425 1191 6490 allegatur
1210 6427 1280 6478 loau.
1299 6425 1324 6488 t,
1346 6423 1387 6478 44.

617 6511 627 6544 ¹
647 6517 722 6568 Vens·
740 6517 765 6568 4.
784 6541 818 6552 -
836 6513 948 6580 Hieron,
968 6515 1001 6568 de
1026 6515 1155 6580 Perpetua
1174 6515 1275 6580 Virgin.
1297 6515 1326 6566 B.
1346 6513 1440 6566 hieriae
1460 6513 1503 6568 ad·

546 6615 639 6658 versus
668 6601 830 6666 Helvidium,
854 6617 881 6656 n.
910 6601 961 6656 to:
979 6601 1032 6656 Nos
1058 6607 1146 6654 arram
1174 6603 1209 6654 ita
1238 6601 1398 6656 delinimus:
1415 6601 1503 6656 omnis

547 6691 695 6758 unigenitus
713 6695 752 6742 est
770 6691 975 6758 primogenitus,
992 6703 1047 6744 uon
1070 6691 1157 6744 omnis
1178 6689 1371 6758 primogenitus
1391 6695 1429 6744 est
1447 6689 1503 6744 uni·

548 6779 660 6844 genitus.
677 6779 869 6844 primogenitus
887 6783 927 6832 est
947 6793 1000 6832 non
1027 6783 1125 6834 autum
1153 6783 1213 6846 post
1236 6793 1317 6846 quem
1337 6781 1437 6848 etalii,
1456 6779 1503 6834 sed

1570 4131 1626 4198 per
1651 4119 1754 4198 posset
1776 4113 1836 4180 dici
1859 4121 1891 4180 et
1913 4115 2059 4200 exemplo
2084 4119 2273 4182 monstraret
2294 4113 2374 4180 illud
2389 4113 2523 4198 Apostoli

1569 4219 1689 4306 primae
1712 4219 1750 4288 ad
1775 4219 1971 4288 Timotheum
1988 4219 2143 4286 ultimo⁸z
2170 4219 2355 4288 «Habentes
2378 4219 2526 4290 alimenta

1569 4327 1738 4410 atquibus
1773 4333 1933 4412 tegamur,
1963 4327 2013 4394 his
2045 4327 2181 4394 contenti
2216 4327 2362 4422 simusu.
2398 4327 2435 4392 Et
2465 4329 2525 4398 hoc

1569 4431 1791 4518 correspondet
1826 4433 1868 4500 illi
1903 4433 2101 4518 prophetiae,
2127 4435 2293 4500 Zachariae
2329 4433 2439 4514 tertio,
2468 4435 2524 4504 ubl

1568 4539 1700 4618 dicitnr,
1730 4539 1815 4624 quod
1844 4567 1859 4598 «
1875 4541 1974 4618 lesus
1999 4541 2144 4608 sacerdos
2164 4557 2316 4624 maguus,
2339 4544 2407 4606 erat
2434 4539 2525 4606 indn-

1569 4651 1620 4712 tus
1637 4645 1770 4712 sordidis
1786 4645 1924 4712 vestibus
1937 4671 1968 4712 a.
1985 4645 2161 4722 Bernartius
2174 4645 2203 4710 ³:
2223 4671 2240 4702 «τ
2253 4645 2405 4730 ignoscas
2421 4644 2523 4714 lesum

1569 4751 1763 4818 sacerdotem
1778 4769 1941 4838 magnum,
1965 4751 2097 4818 sordidis
2115 4751 2262 4818 indutum
2276 4751 2432 4830 vestihus,
2448 4753 2524 4820 dum

1568 4855 1776 4922 altercaretur
1797 4873 1870 4922 cum
1895 4855 2025 4923 diabolo.
2042 4855 2080 4922 ht
2103 4855 2155 4922 ubi
2171 4856 2345 4922 exaltatum
2369 4861 2415 4924 est
2431 4863 2526 4942 caput

1568 4965 1713 5028 nostrum
1735 4977 1832 5046 super
1847 4961 1987 5028 inimicos
2011 4969 2151 5040 nostros,
2166 4961 2301 5028 mutavit
2318 4967 2452 5042 vestem,
2474 4961 2526 5030 de

1565 5361 1638 5432 parad
1655 5361 1741 5432 aperit
1759 5361 1896 5416 uuluam...
1915 5363 2037 5416 Dehoivit
2061 5377 2148 5416 sermo
2171 5363 2231 5428 Dei,
2252 5361 2317 5428 qnid
2336 5363 2369 5414 sit
2392 5361 2524 5428 primoge-

1565 5451 1664 5506 nitum:
1682 5463 1773 5518 omae,
1794 5451 1891 5518 inquit,
1910 5449 1980 5520 quod
1997 5449 2085 5520 aperit
2102 5449 2221 5506 ualeam.
2240 5449 2355 5516 Alioqui,
2369 5449 2391 5502 si
2411 5463 2465 5502 non
2484 5457 2524 5504 est

1566 5539 1758 5606 primogenitus
1781 5541 1831 5594 uisi
1855 5539 1878 5594 is
1902 5545 2016 5604 tanum,
2033 5555 2112 5608 quem
2134 5547 2278 5606 sentiuntur
2296 5541 2402 5602 iratres,
2420 5539 2522 5592 tamdiu

1567 5629 1747 5682 sacerdotibus
1766 5629 1939 5696 primogenita
1958 5643 2010 5680 non
2029 5629 2164 5690 debentur,
2177 5627 2307 5694 quamdiu
2321 5633 2345 5680 et
2362 5629 2412 5680 ella
2431 5629 2525 5682 tuerint

1565 5723 1718 5794 procreata,
1734 5731 1769 5770 ne
1781 5719 1857 5782 torte,
1870 5721 1947 5784 partu
1965 5723 2055 5784 postea
2078 5729 2131 5768 non
2150 5721 2289 5784 sequente,
2308 5715 2458 5782 unigenitus
2476 5715 2523 5780 sit,

1514 5841 1517 5846 ,
1566 5811 1593 5860 et
1610 5821 1664 5860 nou
1681 5807 1873 5872 primogenitus
1892 5811 1941 5860 etc.
1960 5805 2012 5860 Cir.
2030 5805 2074 5858 lV.
2094 5807 2165 5858 sent.
2183 5805 2210 5858 d.
2228 5803 2274 5858 30.
2291 5803 2355 5858 duh.
2376 5805 2400 5858 4.
2468 5803 2471 5806 ’

1640 5891 1743 5948 ⁸Vers.
1764 5895 1788 5946 8.
1805 5923 1842 5934 -
1860 5893 1983 5962 Sequitur
2007 5893 2112 5946 zachar.
2134 5893 2161 5960 3,
2181 5893 2208 5944 3.
2225 5921 2262 5932 --
2279 5893 2355 5948 Cerd.
2379 5893 2469 5958 hugo,
2496 5893 2520 5946 iu

1566 5983 1631 6036 Luc.
1653 5983 1680 6048 2,
1700 5981 1732 6034 7:
1750 5983 1787 6036 Et
1799 5979 1902 6050 pannis
1919 5995 1982 6034 eam
2000 5961 2119 6036 innodo-it.
2138 5983 2244 6036 Pondus
2258 5987 2295 6034 est
2308 5983 2334 6034 in
2346 5979 2445 6048 verbo;
2458 5995 2523 6046 pan·
2626 6037 2627 6040 Ἴ

1568 6085 1617 6124 nus
1637 6071 1707 6124 euim
1724 6069 1851 6122 vilitatem
1869 6073 1896 6122 et
1913 6075 2069 6124 vetustatem
2082 6075 2169 6138 notat3
2182 6071 2255 6124 unde
2266 6083 2398 6136 pauperes
2410 6069 2524 6124 dicimus

1568 6173 1714 6226 pannosae,
1733 6157 1781 6226 qui
1799 6157 2016 6222 multiplicitatem
2034 6173 2181 6224 patruorum
2201 6158 2330 6212 inutilium
2348 6161 2487 6210 consuunt.

1641 6243 1755 6298 ⁹Serm.
1778 6245 1801 6298 4.
1821 6245 1848 6298 iu
1865 6247 1948 6300 nativ.
1967 6247 2086 6316 Domini,
2103 6263 2131 6300 u.
2150 6247 2180 6300 l:
2200 6249 2322 6312 Agnosco
2340 6251 2425 6308 certe,
2445 6259 2523 6310 agno·

1566 6349 1611 6388 sco
1631 6337 1743 6388 lesum...
1763 6327 1876 6388 diabolo.
1896 6333 2042 6388 scientibus
2055 6337 2204 6402 Scripturas
2215 6337 2310 6404 loquor
2323 6341 2347 6388 et
2359 6331 2458 6402 quibus
2469 6347 2523 6388 nou

1568 6425 1658 6490 ignota
1674 6429 1715 6476 est
1737 6423 1893 6490 prophetica
1916 6425 1983 6478 visio
2009 6425 2149 6478 Zachariae
2165 6421 2210 6492 [3,
2229 6425 2255 6478 4.
2273 6421 2370 6490 seua}
2390 6421 2441 6476 Ubi
2459 6437 2523 6476 vero

1566 6513 1707 6568 exaltatum
1724 6517 1764 6566 est
1781 6517 1860 6580 capnt
1887 6517 2004 6574 nostrum
2033 6527 2114 6580 super
2136 6511 2257 6566 inimicos
2274 6517 2393 6574 nostroe,
2415 6525 2448 6566 cx
2471 6515 2523 6564 hoc

1566 6603 1644 6666 plane
1662 6601 1775 6656 mutavit
1790 6609 1905 6666 vestem,
1922 6599 2044 6658 decorem
2070 6599 2171 6666 induit,
2191 6599 2307 6656 amiotus
2327 6597 2429 6654 tamine
2453 6599 2523 6654 sara

1566 6685 1722 6744 vestimento
1739 6685 1791 6756 [Ps.
1811 6691 1877 6754 lat,
1898 6691 1922 6742 4.
1941 6685 2028 6756 seq.],
2051 6689 2201 6754 exemptum
2227 6687 2301 6742 dedit
2329 6685 2418 6752 nobis,
2445 6693 2473 6740 ut
2498 6691 2524 6740 et

1566 6791 1615 6832 uos
1643 6777 1735 6830 eadem
1763 6775 1890 6832 iaciamus
1915 6773 1976 6844 [cir.
2004 6777 2073 6830 loon.
2094 6777 2139 6842 43,
2159 6775 2223 6844 45.].
2242 6775 2333 6830 Utilior
2350 6779 2401 6828 elo.
2417 6801 2454 6814 —
2471 6775 2523 6828 Pro

548 6871 694 6934 antequem
703 6867 799 6920 nullus.
810 6865 903 6932 aaa,
914 6867 997 6934 inquit
1008 6869 1137 6924 Dominus
1147 6869 1179 6922 ad
1188 6869 1277 6922 Aaron
1287 6867 1374 6938 [Num.
1385 6871 1427 6934 le,
1439 6871 1449 6922 l
1457 6867 1503 6940 5.],
1568 6865 1656 6922 lorica
1671 6865 1763 6934 ferrea
1781 6865 1921 6920 CDFGH
1940 6869 2029 6918 comma
2048 6867 2146 6918 textum
2164 6863 2319 6930 originalem
2331 6861 2409 6918 uestis
2421 6861 2523 6930 ferrea.
