5908 8266
533 595 598 664 816
747 623 748 626 ¹
1400 607 1515 672 INDEX
1538 609 1666 678 RERUM

828 685 881 740 rm
1041 701 1042 704 ¹
2185 695 2235 748 44

588 801 623 814 -
643 773 669 826 in
689 769 778 828 habitu
798 773 924 826 credebat
951 775 975 826 in
995 773 1126 830 Christum
1149 783 1176 832 et
1265 809 1301 820 -
1320 781 1359 832 hd
1373 781 1779 852 44444444441444444444444444
1793 795 1851 834 con·
1941 781 2082 836 -nititur
2102 779 2214 833 liberare
2240 781 2371 836 Christum
2389 797 2438 848 per
2456 783 2527 838 beni·

534 863 660 916 credebat
678 877 739 916 euru
760 865 897 932 aequalem
914 865 984 918 Patri
1004 869 1028 916 et
1046 877 1131 918 unum
1148 865 1176 920 in
1211 865 1334 922 sideratio
1362 869 1470 934 originis
1499 871 1632 934 potestatis
1659 876 1777 923 terrenae
1808 871 1851 924 911
1888 871 2028 934 gnitatern,
2060 869 2225 922 severitatem
2256 875 2282 922 et
2309 871 2468 938 aequitatem
2494 871 2527 924 91

443 1015 446 1018 ,
535 951 801 1006 substantialitas
824 953 1177 1018 lu—rolehatetquae-
1214 955 1265 1006 409
1284 957 1301 1006 9
1321 957 1450 1010 -·Iladir
1463 957 1566 1020 pietatis
1580 957 1721 1022 spiritualis
1735 961 1772 1010 est
1785 957 1851 1010 tides
1889 957 1939 1008 489
1958 957 2047 1010 70-
2066 959 2187 1010 affectans
2206 955 2318 1008 liberare
2336 955 2469 1010 Christum
2493 961 2528 1010 al·

536 1039 611 1094 rebat
629 1043 731 1094 Patrem
756 1039 876 1094 distincte
897 1041 1003 1108 videre,
1021 1055 1077 1094 nou
1094 1043 1176 1096 cousi·
1214 1043 1316 1096 feruida
1341 1049 1368 1096 44
1394 1045 1525 1096 humilitas
1551 1045 1672 1096 timorata
1692 1043 1742 1096 499
1764 1045 1797 1096 49
1815 1073 1851 1080 -
1888 1044 1957 1110 legat
1976 1045 2032 1098 eius
2046 1045 2220 1100 innocentiam
2238 1043 2269 1098 r'lr.
2284 1045 2327 1096 71.
2343 1045 2392 1096 490
2408 1045 2431 1096 4.
2444 1045 2528 1096 4917

536 1129 653 1184 derando
672 1129 801 1184 essentiae
819 1129 944 1184 unitatem
963 1127 1023 1184 t'bt'd.
1212 1129 1291 1182 Dolor
1311 1131 1413 1198 pietatis
1433 1131 1508 1184 decet
1523 1131 1676 1196 pontificem
1695 1129 1747 1182 495
1766 1131 1800 1184 93
1818 1157 1851 1168 -·
1886 1159 1925 1169 —
1943 1133 2088 1186 manifestat
2108 1133 2282 1186 innocentiam
2297 1129 2389 1184 Christi
2403 1147 2449 1198 444
2470 1147 2529 1184 exa·

588 1249 627 1258 —
643 1219 728 1284 magis
757 1217 892 1286 indigebat
918 1219 1036 1272 doctriua
1066 1217 1098 1270 91
1125 1219 1176 1272 390
1213 1219 1251 1270 Ex
1267 1217 1365 1282 pietate
1383 1219 1469 1272 cordis
1490 1219 1570 1270 nostri
1587 1219 1670 1270 debet
1687 1219 1852 1282 quadruplex
1889 1219 2058 1274 minationem
2075 1223 2211 1288 propriam
2240 1219 2527 1274 444114444911570

536 1307 571 1360 43
589 1337 625 1348 -
643 1321 657 1360 4
676 1309 788 1360 Domino
807 1307 993 1372 interrogatur,
1013 1307 1074 1372 quia
1092 1307 1177 1360 turbis
1212 1305 1505 1370 14444444444144444
1523 1307 1637 1360 derivari
1658 1305 1707 1358 499
1729 1303 1762 1358 64
1889 1309 1923 1360 49
1942 1335 1978 1348 -
1996 1309 2124 1374 praedicit
2141 1323 2254 1376 aequam
2267 1307 2422 1360 seutentiam
2435 1321 2529 1360 secun-

536 1401 614 1450 natus
628 1397 723 1450 etideo
743 1397 828 1462 magis
845 1395 957 1462 deipsis
970 1393 1094 1448 sollicitus
1113 1401 1177 1462 erat,
1267 1419 1304 1432 -
1329 1395 1364 1446 ad
1391 1395 1474 1446 Deum
1503 1393 1676 1458 praeferenda
1700 1399 1741 1446 est
1762 1393 1853 1458 pietati
1888 1395 1952 1448 dum
1976 1399 2102 1450 iustitiam
2128 1399 2262 1450 terendam
2294 1393 2326 1450 rb.
2357 1395 2388 1448 90
2414 1423 2448 1432 -
2477 1409 2529 1450 uon

536 1499 598 1540 cum
627 1487 696 1540 circa
720 1485 789 1538 illam
816 1485 927 1550 patriam
956 1483 1084 1536 oriundus
1109 1493 1178 1540 esset
1213 1487 1334 1546 respectu
1347 1489 1486 1546 parentum
1501 1483 1545 1534 911
1560 1483 1591 1534 68
1613 1483 1657 1534 107
1671 1483 1753 1534 -ad
1766 1483 1850 1536 0444
1888 1483 2003 1538 audebat
2021 1499 2037 1536 a
2057 1499 2083 1538 se
2104 1487 2161 1552 ipso
2186 1485 2322 1540 absoluere
2349 1487 2529 1548 innocentem,

509 1573 710 1630 114444--44
738 1575 826 1640 ipsum
855 1579 884 1626 ut
910 1573 945 1626 ad
971 1571 1059 1636 magis
1084 1579 1176 1626 notum
1213 1575 1240 1622 et
1259 1571 1389 1636 cupiditas
1406 1573 1442 1624 ad
1461 1571 1589 1624 mundum
1610 1585 1662 1624 nou
1677 1577 1761 1636 potest
1772 1573 1852 1624 simul
1889 1573 1937 1626 sed
1963 1573 2268 1642 quaerebat-assensum
2294 1573 2375 1640 partis
2400 1573 2529 1626 adversae
2604 1627 2605 1630 ,

536 1669 705 1716 accesserunt
731 1663 852 1728 gentiles,
882 1667 910 1714 ut
938 1663 1022 1714 lesum
1057 1659 1179 1716 uiderent
1213 1657 1307 1712 haberi
1325 1657 1377 1710 410
1395 1661 1425 1710 91
1448 1687 1484 1696 -
1502 1665 1681 1724 perscrutatur
1698 1659 1789 1714 divina
1817 1661 1849 1714 91
1888 1657 1950 1714 lom.
1970 1687 2006 1700 -··
2023 1663 2150 1726 ostendit,
2171 1663 2243 1728 quod
2261 1677 2315 1714 4444
2334 1667 2436 1728 4444444
2458 1659 2530 1714 Chri·

537 1751 588 1804 416
619 1752 651 1804 90
677 1777 712 1790 -
742 1751 851 1816 gentiles
874 1763 927 1802 non
953 1749 1050 1816 repulit
1072 1749 1178 1818 41444,
1214 1747 1300 1800 9444
1838 1777 1840 1784 ‹
1888 1755 1957 1800 4444444
1980 1747 2046 1798 44444
2063 1747 2189 1800 damnare
2207 1745 2271 1802 icta.

536 1841 582 1908 qui
601 1831 720 1894 omnium
748 1840 857 1892 salutem
885 1837 990 1892 uolebat
1018 1837 1070 1890 417
1089 1837 1124 1890 94
1142 1867 1179 1898 -,··
1266 1863 1303 1876 -
1321 1841 1360 1888 cst
1378 1835 1460 1888 virtus
1479 1837 1525 1888 Dei
1546 1837 1578 1888 91
1599 1837 1690 1890 4884.
1712 1837 1746 1888 45
1943 1863 1979 1872 -
1997 1841 2097 1898 septem
2118 1835 2204 1888 modis
2224 1837 2298 1888 visus
2324 1843 2365 1890 est
2386 1837 2530 1890 damnatio·

537 1929 693 1994 petitionem
710 1927 843 1992 gentilium
875 1941 922 1980 neo
949 1927 1057 1978 omuino
1081 1929 1179 1992 repulit
1268 1927 1344 1978 94444
1363 1953 1397 1964 ·-·
1416 1927 1444 1978 ln
1462 1927 1539 1990 pigro
1553 1925 1695 1978 insinuatur
1707 1931 1798 1990 torpor
1811 1939 1854 1978 ac·
1889 1939 1949 1976 nern
1969 1921 2063 1976 Christi
2080 1921 2264 1988 subterfugere
2283 1933 2308 1978 et
2332 1939 2394 1978 euru
2418 1923 2530 1978 liberare

537 2031 586 2070 nec
606 2017 714 2070 omuino
734 2015 840 2070 admisit
857 2013 919 2070 4444.
1214 2013 1475 2078 cidiae,suslinentia
1490 2013 1623 2080 penuriae,
1636 2015 1767 2068 excusatio
1781 2013 1854 2078 igno·
1889 2013 1934 2066 Vll
1952 2011 1999 2064 571
2023 2011 2057 2062 97
2076 2041 2112 2050 -
2129 2013 2186 2062 vult
2204 2011 2335 2064 Christum
2351 2011 2461 2064 liberare
2480 2027 2529 2078 per

556 2127 558 2130 ·
590 2133 627 2146 ι·-
644 2103 670 2158 in
690 2103 807 2158 Samaria
826 2103 911 2170 primo
935 2103 1095 2170 praedicarit
1115 2119 1179 2170 gen-
1213 2101 1413 2156 4444449198
1436 2117 1458 2156 v.
1481 2105 1596 2156 6-iu
1624 2103 1728 2170 pigritia
1753 2101 1856 2158 acidiae
1889 2101 2054 2156 clementiam
2081 2099 2109 2152 in
2132 2101 2232 2164 pascha
2257 2101 2290 2152 91
2309 2097 2361 2152 499
2378 2099 2414 2152 79
2432 2125 2467 2138 ·-
2486 2101 2530 2152 lla·

537 2193 609 2248 tibus
629 2195 671 2248 911
692 2191 741 2244 488
762 2191 795 2244 49
1213 2191 1380 2246 1444444491
1404 2187 1509 2248 uidetur
1537 2193 1731 2248 exornationem
1754 2191 1854 2256 sapien·
1889 2191 1969 2256 gelat
1987 2191 2161 2254 innocentem,
2175 2195 2202 2242 ut
2216 2187 2316 2254 mitiget
2336 2189 2420 2242 zelum
2441 2187 2529 2242 ludae-

590 2285 665 2336 Pauo
684 2311 720 2320 -
737 2281 783 2338 init
797 2281 1177 2348 sapientissimusludaeorum
1214 2281 1264 2344 tiae
1288 2279 1350 2334 44444.
1381 2311 1416 2320 -
1444 2281 1575 2356 04444444,
1597 2281 1719 2348 pigritiae
1745 2279 1853 2332 uitanda
1888 2283 1965 2334 orum
1984 2279 2016 2336 44.
2038 2281 2047 2332 l
2069 2309 2107 2320 --
2129 2281 2204 2332 ollert
2225 2281 2385 2344 4444444444
2406 2277 2529 2346 accusati,

538 2373 573 2426 91
593 2375 642 2424 108
662 2387 690 2424 v.
708 2371 723 2422 9
743 2401 778 2410 -
797 2371 861 2424 vixit
884 2371 1050 2438 temporibus
1068 2373 1177 2438 aposto.
1214 2371 1265 2422 398
1286 2371 1318 2422 99
1331 2401 1366 2410 -
1380 2371 1484 2436 operari
1502 2385 1616 2424 renuens
1628 2385 1730 2436 pauper
1743 2371 1854 2422 eflicitur
1888 2383 1923 2422 ue
1940 2371 2027 2422 ludaei
2047 2373 2156 2436 possent
2173 2369 2300 2436 conqueri
2323 2369 2358 2422 de
2375 2367 2529 2422 remissione

541 2461 627 2514 lorum
646 2459 803 2514 tota-ah
816 2473 905 2512 amore
918 2461 1062 2526 sapientiae
1073 2475 1127 2514 nou
1139 2471 1179 2518 est
1213 2463 1241 2512 44
1252 2473 1338 2512 macer
1352 2467 1458 2524 propter
1478 2461 1611 2512 delectum
1628 2459 1734 2524 inopiae
1750 2455 1783 2508 444.
1798 2457 1853 2508 aab
1887 2447 1985 2510 iudicis
2002 2459 2046 2510 911
2065 2457 2118 2508 970
2137 2459 2172 2510 90
2191 2485 2226 2494 -
2249 2457 2376 2520 permisit,
2397 2455 2529 2510 Christum
2596 2521 2597 2524 Ἴ

540 2547 1178 2618 immeritoappellatust'br'd.-inGraecalingua
1212 2575 1249 2586 —
1271 2547 1314 2600 Ad
1339 2549 1497 2602 otiositatem
1524 2547 1692 2614 consequitur
1710 2543 1854 2596 destructio
1889 2551 1919 2596 ut
1936 2557 2027 2610 regem
2047 2545 2175 2608 derideri,
2192 2551 2223 2596 ut
2240 2545 2352 2596 ludaeos
2378 2545 2414 2596 ad
2432 2545 2530 2596 miseri-

537 2639 723 2704 valdeperitus
738 2639 783 2692 luil
798 2637 1178 2702 :ltlilb-luitludaeusma-
1214 2639 1311 2690 domus
1323 2641 1488 2688 constructae
1499 2637 1532 2686 86
1553 2649 1577 2686 r.
1603 2635 1632 2686 48
1651 2661 1686 2674 -
1703 2635 1752 2684 Per
1773 2631 1854 2696 pigri·
1889 2629 2005 2684 cordiam
2024 2631 2160 2682 inclinaret
2179 2631 2210 2681 91
2231 2631 2282 2682 499
2303 2631 2330 2682 lt

536 2725 607 2780 tione
626 2725 828 2790 Alexandrinus,
848 2727 881 2780 de
899 2727 1177 2792 generesacerdotum
1214 2725 1276 2778 tiam
1297 2723 1438 2776 destruitur
1455 2723 1606 2774 aedilicium
1625 2719 1757 2784 spirituale
1776 2717 1837 2770 44444.
1941 2745 1979 2758 -·
1994 2719 2091 2772 dururn
2111 2721 2167 2768 erat
2183 2717 2207 2768 ei
2233 2717 2363 2770 Christum
2382 2719 2460 2772 morti
2480 2725 2531 2770 tra·
2597 2721 2598 2724 ’

539 2815 717 2868 4404-444
731 2829 809 2868 44444
827 2815 945 2866 41444444
955 2815 1014 2866 libri
1028 2815 1178 2878 Sapientiae
1266 2837 1303 2850 -
1320 2811 1427 2876 Pigritia
1445 2815 1553 2872 regnat,
1571 2809 1617 2860 ubi
1644 2821 1698 2860 non
1717 2809 1755 2856 est
1775 2805 1853 2856 tirnor
1889 2803 1951 2856 dere
1972 2805 2026 2858 siue
2045 2817 2124 2856 causa
2144 2807 2185 2856 Vll
2212 2805 2255 2856 471
2282 2803 2314 2858 94
2334 2833 2368 2842 -
2387 2807 2530 2858 Uxor-sua
2614 2823 2616 2828 ’

537 2917 585 2968 per
603 2905 712 2958 modurn
733 2905 895 2968 compilautis
917 2905 966 2956 408
987 2919 1013 2956 v.
1034 2905 1060 2956 6.
1078 2905 1167 2954 40914
1213 2899 1318 2952 Domini
1336 2911 1457 2962 pungens
1486 2897 1517 2948 91
1540 2897 1571 2946 86
1591 2911 1618 2946 u.
1639 2895 1672 2946 48
1690 2919 1727 2932 ·-·-
1745 2893 1854 2956 Propter
1889 2891 2059 2944 dissuadebat
2077 2893 2118 2956 44,
2135 2893 2252 2956 44444444
2272 2891 2529 2946 seutentiamcontra

590 2993 751 3044 Pauosorrul
768 3019 805 3032 -
827 2993 883 3054 agit
907 2993 942 3042 de
965 2989 1092 3056 operibus
1118 3003 1179 3052 pru·
1214 2985 1325 3040 acidiam
1355 2989 1434 3036 homo
1456 2983 1575 3036 redditur
1604 2983 1680 3046 piger
1710 2981 1743 3034 ad
1772 2995 1852 3034 omne
1889 2979 2020 3034 Christum
2040 2977 2103 3034 r'bt'd.
2128 3007 2163 3020 ·-
2187 2979 2346 3048 intelligens,
2373 2987 2531 3046 potestatem

539 3079 643 3132 dentiae
663 3077 1178 3142 914714-91441444441444444444444
1214 3073 1314 3124 bonum
1333 3073 1367 3122 38
1386 3085 1413 3124 v.
1433 3071 1670 3136 5-oditlucem,
1688 3069 1853 3136 quiaipsum
1889 3083 1965 3122 suam
1985 3067 2034 3122 sub
2060 3067 2167 3122 alterius
2191 3073 2319 3134 potestate
2347 3069 2530 3134 constitutam,

450 3151 451 3156 ἵ
539 3171 580 3220 444
599 3163 719 3218 sublimia
741 3163 888 3216 curiositate
902 3163 1030 3214 9444-
1044 3163 1179 3216 mundana
1214 3159 1383 3212 4444441554
1410 3175 1437 3212 v.
1466 3159 1500 3210 90
1528 3187 1563 3196 -
1586 3157 1632 3226 qui
1651 3157 1743 3210 volunt
1760 3163 1788 3208 et
1805 3169 1854 3208 ao·
1888 3155 1995 3210 nolebat
2012 3157 2138 3210 damnare
2159 3157 2339 3224 innocentem,
2358 3149 2406 3210 sed
2424 3155 2531 3210 volebat

539 3257 642 3306 fucatur
660 3253 770 3316 strepitu
791 3249 935 3304 verborum
954 3251 1006 3304 373
1020 3253 1035 3302 8
1050 3277 1084 3288 -
1097 3251 1181 3304 Philo·
1214 3249 1284 3312 lunt,
1304 3247 1327 3298 iu
1348 3247 1448 3300 caelum
1464 3247 1568 3300 intrare
1592 3261 1645 3300 nou
1673 3249 1783 3310 possunt
1810 3245 1853 3298 911
1889 3245 2019 3298 dimittere
2039 3245 2169 3300 Christum
2187 3247 2221 3298 Vl
2241 3245 2292 3298 499
2312 3247 2346 3298 49
2362 3225 2401 3284 ’-
2419 3251 2530 3310 propter

539 3341 616 3406 sophi
634 3341 819 3393 contendentes
832 3353 960 3406 quaerere
980 3339 1013 3392 de
1031 3339 1101 3400 Deo,
1121 3353 1181 3394 con·
1215 3337 1262 3390 951
1288 3337 1320 3388 53
1889 3335 2062 3388 innocentiam
2082 3349 2134 3388 nou
2155 3335 2209 3388 vult
2228 3333 2359 3388 Christum
2387 3337 2529 3398 damnare,

539 3427 598 3480 lessi
609 3433 677 3490 sunt,
687 3427 758 3494 quod
769 3427 802 3480 sit
812 3427 1023 3492 incognoscibilis
1032 3427 1133 3480 911995
1144 3429 1178 3482 40
1268 3427 1374 3478 94444444
1395 3451 1432 3464 ·-
1454 3423 1537 3478 uoluit
1563 3423 1696 3488 suscipere
1721 3423 1853 3478 Christum
1889 3417 1935 3478 sed
1955 3427 2030 3478 ollert
2047 3439 2109 3476 eum
2120 3423 2232 3488 ludaeis,
2253 3429 2283 3478 ut
2301 3423 2458 3490 crucifigant
2478 3421 2525 3474 494

590 3517 705 3568 Puoaaus
722 3545 758 3556 -
776 3513 831 3568 Sub
851 3517 955 3568 nomine
968 3515 1068 3568 Phoebi
1085 3517 1181 3570 adora·
1216 3513 1386 3568 iudicandum
1407 3513 1462 3566 siue
1481 3527 1559 3566 causa
1579 3513 1613 3564 91
1632 3511 1682 3564 486
1696 3513 1738 3564 53.
1753 3511 1804 3564 487
1817 3511 1853 3564 55
1873 3513 1907 3564 ,7
1926 3541 1960 3550 -
1980 3515 2046 3566 4414
2063 3511 2136 3564 limet
2156 3511 2187 3566 t'b.
2209 3515 2225 3564 9

538 3603 877 3658 94144441914994.9
1215 3631 1250 3642 -
1268 3603 1360 3656 441444
1378 3601 1509 3656 inducitur
1528 3601 1562 3656 ad
1580 3601 1751 3654 iudicandum
1771 3607 1797 3654 44
1808 3615 1855 3654 ro·
1942 3629 1978 3640 —-
2003 3603 2133 3668 quaereus
2161 3601 2193 3652 de
2222 3601 2322 3666 origine
2351 3599 2444 3654 Christi
2475 3613 2527 3652 uon

592 3695 739 3746 9444444444
766 3721 803 3730 -
829 3691 961 3756 dixerunt,
990 3691 1121 3746 Christum
1147 3709 1179 3750 ex
1216 3691 1269 3742 lens
1298 3689 1429 3744 Christum
1456 3696 1580 3756 tanquam
1610 3691 1774 3744 innocentem
1794 3691 1854 3744 llbe-
1874 3695 2004 3742 ³meretur
2023 3681 2179 3754 responstun
2198 3691 2233 3744 91
2252 3691 2299 3742 491
2326 3687 2529 3742 1449499-

539 3781 618 3834 Maria
636 3793 746 3844 prorsus
764 3777 890 3834 sumsisse
910 3781 1048 3834 exordium
1061 3793 1110 3834 nec
1121 3795 1179 3838 esse
1215 3793 1273 3832 rare
1293 3777 1425 3832 inducitur
1442 3781 1476 3832 ad
1495 3777 1726 3832 condemnandum
1739 3779 1790 3830 489
1810 3779 1853 3832 51.
1888 3777 2002 3844 superbe
2015 3779 2093 3832 iactat
2105 3779 2245 3844 potentiam
2267 3793 2343 3832 suam
2355 3779 2380 3830 in
2395 3777 2528 3832 Christum

539 3875 708 3922 coaeternum
728 3871 796 3920 Patri
816 3867 920 3922 91947
940 3869 955 3920 5
1035 3873 1036 3876 ’
1217 3869 1267 3920 483
1287 3869 1320 3920 70
1340 3895 1376 3908 -·
1392 3867 1501 3934 inquirit
1518 3881 1626 3920 causam
1644 3865 1818 3920 accusationis
1838 3881 1854 3920 a
1890 3865 1940 3918 499
1962 3867 1989 3920 44

591 3961 729 4012 9444444444
748 3985 782 3994 -·
802 3963 840 4010 444
860 3957 996 4010 iufirmitas
1013 3957 1179 4024 incurabilis,
1216 3957 1317 4010 Christo
1337 3957 1386 4010 488
1409 3959 1437 4008 64
1460 3985 1496 3994 -
1513 3955 1625 4010 manime
1644 3955 1751 4022 inquirit
1769 3955 1854 4008 dere·
1940 3983 1978 3996 ·-
1994 3955 2120 4008 iudicium
2139 3969 2218 4008 suum
2236 3955 2527 4022 averitateinchoarit,

538 4061 620 4114 quam
644 4047 771 4100 Dominus
795 4047 894 4100 sanarit
919 4045 1022 4100 91587
1043 4047 1179 4102 i-Per
1217 4059 1269 4110 gno
1290 4045 1382 4100 Christi
1401 4043 1464 4100 40444.
1485 4073 1513 4082 -··
1536 4045 1605 4098 circa
1627 4043 1722 4098 Christi
1748 4057 1854 4096 accusa·
1888 4043 2466 4108 444444444444444444444444491489
2491 4045 2527 4096 99

539 4135 691 4202 4144444414
709 4135 862 4202 intelligitur
879 4135 919 4186 ira
938 4133 999 4188 44444.
1216 4135 1299 4186 444444
1316 4135 1352 4186 de
1370 4149 1424 4186 uno
1440 4137 1542 4186 tanturn
1560 4133 1689 4198 quaesivit
1702 4135 1746 4206 911
1765 4131 1815 4186 666
1836 4133 1853 4184 4
1872 4145 1923 4174 ’-
1940 4135 1996 4186 4444
2008 4135 2129 4186 uoluntas
2150 4133 2181 4186 ad
2195 4133 2380 4186 dimittendum
2396 4131 2528 4186 01444444

591 4225 684 4298 Prurns
700 4251 737 4264 ·-·-
755 4225 803 4276 Per
821 4225 936 4276 officiunt
956 4225 1059 4288 pietatis
1076 4225 1182 4278 subiici·
1268 4249 1304 4262 -
1322 4227 1446 4290 tanquam
1476 4221 1623 4274 incredulus
1650 4221 1774 4286 indignus
1798 4227 1854 4274 erat
1872 4225 1873 4292 ᾗ
1888 4237 1941 4276 444
1967 4227 2021 4276 erat
2042 4223 2125 4288 plena,
2145 4221 2190 4274 sed
2211 4221 2287 4286 pigra
2306 4223 2349 4272 911
2368 4219 2415 4272 571
2440 4219 2475 4272 94
2492 4247 2530 4260 -··

538 4317 579 4366 tur
599 4317 681 4366 homo
702 4313 813 4378 genitori
841 4313 885 4366 911
914 4313 948 4366 65
977 4315 1005 4366 91
1035 4341 1067 4352 -
1097 4313 1182 4366 Obse-
1216 4309 1351 4364 veritatem
1370 4311 1463 4364 audire
1490 4309 1533 4362 911
1560 4309 1612 4362 566
1631 4309 1647 4362 4
1667 4337 1701 4348 -
1721 4323 1773 4364 non
1799 4317 1854 4364 erat
1872 4323 1873 4326 ¹
1888 4323 1941 4364 non
1960 4310 2063 4363 volebat
2083 4313 2167 4362 lacera
2184 4315 2275 4364 contra
2293 4309 2383 4362 turbas
2409 4305 2471 4362 44444.
2492 4335 2529 4346 -·

537 4401 629 4468 quium
654 4401 758 4466 pietatis
785 4401 877 4468 erigit,
906 4401 980 4468 quod
1007 4399 1179 4456 subiiciamur
1216 4399 1325 4452 idoneus
1338 4399 1371 4454 ad
1384 4399 1518 4450 veritatem
1534 4399 1727 4464 suscipiendam
1739 4397 1800 4452 t'bt'd.
1819 4427 1853 4438 -
1888 4413 1952 4464 prae
1971 4399 2061 4452 timore
2075 4399 2170 4450 deiecit
2180 4399 2210 4450 in
2222 4399 2274 4450 line
2286 4397 2381 4450 Christi
2400 4395 2528 4451 liberandi

537 4489 613 4556 44444Ι
625 4489 754 4556 spirituaii
777 4491 836 4544 sire
863 4489 1011 4556 corripienti
1031 4491 1087 4560 sive
1106 4505 1179 4558 prae·
1216 4501 1266 4540 non
1287 4489 1418 4554 quaesiuit
1434 4487 1570 4540 veritatem
1591 4487 1718 4540 ueraciter
1736 4483 1800 4540 totu.
1816 4513 1854 4526 -
1889 4489 1939 4540 579
1961 4489 1992 4540 98
2005 4513 2041 4528 --
2058 4485 2199 4538 declinavit
2217 4485 2249 4540 ad
2263 4499 2417 4552 perversam
2434 4485 2528 4552 populi

538 4579 641 4646 cipienli
661 4579 693 4630 69
714 4581 760 4632 414
785 4597 819 4620 -4
837 4579 941 4632 Primus
955 4579 1056 4644 gradus
1074 4579 1179 4644 pietatis
1216 4589 1277 4630 cum
1297 4575 1450 4642 quaesiisset
1469 4573 1615 4638 ueritatem,
1628 4591 1680 4630 non
1693 4575 1853 4640 exspectarit
1889 4577 2050 4630 voluntatem
2063 4579 2154 4628 contra
2166 4573 2297 4628 dictamen
2316 4573 2435 4640 44444444,
2450 4573 2528 4626 mise-

539 4673 576 4722 est
604 4673 734 4722 horrurare
757 4673 879 4734 parentes
903 4669 953 4720 469
983 4669 1014 4720 98
1035 4693 1070 4706 -
1088 4683 1181 4732 paren·¹
1215 4663 1415 4732 responsionem
1432 4663 1494 4718 t'bt'd.
1521 4693 1557 4702 —
1583 4679 1635 4718 non
1662 4665 1737 4730 41444
1763 4663 1854 4716 intelli·
1888 4665 2025 4726 ricordiae,
2038 4663 2177 4716 uoluntatis
2195 4677 2259 4716 suae
2273 4669 2297 4716 et
2313 4663 2421 4714 rationis
2440 4667 2527 4714 rectae

538 4761 594 4810 4444
614 4771 663 4810 444
680 4759 754 4810 vultu
773 4759 882 4826 quidem
902 4757 1028 4810 laedenda
1042 4759 1080 4810 est
1099 4755 1160 4810 4444.
1217 4767 1280 4816 gens
1299 4753 1401 4818 quaerit
1419 4753 1451 4804 de
1476 4753 1599 4818 ueritate,
1625 4753 1673 4804 sed
1696 4753 1854 4804 solutionem
1888 4751 2529 4814 illd-deviavit,distortamoandosenrentiam

590 4845 765 4900 -habenda
785 4851 904 4912 asterga
925 4847 1178 4912 4444444911654
1216 4855 1266 4894 444
1286 4841 1446 4906 exspectavit
1464 4841 1497 4894 91
1517 4841 1567 4894 488
1589 4841 1630 4906 66,
1650 4841 1692 4894 99.
1713 4841 1763 4894 489
1784 4843 1815 4894 99
1889 4839 2090 4894 inabsolvendo
2107 4839 2250 4894 4414444.
2266 4839 2530 4892 99-441144441444

539 4935 571 4988 48
584 4963 621 4974 -
638 4933 717 4990 debet
737 4935 853 4990 exhiberi
870 4935 1017 4988 secundum
1031 4933 1177 4990 ordinatam
1270 4959 1304 4970 -
1320 4931 1419 4984 nullam
1433 4929 1538 4994 culpam
1551 4929 1701 4982 inveniebat
1714 4931 1738 4982 in
1750 4929 1854 4982 Christo
1889 4931 1922 4984 ad
1932 4929 2085 4984 sententiam
2099 4929 2287 4996 iniquissimam
2300 4927 2449 4982 inordinato
2459 4941 2530 4982 amo·

539 5025 675 5078 caritatem
695 5023 747 5076 497
764 5023 780 5074 7
1216 5019 1323 5084 dignam
1344 5023 1428 5070 morte
1446 5019 1490 5070 Vll
1502 5019 1554 5070 567
1575 5017 1638 5070 5-
1653 5023 1769 5082 noverat,
1784 5017 1855 5072 Chri·
1889 5031 1918 5070 44
1935 5017 2141 5082 complacentiae
2159 5017 2247 5080 444414
2268 5023 2292 5068 44
2304 5017 2399 5068 444444
2411 5013 2530 5068 Caesaris

593 5143 626 5152 -
644 5111 719 5178 0444
731 5113 833 5178 pietatis
853 5111 970 5164 consistit
983 5113 1008 5163 iu
1022 5111 1178 5166 dimittendo
1198 5113 1285 5160 ¹stum
1303 5107 1428 5158 traditum
1447 5107 1526 5158 4444444
1539 5119 1586 5172 444
1598 5107 1725 5158 invidiam
1737 5103 1771 5158 t'b.
1790 5107 1854 5158 9-
1889 5103 1951 5158 tola.
1970 5131 2006 5142 -·-
2024 5105 2102 5156 Pilato
2120 5103 2265 5168 imponitur
2283 5103 2420 5156 infidelitas
2438 5107 2529 5156 contra

539 5205 564 5254 44
576 5201 666 5254 dando
683 5201 726 5254 911
747 5201 798 5254 169
818 5199 852 5252 87
870 5227 908 5240 -·
926 5199 1029 5252 Pietatis
1047 5199 1176 5254 affluentia
1217 5195 1356 5260 cognorit,
1374 5191 1506 5248 Christum
1526 5207 1584 5246 esse
1601 5195 1764 5246 innocentem
1779 5197 1854 5244 etre-
1889 5191 2028 5246 Caesarem
2047 5191 2081 5242 91
2109 5191 2160 5242 499
2181 5191 2214 5244 -13
2231 5217 2268 5242 ·-·÷
2286 5191 2394 5244 44444444
2417 5203 2430 5240 4
2459 5191 2529 5242 veria

538 5289 696 5352 ostenditur,
715 5289 741 5340 in
759 5287 934 5342 condonando
962 5293 1070 5352 peccata
1091 5287 1172 5340 4654
1216 5297 1276 5348 gem
1290 5273 1390 5334 ludaeis
1404 5281 1563 5346 promissum
1577 5281 1853 5334 9149844-444414·
1889 5285 1939 5332 4444
1969 5277 2072 5340 iudicii,
2104 5279 2166 5344 quia
2198 5279 2283 5332 timuit
2310 5277 2427 5332 accusari
2457 5279 2529 5344 apud

537 5405 575 5418 ..,
591 5377 738 5442 spiritualis
752 5377 867 5428 consistit
884 5375 911 5426 in
929 5373 1083 5426 remissione
1101 5375 1179 5426 41444
1216 5371 1252 5422 dit
1264 5367 1395 5422 Christum
1409 5357 1498 5432 r'egem
1511 5369 1560 5420 488
1575 5369 1619 5420 65.
1632 5367 1683 5420 490
1696 5367 1739 5420 79.
1753 5365 1804 5418 498
1819 5365 1849 5420 lt
1889 5365 2028 5420 Caesarem
2045 5365 2116 5430 iord,
2140 5367 2170 5418 44

539 5449 628 5516 44444
655 5463 735 5520 4961
758 5461 917 5512 -Pietatis
944 5473 1026 5524 opera
1055 5459 1176 5512 sublimia
1267 5483 1303 5494 -
1320 5453 1428 5506 volebat
1454 5467 1536 5518 super
1558 5455 1638 5506 alium
1663 5467 1761 5518 ponere
1790 5455 1854 5508 indi·
1942 5455 2182 5508 -condemnarit
2202 5455 2529 5522 Christuminconspectu

539 5551 682 5602 consistunt
699 5549 726 5600 in
744 5547 873 5600 scandalis
890 5545 1005 5600 vitandis
1034 5551 1059 5598 et
1076 5545 1177 5600 iniuriis
1216 5545 1285 5596 cium
1304 5541 1400 5596 Christi
1420 5541 1462 5594 911
1483 5543 1533 5594 567
1553 5545 1567 5594 8
1588 5573 1622 5580 -
1647 5541 1854 5608 subterfugiebat
1889 5545 2009 5596 omnium
2040 5545 2071 5596 91
2102 5543 2152 5596 499
2172 5543 2206 5596 44
2232 5545 2379 5610 -arguit
2404 5545 2529 5598 duritiam

523 5637 699 5702 ,remittendis
719 5635 768 5688 499
791 5635 821 5686 13
1215 5629 1348 5686 Christum
1361 5631 1485 5694 iudicare,
1496 5631 1557 5698 quia
1571 5630 1719 5698 oportebat,
1729 5633 1770 5686 vel
1781 5633 1854 5698 quod
1889 5629 2067 5698 perversitatis
2087 5633 2112 5684 in
2131 5631 2232 5686 ludaeis
2252 5633 2303 5686 499
2318 5633 2360 5696 45,
2375 5635 2407 5686 46
2420 5661 2457 5674 -
2468 5647 2529 5686 con·

590 5755 625 5764 -
644 5725 798 5778 Exercitatio
815 5723 920 5788 pietatis
945 5723 1015 5776 utilis
1034 5727 1071 5776 est
1091 5723 1124 5774 91
1143 5725 1172 5776 91
1216 5727 1305 5774 contra
1323 5725 1527 5786 seprovocaret
1545 5721 1742 5786 gentemillam,
1761 5725 1854 5776 vella·
1890 5721 2027 5776 damnarit
2042 5721 2173 5776 Christum
2193 5723 2227 5776 ad
2252 5723 2403 5788 petitionem
2421 5723 2529 5776 ludaeo·
2573 5733 2574 5738 ’

541 5829 567 5866 u.
587 5815 732 5868 3-ralet
749 5811 884 5866 adomnia
899 5813 931 5864 88
944 5827 973 5864 v.
993 5815 1002 5864 -l
1020 5813 1178 5880 *Propter
1216 5815 1287 5864 ceret
1310 5815 1400 5866 contra
1425 5809 1482 5864 iura
1498 5809 1560 5866 44444.
1580 5839 1614 5850 -
1632 5811 1704 5864 misit
1722 5809 1853 5866 Christum
1890 5825 1949 5864 rum
1968 5809 2001 5866 lo.
2023 5809 2053 5863 47
2072 5837 2109 5850 -
2127 5811 2195 5862 male
2213 5809 2412 5864 iudicavitr'br‘d.
2427 5809 2478 5864 499
2494 5811 2528 5864 49

538 5903 663 5968 44444444
682 5901 796 5954 444444
821 5901 882 5954 44444
907 5901 1041 5968 salvantur
1059 5897 1122 5954 44444.
1140 5929 1177 5944 -
1216 5899 1249 5952 ad
1268 5899 1400 5952 Herodem
1427 5899 1463 5952 91
1490 5899 1536 5952 541
1568 5899 1638 5952 4·-
1658 5901 1717 5954 lecit
1735 5907 1809 5954 444444
1829 5907 1854 5956 44
1890 5929 1924 5942 -
1943 5899 2074 5956 Christum
2093 5899 2280 5954 condemnarit
2298 5899 2391 5952 timore
2409 5899 2529 5964 perterri·

537 5991 639 6044 Pietatis
659 5987 786 6056 operibus
803 5989 918 6044 44444444
929 5989 957 6042 44
969 5989 1105 6044 retributio
1124 5993 1179 6044 leli·
1217 5989 1299 6052 iuste,
1327 5989 1419 6042 nolens
1445 5995 1574 6054 usurpare
1603 5989 1675 6058 quod
1697 5989 1775 6044 alieni
1798 5995 1854 6044 erat
1890 5995 1938 6058 tus,
1960 6003 1992 6042 ne
2011 5993 2176 6042 acetrsaretur
2196 5989 2267 6054 apud
2285 5987 2433 6050 Caesarem,
2447 5993 2472 6040 et
2490 6001 2529 6040 er·

538 6079 621 6132 citatis
642 6081 684 6132 911
703 6079 754 6130 968
776 6081 804 6132 31
1217 6079 1281 6132 iuris
1300 6079 1413 6130 911567
1433 6079 1448 6130 9
1469 6107 1502 6118 -
1523 6079 1582 6136 lecit
1600 6079 1659 6144 pie,
1677 6091 1739 6130 cum
1757 6079 1854 6132 iudica·
1889 6093 1950 6132 rore
1967 6079 2106 6142 deceptus,
2126 6083 2207 6130 totam
2225 6079 2332 6142 culpam
2350 6074 2529 6128 4444144444-

590 6169 731 6234 -Opera
757 6169 862 6234 pietatis
889 6185 942 6224 non
967 6169 1110 6224 exercenda
1128 6185 1178 6238 pro
1217 6167 1266 6234 rit,
1286 6169 1359 6234 quod
1376 6169 1493 6220 Herodes
1511 6169 1645 6220 hominem
1660 6181 1741 6220 4444
1756 6167 1790 6220 444
1808 6167 1854 6220 ini·
1890 6181 1950 6240 rum
1970 6165 2021 6218 499
2041 6163 2074 6218 49

539 6257 1179 6324 1444444144449197495-11444414444444
1217 6257 1276 6324 quis
1294 6255 1403 6310 deberet
1421 6255 1616 6310 accusatoribus
1632 6257 1743 6310 liberare
1763 6255 1852 6308 5689
1908 6309 1909 6312 ,
1942 6253 2109 6304 -1441441444
2127 6257 2283 6318 potestatem
2310 6251 2413 6314 aDeo,
2441 6253 2482 6304 uel
2513 6265 2529 6304 a

536 6349 739 6412 praetendentes
758 6349 882 6412 pietatem
912 6349 936 6400 in
961 6349 1045 6412 tacto,
1063 6347 1111 6400 sed
1135 6361 1179 6412 ge·
1217 6373 1250 6388 -
1271 6345 1330 6400 lecit
1349 6349 1467 6420 versute,
1484 6345 1547 6410 quia
1565 6343 1650 6398 voluit
1675 6359 1756 6410 super
1775 6359 1854 6398 suurn
1891 6343 2000 6400 Caesare
2029 6341 2142 6394 91499
2171 6343 2213 6394 49.
2241 6339 2292 6394 494
2319 6341 2352 6392 93
2369 6369 2406 6378 --
2433 6341 2529 6394 timore

537 6439 623 6490 rentes
641 6435 802 6502 impietatem
821 6435 849 6488 in
867 6433 1174 6488 4444491130793-
1198 6447 1199 6452 ¹
1217 6433 1399 6488 aduersarium
1417 6417 1594 6498 periculosum
1617 6433 1741 6488 iudicium
1763 6435 1853 6486 414441-
1890 6445 2013 6488 exercens
2031 6436 2186 6496 potestatem
2207 6429 2327 6496 peccauit
2338 6429 2367 6482 444
2381 6429 2529 6482 infirmitate

537 6523 639 6576 91444414
659 6539 738 6588 opera
757 6529 882 6592 tanquam
896 6523 1041 6590 spiritualia
1053 6529 1177 6590 repulan·
1198 6523 1282 6592 [vere
1299 6521 1360 6576 44444.
1378 6523 1515 6578 -uoluit
1533 6523 1675 6578 aduersarii
1694 6523 1852 6576 calrrmniam
1892 6525 1941 6578 499
1964 6515 2005 6574 49.
2024 6519 2076 6572 494
2096 6517 2128 6570 94
2147 6545 2182 6558 -
2202 6523 2373 6584 4444414444,
2392 6519 2529 6586 44444144-

536 6615 578 6664 444·
598 6613 631 6664 91
652 6611 702 6664 349
724 6611 756 6666 34
825 6657 828 6662 .
1199 6623 1200 6638 ³
1217 6613 1346 6664 declinare
1364 6609 1427 6666 144444.
1443 6639 1480 6652 ·-·-
1491 6613 1574 6664 voluit
1589 6613 1689 6676 placere
1703 6613 1853 6664 aduersario
1891 6613 1970 6664 habat
1986 6611 2115 6664 adversus
2135 6607 2279 6674 Christum,
2296 6613 2433 6672 acceperat
2447 6623 2461 6660 a
2474 6607 2529 6658 Deo

506 6699 510 6712 ⁸
591 6727 625 6736 -
643 6705 792 6764 temperare
809 6699 1025 6752 debeliustitiam
1039 6703 1128 6754 reram
1143 6703 1177 6754 91
1217 6701 1248 6754 de
1269 6689 1299 6754 eo
1318 6703 1392 6766 quod
1411 6701 1474 6752 nihil
1499 6699 1551 6754 sibi
1580 6697 1715 6754 constabat
1736 6697 1798 6754 444444.
1820 6727 1854 6740 -
1892 6703 1923 6754 89
1943 6715 1970 6768 q.
1988 6727 2024 6736 —
2041 6697 2109 6748 mele
2127 6695 2249 6748 utebatur
2268 6701 2396 6760 potestate
2414 6695 2476 6750 t'br'd.
2494 6723 2529 6736 -

536 6785 570 6838 59
590 6799 616 6838 v.
638 6785 673 6838 47
685 6813 722 6826 -
734 6787 838 6840 attrahit
856 6787 976 6854 miseros,
989 6787 1056 6840 sicot
1067 6787 1176 6842 adamas
1216 6796 1240 6844 44
1258 6791 1374 6844 Herodes
1394 6791 1533 6856 designant
1558 6787 1767 6854 persecutionem
1790 6787 1853 6842 duo·
1890 6787 2025 6842 Exsecutio
2042 6779 2178 6850 potestatis
2206 6785 2281 6840 datae
2300 6785 2347 6838 luit
2366 6799 2382 6838 a
2400 6787 2455 6838 044
2472 6789 2532 6850 444·

528 6873 634 6924 ,terrum
656 6875 819 6928 9114799
917 6905 918 6908 =
954 6879 955 6882 ’
1040 6879 1041 6882 ’
1164 6899 1165 6902 “
1215 6893 1275 6932 rum
1293 6879 1453 6944 populorum
1473 6885 1561 6932 contra
1580 6877 1712 6934 Christum
1730 6877 1782 6930 569
1801 6877 1836 6930 45
1891 6879 1998 6932 missiae
2018 6875 2067 6928 434
2087 6877 2120 6928 93
