5900 8266
427 511 428 514 ¹
506 565 567 628 166

501 737 718 804 suscitatione
740 737 878 814 mortui,
905 737 1050 802 domiuus
1074 737 1291 814 animarum,
1314 737 1368 820 qui
1395 745 1463 820 pot-

503 849 552 910 est
573 841 692 908 animas
717 841 753 908 ad
779 859 912 926 corpora
933 859 1094 908 revocare.

593 949 750 1032 Quantum
784 947 878 1032 igitur
914 947 952 1014 ad
984 947 1190 1012 curationem
1219 947 1320 1034 paeri
1346 967 1463 1034 acpro-

338 1075 492 1190 fasffiergffg
504 1055 606 1120 tantis
627 1053 813 1120 mirabiliter
838 1061 1084 1122 consummatam
1103 1053 1162 1120 tria
1175 1053 1348 1120 introducit
1363 1053 1462 1120 Evan-

338 1233 387 1276 tria.

499 1273 551 1330 θεῖ
572 1265 804 1350 opportunitas
823 1263 975 1348 faciendi
986 1265 1202 1330 miraculum.
1221 1265 1399 1330 Secundum
1414 1273 1462 1330 θεῖ

503 1371 651 1456 dipnitas
674 1369 876 1456 impetrandi
901 1369 1102 1450 remedium,
1125 1369 1167 1436 ibi
1182 1373 1213 1436 ¹:
1238 1369 1321 1436 Cum
1346 1369 1461 1438 auctis-

501 1485 550 1542 set
570 1475 611 1542 cle
633 1479 729 1554 Iesu,
749 1477 842 1542 misit
863 1483 922 1544 etc.
947 1477 1091 1542 Tertiam
1114 1483 1162 1542 θεῖ
1184 1477 1380 1564 conpraitas
1406 1495 1461 1544 ac·

503 1583 670 1648 celerandi
690 1583 901 1666 lreaelicium,
925 1583 985 1648 ibi:
1012 1585 1052 1648 nt
1074 1603 1153 1650 cum
1175 1583 1246 1648 iam
1271 1603 1351 1650 nou
1367 1583 1461 1670 lonpe

364 1705 485 1768 quadrasis
502 1697 581 1756 esset
605 1695 663 1756 etc.
681 1727 723 1738 -
742 1689 983 1774 Opportunitas
997 1696 1104 1757 autem
1121 1689 1251 1756 faciendi
1271 1689 1461 1756 nriraculum

341 1771 406 1856 iiim
420 1771 486 1804 Μ’
501 1795 660 1882 colligitur
682 1813 723 1862 ex
746 1795 865 1876 tribas,
890 1795 1008 1864 scilicet
1032 1815 1072 1862 ex
1105 1795 1260 1882 temporis
1284 1795 1461 1862 corrrorodi-

502 1911 585 1984 tate,
611 1921 652 1972 ex
677 1903 739 1972 loci
759 1903 969 1990 oonpruitate
989 1911 1023 1972 et
1044 1923 1086 1972 ex
1109 1903 1219 1972 rnordi
1239 1905 1434 1972 necessitato.

590 2011 746 2094 2.(11θ1ε.
775 2011 825 2092 1.).
863 2011 966 2078 Primo
998 2011 1096 2098 igitur
1122 2017 1278 2098 quantum
1309 2011 1349 2078 ad
1372 2031 1460 2078 com-

336 2129 484 2236 tssiorraffliigtqg
500 2119 690 2184 moditatem
715 2119 868 2202 temporis
890 2119 1024 2184 dicitur:
1049 2119 1131 2184 Ciam
1165 2125 1276 2184 antem
1298 2119 1461 2202 implesset

347 2233 483 2290 rationum·
500 2225 615 2290 omnia
636 2221 738 2290 uerba
759 2245 825 2290 sna
851 2225 884 2290 in
909 2245 1009 2290 aures
1034 2225 1152 2310 plebis,
1176 2225 1207 2290 id
1231 2233 1280 2292 est
1294 2231 1363 2308 post
1381 2231 1460 2290 tem*

497 2349 560 2416 ¹pus
583 2331 819 2416 praedicationis
845 2337 873 2398 et
897 2329 1082 2398 eruditionis
1106 2331 1261 2420 perlectae
1278 2339 1306 2398 et
1323 2331 1459 2416 comple-

500 2443 566 2516 tae,
593 2455 674 2522 quae
696 2443 816 2524 spectat
839 2435 875 2504 ad
902 2437 988 2504 illum
1012 2439 1197 2516 Bostarem,
1223 2437 1397 2504 secundum
1421 2437 1459 2503 il-

500 2543 555 2608 lud
576 2541 783 2610 Ecclesiastici
806 2543 1046 2630 quadragesimo
1068 2543 1203 2610 tertio2:
1232 2543 1360 2608 «blulta
1382 2541 1459 2608 dici-

500 2667 570 2716 mas
596 2655 625 2716 et
647 2647 810 2716 deficimus
835 2649 867 2716 in
891 2651 1013 2728 verbis,
1032 2649 1259 2718 consummatio
1277 2667 1458 2716 sermonum

499 2755 564 2840 ipse
589 2760 634 2822 est
652 2779 682 2834 »3
706 2755 772 2840 ipse
797 2757 914 2822 scilicet
935 2755 1150 2822 abbreviatus
1165 2755 1196 2822 in
1214 2773 1321 2836 came,
1347 2773 1458 2822 secan-

499 2861 573 2928 dum
601 2861 675 2928 illud
700 2861 795 2930 Isaiae
816 2863 951 2930 decimo:
983 2889 997 2920 (ι
1013 2863 1245 2928 Consummatio
1277 2863 1458 2930 abbreviata

497 2967 664 3036 inundabit
684 2967 836 3036 iustitiam
851 2995 881 3048 »3
908 2975 937 3036 et
961 2971 1110 3056 vigesimo
1124 2978 1251 3038 octavo:
1277 2999 1291 3030 «
1305 2971 1458 3038 Consum-

499 3075 666 3142 matiunem
697 3085 730 3142 θῖ
758 3075 1024 3144 abbreviationem
1055 3077 1161 3144 anulini
1184 3097 1203 3142 a
1237 3077 1368 3144 Domino
1394 3079 1458 3142 Deo

499 3183 698 3250 exercituum
717 3207 746 3262 »3
770 3183 831 3250 hec
854 3183 1023 3250 dicebatis
1040 3199 1173 3268 persona
1197 3181 1302 3268 populi
1328 3181 1458 3250 audien-

498 3289 540 3358 tis
566 3289 726 3358 Christum
756 3291 796 3356 ad
826 3307 921 3376 quem
953 3307 1051 3376 supra
1082 3291 1222 3376 quarto³
1244 3289 1389 3358 Christus
1412 3289 1458 3356 di-

500 3397 565 3464 xit:
596 3397 722 3466 «Hodie
743 3397 870 3482 impleta
900 3403 946 3464 est
979 3397 1055 3462 haec
1085 3397 1246 3482 Scriptura
1271 3397 1458 3464 inermibus

499 3503 614 3570 vestris
628 3529 661 3582 ›>,
684 3505 803 3570 scilicet
824 3505 1021 3570 ludaeorum.

589 3609 732 3676 Secundo
753 3617 909 3694 quantum
931 3609 971 3676 ad
993 3609 1236 3696 conpraitatenn
1265 3609 1329 3676 laci
1350 3609 1458 3676 subdi-

498 3723 568 3784 tur:
597 3715 738 3782 latravit
762 3715 1014 3800 Capharmaum.
1040 3715 1161 3782 Dicitur
1181 3733 1280 3800 snpra
1301 3719 1457 3802 quarto4:

503 3847 519 3880 «
538 3823 660 3904 Quanta
675 3821 882 3886 audivimusa
900 3827 928 3886 ῖθ
943 3819 1025 3886 1θθῖθ
1042 3821 1071 3886 in
1089 3823 1307 3906 Capharnaum
1326 3847 1356 3902 »;
1373 3823 1458 3890 unde

499 3925 645 3994 Matthaei
671 3927 834 3994 undecimo
866 3925 1002 3994 dicitur:
1034 3955 1047 3986 «
1064 3927 1102 3994 Et
1132 3935 1185 4008 tu,
1220 3927 1457 4012 Caphamaum,

499 4033 642 4116 nunquid
671 4033 822 4120 usquein
849 4033 969 4100 caelum
990 4033 1232 4102 exaltaberisst
1259 4031 1350 4118 Quod
1383 4033 1458 4102 dicit

499 4145 628 4222 propter
665 4141 780 4204 multas
813 4139 966 4216 virtutes,
994 4157 1073 4224 quas
1105 4139 1146 4204 ibi
1180 4139 1263 4206 iecit.
1297 4177 1339 4186 -
1370 4141 1458 4206 Ratio

498 4243 597 4312 huius
620 4251 681 4324 est,
705 4245 780 4330 qaia
804 4245 879 4312 haec
905 4251 950 4312 ost
975 4245 1085 4312 civitas
1107 4243 1278 4324 Galilaeae,
1294 4263 1374 4330 quac
1391 4253 1459 4314 crat

499 4351 532 4418 in
565 4351 699 4418 confinio
728 4351 867 4438 gentium
902 4359 932 4420 et
965 4351 1167 4432 ludaeorum,
1205 4359 1239 4418 at
1275 4349 1458 4420 ostendatur

499 4455 644 4522 Christus
669 4457 753 4542 lapis
779 4457 977 4546 capularis,
1001 4459 1177 4524 scoriadam
1200 4459 1279 4522 illud
1294 4457 1334 4522 ad
1357 4457 1458 4544 Ephe-

500 4563 561 4634 sios
594 4563 773 4632 secundo⁵t
803 4567 873 4632 «Ut
905 4565 983 4632 dnos
1013 4567 1125 4632 condat
1157 4567 1187 4632 in
1224 4565 1392 4652 semetipso
1424 4565 1458 4632 in

500 4689 741 4738 unumunurm
766 4671 941 4750 hominem,
967 4671 1082 4762 iaciens
1106 4689 1214 4756 pacem
1232 4699 1260 4738 a,
1286 4673 1321 4738 nt
1346 4675 1375 4738 in
1400 4673 1458 4740 hoc

500 4777 697 4862 impletacst
722 4779 885 4864 prophetia
910 4777 1002 4844 Isaiae
1028 4797 1125 4846 nano:
1158 4779 1293 4846 «Primo
1316 4789 1459 4864 tempore

499 4885 642 4950 alleviata
667 4891 713 4950 θεῖ
743 4891 828 4952 terra
854 4875 1001 4954 'Zabulon
1027 4893 1056 4952 et
1080 4893 1167 4954 terra
1187 4885 1404 4970 Nepbthalim,
1427 4893 1459 4954 et

452 5051 453 5054 ,
500 4977 670 5056 norissima
703 4999 870 5076 aggravata
891 4999 954 5056 -est
981 4991 1032 5056 ria
1065 4991 1163 5058 maris
1184 4999 1274 5058 trans
1296 4993 1459 5058 lardanem

500 5095 653 5164 Galilaeae
677 5097 816 5182 gentium
833 5125 849 5158 >2
877 5107 935 5164 etc.

577 5201 620 5268 ·3.
646 5201 746 5282 (Vers.
773 5203 826 5284 2.).
853 5203 958 5272 lertio
981 5211 1135 5290 quantum
1156 5203 1194 5272 ad
1217 5203 1327 5270 morbi
1352 5223 1459 5272 neces-

495 5309 628 5376 sitatem
665 5307 862 5394 adiungitur:
890 5311 1101 5378 Centurionis
1133 5317 1245 5378 antem
1280 5311 1485 5378 cuiusdam,

501 5435 618 5482 seruus
639 5415 728 5482 rnalc
749 5413 872 5486 tatem
896 5425 970 5484 erat
990 5419 1200 5496 moraturas·
1217 5425 1245 5486 et
1272 5419 1312 5484 ita
1328 5435 1458 5504 gravem

572 5835 581 5866 ¹
604 5839 677 5890 Vers.
696 5839 728 5890 3:
746 5839 782 5892 Εῖ
803 5851 866 5892 cam
895 5845 957 5904 θῖθ,;
983 5841 1088 5892 tert-iam
1115 5847 1155 5892 est
1177 5855 1204 5892 v.
1226 5841 1248 5890 6.
1274 5869 1308 5880 -
1334 5841 1462 5902 Superius

501 5929 597 5980 omittit
615 5927 675 5980 Vct.
691 5925 853 5980 mirabiliter
869 5929 1096 5982 comuutraatom.

572 6013 583 6046 ²
606 6017 678 6070 Vers.
697 6019 741 6070 211.
760 6045 795 6054 m
812 6017 869 6070 Duo
888 6031 964 6084 seqq.
983 6017 1032 6070 loci
1044 6022 1105 6070 sunt
1122 6019 1179 6070 lsai.
1199 6017 1243 6080 to,
1258 6019 1300 6070 22.
1314 6023 1341 6070 et
1360 6017 1403 6084 28,
1417 6019 1461 6070 22.

501 6133 537 6146 -
557 6105 683 6172 Superius
700 6121 750 6172 pro
767 6103 805 6160 ad
822 6103 902 6160 illurn
923 6107 1063 6160 ltoctmem
1082 6105 1152 6160 Bod
1165 6103 1302 6160 ditrutam
1314 6105 1461 6172 doctorem,

501 6199 524 6250 H
544 6197 606 6262 tegit
622 6195 661 6250 ad
677 6195 758 6250 ulcu
778 6193 926 6262 doctorem,
945 6193 1048 6264 dequo
1068 6193 1152 6250 Ecctc'.
1170 6193 1222 6250 ts.
1241 6199 1290 6250 eto.

572 6283 584 6316 ⁸
605 6287 680 6340 vers.
692 6289 735 6340 21.
746 6313 784 6326 -
797 6287 845 6338 Pro
860 6297 978 6354 persona
992 6271 1092 6354 populi
1109 6285 1167 6338 vat.
1181 6283 1341 6352 praesentia
1355 6283 1460 6354 populi.

572 6373 585 6406 ⁴
608 6377 679 6430 Vers.
698 6379 745 6440 23,
763 6381 823 6440 post
842 6387 921 6442 quem
940 6375 1029 6428 Matth.
1048 6373 1095 6438 11,
1113 6375 1163 6436 23,
1182 6373 1228 6426 rrbi
1251 6375 1331 6428 etiam
1350 6373 1461 6428 dicitur:

502 6467 572 6534 quia,
593 6467 615 6520 si
626 6465 654 6518 iu
668 6463 790 6520 Sodomis
807 6465 890 6516 tactae
905 6461 1011 6514 tuissent
1023 6461 1149 6528 uirtutes,
1169 6463 1338 6530 quaefactae
1355 6467 1422 6518 sunt
1432 6461 1462 6516 in

426 6579 429 6584 ·
503 6559 543 6622 te,
563 6557 628 6608 forte
648 6553 803 6608 mansissent
820 6565 907 6616 usque
924 6549 951 6600 in
971 6553 1038 6604 banc
1055 6549 1134 6602 diem.
1150 6577 1182 6586 —
1196 6551 1245 6602 Pro
1266 6563 1335 6618 qaas
1354 6547 1392 6602 idi
1402 6547 1465 6618 tecit

502 6645 522 6698 B
543 6643 579 6700 idi
596 6645 683 6716 saetas
701 6643 735 6700 ad
752 6655 792 6698 eo.
812 6639 939 6706 Superius
959 6647 1019 6704 post
1043 6637 1159 6694 latravit
1182 6637 1380 6706 Gaphornaaru
1405 6639 1462 6702 vat.

503 6733 577 6788 addit
596 6731 643 6790 ati
660 6729 796 6788 miracala
812 6727 903 6798 sacae
921 6729 1111 6792 consuescat,
1130 6725 1281 6782 secandum
1300 6723 1368 6780 tltrrd
1381 6727 1463 6796 qaod.

573 6821 585 6852 ⁶
606 6825 681 6878 Vers.
700 6823 741 6878 15.
759 6849 796 6862 -··
815 6819 939 6886 Sequitur
959 6817 1014 6870 lsai.
1035 6817 1064 6882 9,
1086 6817 1108 6868 1.
1127 6815 1178 6870 Cir.
1203 6817 1290 6868 Matth.
1315 6815 1463 6880 1,12-16,

503 6911 550 6964 abi
568 6927 617 6978 per
635 6915 700 6966 haec
714 6913 795 6968 lsaiae
805 6907 888 6960 verba
902 6909 967 6960 situs
980 6905 1092 6958 civitatis
1103 6901 1288 6970 capharnaum
1307 6905 1463 6958 declaratur.

338 1181 358 1224 a
387 1177 486 1224 morituri
503 1161 614 1246 gelista
635 1161 675 1226 ad
698 1161 938 1245 explicationem
963 1161 1107 1226 miraculi
1143 1159 1296 1226 facientia.
1319 1157 1461 1226 Primum
1486 1219 1487 1222 ,

1049 515 1050 518 ¹
1093 559 1285 628 canuam.
1308 563 1347 628 m
1369 560 1608 630 arsacnuua
1631 559 1748 628 nacla
1774 559 1803 626 c.
1831 559 1890 626 ru.

1527 735 1661 802 habebat
1682 735 1845 814 morbum,
1870 733 2043 806 secundum
2068 734 2144 800 illud
2165 733 2312 800 Matthaei
2329 733 2479 804 octaroi:

1486 879 1487 884 =
1532 841 1644 908 «Puer
1667 859 1757 908 meus
1775 841 1851 908 iacet
1866 841 1899 906 in
1921 841 2015 906 domo
2042 841 2235 924 paralyticos
2258 847 2286 906 et
2313 841 2393 932 male
2415 845 2480 904 tor-

1526 955 1642 1032 quetur
1658 973 1687 1012 s.
1717 945 1944 1012 Centurionem
1967 953 2073 1012 autem
2097 931 2187 1012 rooat'
2210 963 2282 1012 eum
2307 945 2360 1030 qni
2391 961 2481 1030 prae-

1525 1059 1593 1118 erat
1614 1057 1740 1120 cantum
1767 1051 1931 1130 militibus;
1958 1053 2038 1138 quod
2070 1051 2221 1120 iaciebant
2254 1069 2291 1118 ex
2327 1051 2481 1118 industria

1526 1159 1554 1222 in
1582 1159 1722 1242 proeliis
1738 1166 1776 1225 nt
1790 1159 1907 1224 scirent
1929 1159 1968 1224 de
1988 1159 2070 1224 facili
2091 1169 2261 1222 nnmerum
2277 1157 2478 1234 bellatorum

1526 1263 1608 1330 unde
1629 1273 1719 1330 eraut
1746 1263 1787 1330 ibi
1813 1263 1960 1342 tribuni,
1976 1263 2202 1342 centuriones,
2228 1261 2479 1350 quinqnupena-

1526 1369 1574 1436 rii
1596 1375 1625 1436 et
1650 1369 1784 1450 unani,
1808 1369 1862 1456 qni
1892 1369 2133 1436 denominantur
2162 1387 2179 1432 a
2210 1385 2344 1434 numero
2368 1387 2478 1436 eorum

1526 1477 1642 1560 quibus
1665 1485 1830 1560 precanum
1853 1477 2010 1544 tribanus
2032 1485 2136 1544 autem
2159 1475 2276 1540 dicitur
2307 1477 2360 1558 qui
2392 1481 2478 1558 prae-

1525 1589 1571 1648 est
1597 1583 1687 1648 tuille.
1714 1583 1749 1648 Et
1773 1583 1831 1650 hos
1853 1581 1893 1648 ad
1916 1583 2125 1648 hortationem
2150 1579 2256 1666 populi
2288 1579 2478 1646 constituere

1525 1689 1746 1756 consulebatur
1775 1687 1888 1772 llopsi;
1913 1687 2010 1754 Exodi
2044 1687 2164 1756 decima
2189 1693 2298 1752 octavo
2312 1687 2342 1752 ⁷:
2373 1687 2478 1752 «Con-

1525 1793 1618 1862 stitue
1640 1795 1745 1862 exeis
1770 1795 1931 1874 tribanos,
1955 1795 2169 1872 centuriones,
2193 1793 2478 1880 quinquagenarios

1529 1909 1558 1970 et
1583 1903 1729 1980 aecanos,
1751 1899 1804 1986 qui
1828 1899 1965 1966 iudicent
1987 1901 2139 1984 populum
2154 1927 2183 1966 s.
2215 1939 2261 1948 -
2285 1903 2339 1968 hic
2371 1909 2478 1970 centu-

1525 2007 1587 2086 rio,
1610 2007 1680 2074 licet
1711 2007 1817 2092 plures
1849 2007 1978 2074 haberet
2010 2023 2132 2086 servm,
2165 2007 2250 2074 hunc
2281 2025 2391 2074 carum
2422 2011 2478 2074 ha-

1523 2115 1616 2180 bebat
1636 2113 1718 2180 inter
1739 2113 1835 2192 alim,
1857 2121 1889 2180 et
1912 2113 1980 2180 ideo
2005 2113 2124 2180 subdit:
2150 2113 2217 2196 Qui
2237 2121 2311 2180 crat
2334 2113 2385 2180 illi
2402 2133 2478 2198 pre-

1524 2219 1646 2298 tiosas,
1673 2219 1706 2284 id
1736 2227 1784 2286 est
1817 2219 1984 2286 affectuose
2012 2221 2161 2298 dilectus,
2195 2219 2367 2286 secundum
2400 2219 2477 2286 illud

1525 2325 1726 2392 aeclesiastici
1760 2325 1917 2410 trigesimo
1951 2327 2086 2392 tertiossz
2113 2325 2175 2392 «Si
2199 2331 2248 2392 θεῖ
2270 2325 2334 2408 tibi
2367 2343 2478 2394 servus

1523 2431 1640 2510 tidelis,
1664 2431 1705 2498 sit
1727 2431 1783 2498 tibi
1807 2433 1898 2518 qnasi
1926 2431 2032 2500 anima
2057 2441 2109 2500 tua
2125 2431 2275 2518 »;-qaia,
2304 2431 2478 2498 secundam

1524 2537 1599 2604 illud
1622 2539 1863 2606 Proverbiorum
1880 2539 1999 2606 decimo
2018 2541 2160 2624 septimo,
2180 2567 2196 2598 <t
2209 2557 2320 2608 sersus
2336 2545 2478 2606 sensatus

1523 2645 1733 2710 deminabitur
1749 2645 1854 2710 stultis
1869 2643 1941 2710 liliis
1958 2673 1986 2710 ».
2005 2647 2090 2710 Unde
2105 2663 2217 2712 servus
2231 2647 2292 2722 hic,
2311 2647 2384 2712 licet
2398 2653 2478 2712 esset

1523 2751 1678 2830 infirmus,
1691 2769 1752 2818 non
1767 2759 1868 2818 tamen
1883 2759 1951 2818 erat
1966 2769 2025 2818 suo
2038 2749 2163 2818 domino
2179 2769 2340 2830 onerosus,
2357 2751 2410 2818 sed
2428 2771 2477 2818 ca-

1523 2875 1580 2924 rus
1592 2865 1719 2944 propter
1734 2857 1849 2924 domini
1866 2857 1914 2922 sui
1928 2857 2091 2942 pietatem3
2108 2857 2348 2924 proverbiorum
2361 2857 2477 2926 duode-

1523 2963 1621 3030 cimo:
1637 2989 1653 3022 (ι
1665 2963 1755 3028 Novit
1768 2965 1868 3030 iustus
1880 2963 2224 3030 animas-iumentorum
2240 2981 2370 3030 sucrum
2386 2993 2400 3024 »
2417 2971 2475 3030 eto.

1610 3069 1641 3134 1.
1667 3069 1769 3154 (Vers
1798 3069 1852 3152 3.).
1887 3073 1925 3136 Et
1958 3089 2032 3136 carn
2064 3071 2212 3136 audisset
2241 3071 2280 3136 cle
2313 3073 2388 3136 lesa
2416 3077 2474 3138 etc.
2498 3069 2591 3124 0111111
2603 3071 2642 3114 ¹1¹¹·

1523 3175 1594 3242 Post
1612 3177 1878 3262 opportunitatem
1910 3175 2039 3244 faciendi
2073 3175 2261 3244 miraculum
2291 3175 2398 3242 subdit
2425 3123 2641 3244 11111111111111

1523 3283 1718 3366 Evangelista
1739 3283 1932 3370 dipnitatem
1949 3283 2152 3368 impetrandi
2165 3283 2363 3360 retrudiam,
2383 3301 2476 3368 quarn
2492 3229 2539 3272 bus*

1523 3387 1638 3472 colligit
1662 3389 1856 3474 Evangelista
1877 3401 1917 3456 ex
1934 3391 2050 3468 tribua,
2077 3391 2193 3458 scilicet
2215 3407 2258 3456 cx
2273 3389 2476 3456 centurionis

1522 3483 1760 3562 reuerentiam
1784 3495 2004 3580 supplicando,
2027 3515 2067 3562 ex
2090 3495 2262 3562 seniorum
2277 3493 2475 3578 confidentia
2527 3477 2533 3490 ¹

1523 3601 1554 3668 in
1588 3603 1789 3688 postulando,
1819 3619 1859 3670 ex
1893 3601 2079 3668 Saloutaria
2100 3601 2270 3670 ctmcrrtia
2300 3601 2332 3668 in
2364 3601 2476 3670 eunde-

1523 3709 1708 3778 scendendo.
1732 3709 1818 3792 Quae
1842 3709 1903 3776 tria
1924 3709 1957 3774 in
1980 3727 2081 3774 unum
2105 3709 2326 3776 concurrentia
2348 3709 2475 3796 dignum

1523 3817 1641 3883 faciunt
1663 3835 1790 3884 serrum
1815 3823 1977 3900 aegrotum
2001 3817 2039 3882 ad
2063 3817 2282 3882 inveniendum
2305 3817 2476 3884 remedium

1521 3923 1671 3990 sanitatis

1611 4031 1770 4114 Quantum
1786 4031 1883 4114 igitur
1899 4029 1936 4096 ad
1954 4029 2146 4096 centurionis
2162 4031 2379 4096 reuerentiam
2399 4051 2478 4116 sup·
2498 4027 2642 4124 {affreenffffggj

1520 4135 1697 4222 plicantem
1720 4137 1906 4220 praemittit:
1923 4139 1965 4204 Et
1986 4155 2063 4202 carn
2088 4135 2235 4202 oradisset
2252 4139 2288 4204 de
2304 4139 2398 4216 Iesu,
2414 4157 2477 4204 non
2504 4135 2556 4212 la:

1523 4243 1627 4336 solitar
1643 4261 1720 4308 aare
1735 4243 1894 4328 corporis,
1910 4243 1965 4310 sed
1979 4243 2073 4308 etiam
2090 4259 2166 4308 arare
2179 4243 2290 4324 cordis,
2305 4243 2477 4312 secundum

1523 4351 1600 4416 illud
1622 4351 1661 4414 ad
1685 4351 1839 4416 Romanos
1860 4349 2026 4418 deeim09:
2055 4349 2174 4416 «Fides
2198 4369 2238 4416 cx
2270 4351 2398 4430 auditu,
2422 4369 2478 4416 au-

1523 4455 1606 4522 ditus
1628 4465 1733 4522 autem
1760 4475 1815 4542 per
1840 4457 1971 4522 verbum
1994 4455 2155 4524 Christi»,
2179 4457 2216 4522 Et
2237 4457 2313 4542 quia
2335 4457 2410 4524 fides
2435 4457 2478 4522 f-

1523 4563 1563 4630 cit
1589 4581 1659 4630 cum
1684 4565 1860 4632 reverentia
1883 4563 2047 4642 accedere,
2073 4565 2147 4630 dum
2175 4563 2391 4632 admirabilem
2424 4565 2478 4634 Dei

1523 4671 1679 4758 praedicat
1715 4673 1924 4750 maiestatem;
1955 4671 2023 4738 ideo
2054 4671 2175 4738 subdit:
2210 4671 2296 4738 llicit
2328 4673 2373 4738 ad
2403 4693 2478 4740 cram

1522 4777 1666 4844 seniores
1702 4777 1923 4858 Indaeorum,
1950 4777 2038 4864 quasi
2072 4777 2139 4862 ipse
2160 4795 2223 4844 non
2255 4785 2337 4846 esset
2366 4779 2478 4864 dignus

1523 4885 1670 4950 accedere
1692 4901 1749 4950 nec
1774 4885 1920 4962 auderet;
1948 4883 2028 4950 sicut
2054 4883 2109 4948 tilii
2144 4885 2235 4950 lsrael
2262 4891 2401 4968 tempore
2424 4885 2478 4950 da-

1524 4989 1615 5056 tionis
1641 4989 1740 5074 begis,
1759 4988 1854 5056 Exodi
1872 4989 2025 5074 vigesimo'
2036 4989 2076 5068 1⁰,
2099 4987 2252 5056 dixerant
2273 4989 2313 5054 ad
2336 4991 2477 5074 lloysen:

1528 5097 1703 5182 «Loquere
1726 5095 1891 5176 tuschia,
1914 5115 1975 5164 non
2009 5095 2157 5180 loquatur
2185 5097 2275 5164 nobis
2309 5097 2477 5176 bonanus,

1523 5221 1562 5272 ne
1587 5205 1665 5272 torte
1700 5203 1874 5270 moriamur
1892 5231 1920 5268 a.
1947 5203 1982 5270 Et
2008 5203 2088 5270 hanc
2122 5221 2249 5270 causam
2283 5203 2349 5290 ipse
2379 5203 2478 5270 reddit

1523 5311 1605 5380 infra
1625 5311 1751 5378 ecdem:
1781 5309 2050 5396 «propterquod
2075 5317 2103 5376 ct
2129 5327 2177 5376 me
2201 5311 2303 5394 ipsum
2329 5329 2390 5376 non
2406 5329 2477 5378 sum

1524 5419 1653 5506 dignum
1677 5419 1866 5496 arbitratus,
1893 5425 1927 5484 ut
1952 5419 2091 5484 venirem
2113 5417 2153 5484 ad
2168 5423 2200 5486 te
2216 5443 2245 5482 a.
2269 5417 2304 5484 Et
2327 5419 2395 5484 ideo
2409 5419 2478 5484 illus

1595 5837 1698 5894 ⁶Vers
1719 5841 1743 5892 6.
1762 5869 1797 5880 -
1815 5839 1931 5902 Hieron,
1960 5841 1985 5890 11.
2015 5839 2159 5892 Commeat.
2189 5837 2214 5890 in
2234 5839 2290 5892 lsai.
2312 5841 2340 5906 3,
2360 5841 2392 5892 2:
2411 5841 2478 5906 ero·

1526 5929 1605 5980 modo
1622 5929 1693 5980 enim
1714 5929 1878 5980 centuriones
1898 5933 2037 5994 vocantur,
2056 5929 2101 5996 qui
2122 5933 2226 5980 centum
2252 5913 2379 5992 praesunt
2397 5925 2479 5980 militi-

1525 6013 1590 6082 buS‚
1608 6021 1635 6068 et
1652 6015 1796 6082 chiliarchi,
1815 6015 1860 6084 qai
1881 6017 1962 6084 mille,
1984 6031 2052 6084 quos
2081 6031 2129 6070 nos
2157 6015 2277 6070 tribunos
2303 6017 2478 6082 appellamus,

1525 6105 1557 6158 ab
1579 6119 1608 6158 eo
1629 6105 1704 6172 quod
1721 6107 1836 6172 praesint
1853 6105 1948 6170 tribui,
1967 6105 2005 6160 sic
2024 6107 2047 6158 in
2070 6105 2207 6160 lsraelitieo
2224 6105 2339 6160 exercitu
2351 6107 2480 6172 quinqua·

1526 6195 1624 6260 genusii
1644 6197 1820 6262 vocabantur,
1839 6197 1885 6262 qui
1904 6197 1929 6248 iu
1949 6197 2034 6260 capite
2060 6201 2133 6248 erant
2150 6195 2340 6262 quinquaginta
2359 6195 2479 6246 militum.

1524 6283 1599 6338 Unde
1616 6289 1644 6336 ot
1661 6285 1776 6340 decanos
1792 6283 1917 6348 dicimus,
1937 6283 1983 6352 qui
2003 6283 2095 6336 decem
2113 6289 2239 6348 praesunt
2259 6281 2415 6336 hominibus.

1596 6369 1605 6400 ²
1625 6373 1700 6424 Vers.
1720 6373 1764 6424 21.
1782 6385 1839 6440 seq.
1857 6399 1895 6412 -
1911 6373 1962 6424 l’ro
1979 6369 2183 6436 cumulabatur,
2206 6373 2278 6436 quod
2296 6369 2376 6424 babet
2395 6373 2423 6436 D,
2438 6371 2478 6424 alli

1525 6463 1603 6516 codd.
1621 6459 1790 6526 consulebat,
1810 6461 1851 6514 cui
1872 6461 1929 6514 Vat.
1949 6461 2022 6514 addit
2039 6463 2118 6514 tetro.

1598 6547 1608 6578 ⁵
1628 6551 1702 6604 Vera.
1721 6551 1764 6602 31.
1784 6577 1818 6588 -
1838 6551 1895 6602 Duo
1913 6563 1986 6618 seqq.
2006 6549 2053 6602 loci
2073 6555 2133 6602 sunt
2152 6551 2226 6602 Prov.
2244 6549 2283 6616 l7,
2296 6551 2322 6602 2.
2342 6553 2367 6602 et
2384 6551 2422 6612 12,
2439 6549 2478 6600 ta.

1597 6635 1607 6668 ⁹
1628 6637 1701 6692 Vere.
1721 6637 1763 6690 17.
1781 6667 1816 6678 -
1836 6635 1954 6690 Subinde
1979 6649 2029 6700 pro
2055 6637 2124 6706 facit
2149 6651 2211 6694 cam
2237 6637 2389 6692 ricantia
2408 6649 2479 6692 acco·

1526 6725 1588 6782 dere
1606 6727 1627 6778 1)
1646 6725 1711 6796 facit
1728 6739 1790 6780 cam
1806 6727 1961 6780 reacreuter
1978 6723 2111 6780 acardus.

1598 6811 1619 6846 ²⁰
1640 6817 1714 6868 Vers.
1733 6817 1782 6878 te,
1799 6821 1860 6880 post
1877 6829 1959 6882 quem
1976 6815 2038 6868 Luc.
2057 6815 2088 6880 7,
2105 6817 2132 6868 ’1.
