5900 8266
374 2035 503 2082 Secundum.

361 2247 418 2306 Quid
428 2251 471 2292 tres
481 2245 510 2292 ri·

401 2303 474 2356 gillae.

368 3625 461 3678 Quatuor
476 3621 506 3666 ri·

401 3675 474 3730 gillae.

524 559 588 630 396
636 601 638 604 -

522 737 700 806 ιειεειιοιιιε
717 737 938 820 indeficientis;
964 739 1163 826 Apocalypsis
1180 739 1316 826 septimo
1331 743 1359 806 ²:
1385 767 1403 800 α
1418 741 1483 808 Nan

524 843 668 910 esurient
688 861 793 928 neque
813 843 921 912 sitient
944 845 1082 930 amplius
1100 869 1128 924 »3
1162 847 1341 928 «quoniam
1364 847 1484 932 ugnus,

523 949 576 1036 qui
603 949 632 1016 in
659 949 758 1018 medio
795 949 902 1018 throni
924 957 989 1030 εει,
1012 955 1102 1034 reget
1122 949 1192 1018 illos
1228 957 1258 1018 et
1289 949 1423 1018 deducet
1444 951 1485 1018 ad

522 1057 608 1124 uitae
628 1055 731 1122 lantes
758 1073 917 1142 aquarum
932 1081 963 1120 s.
992 1081 1008 1114 x
1027 1057 1110 1122 Beati
1137 1057 1253 1142 igitur,
1279 1057 1333 1142 qui
1356 1057 1396 1148 ad
1418 1075 1485 1126 eoe-

521 1179 597 1228 nam
620 1161 803 1246 nuptiarum
837 1161 913 1248 ligni
936 1163 1038 1228 uocati
1060 1167 1182 1240 sunt»,
1207 1163 1405 1246 apocalypsis
1430 1165 1485 1230 de-

524 1267 607 1336 cimo
628 1285 729 1346 nono;
751 1267 786 1334 in
801 1285 864 1354 qua
886 1267 992 1354 lignus
1014 1267 1083 1336 siue
1106 1267 1230 1336 macula
1250 1267 1312 1336 erit
1328 1287 1485 1354 sponsae,

524 1375 634 1456 cibus,
669 1373 822 1440 donrinus
848 1381 877 1444 et
900 1375 1072 1452 miniatem·
1103 1373 1286 1450 Psalmusi:
1314 1399 1332 1432 o
1349 1373 1485 1440 inebria·

522 1481 644 1548 huntur
669 1481 708 1548 ab
738 1479 881 1548 ubertate
910 1483 1024 1548 domus
1046 1487 1134 1562 tuac,
1160 1487 1189 1548 el
1226 1487 1365 1548 torrente
1395 1483 1485 1548 rulu-

521 1587 621 1672 ptatis
639 1591 714 1654 tuae
737 1587 859 1672 potabis
879 1605 934 1654 eos
947 1615 981 1654 a.
1004 1589 1071 1672 lpse
1097 1587 1302 1654 ministrabit
1315 1585 1485 1654 etinuitu-

524 1693 589 1774 bit,
615 1695 789 1762 secundom
812 1687 890 1762 iliud
915 1693 1114 1766 Cantioorum
1136 1693 1265 1780 quinto:
1289 1693 1483 1774 «comedite,

524 1799 631 1880 amici,
656 1805 686 1868 et
707 1797 806 1868 hihite
820 1807 854 1866 et
875 1799 1092 1880 inebriamini,
1115 1797 1268 1866 carissimi
1285 1825 1314 1864 u.

1115 565 1308 632 COMMENT.
1335 565 1370 632 IN
1395 565 1634 634 avuncunlum
1658 565 1777 632 lucin
1798 561 1832 628 C.
1854 561 1915 628 xli.

1547 757 1622 826 ergo
1647 739 1726 804 hora
1748 745 1821 804 'non
1840 743 1905 804 'est
1937 737 2063 816 inutile,
2093 733 2148 802 sed
2172 733 2310 818 perutile
2343 731 2506 816 eupatore,-

1547 841 1629 910 inlra
1664 843 1812 928 vigesimo
1847 843 1992 928 primo⁸:
2031 841 2208 932 «Vigilate,
2242 841 2329 914 omni
2362 845 2506 924 tempore

1547 955 1690 1028 orantes,
1717 955 1751 1014 ut
1775 949 1858 1032 digni
1883 947 2059 1016 habeamini
2085 945 2194 1032 lugere
2217 947 2276 1014 ista
2290 949 2405 1026 omnia,
2421 965 2505 1032 quae

1548 1057 1681 1120 uentura
1706 1059 1796 1132 sunl,
1820 1059 1852 1120 et
1874 1061 1960 1120 stare
1980 1061 2052 1120 ante
2076 1051 2185 1120 Filium
2211 1051 2345 1120 hominis
2360 1077 2377 1112 2>
2405 1039 2474 1118 etcv

1638 1159 1689 1222 iiii.
1717 1159 1815 1242 (Vens.
1843 1159 1919 1242 39).
1945 1159 2015 1226 Ηεε
2037 1165 2148 1226 autem
2162 1159 2274 1226 scitote
2294 1165 2352 1226 etc.
2371 1157 2424 1224 llic
2441 1163 2505 1226 ter·
2520 1159 2562 1256 ,gg
2575 1135 2670 1266 sssigfflgj

1548 1263 1593 1330 tio
1614 1261 1778 1348 subiungit
1798 1263 2042 1332 stimulatiuum
2074 1265 2118 1332 ad
2142 1263 2397 1348 uigilandum&
2419 1263 2506 1348 quod
2519 1267 2562 1310 ιε
2577 1265 2649 1310 ir*

1547 1367 1720 1436 introducit
1752 1387 1809 1454 per
1844 1371 1929 1438 hunc
1964 1371 2110 1452 modum,
2147 1369 2264 1438 scilicet
2289 1369 2504 1456 proponenda

1547 1475 1731 1560 eaernplum
1749 1475 1984 1560 parabolicum
2009 1483 2039 1546 et
2071 1477 2289 1546 concludendo
2316 1473 2506 1564 principale

1548 1581 1719 1650 intentum.
2281 1601 2284 1606 ¹

1638 1685 1779 1752 Primum
1799 1703 1875 1772 ergo
1900 1687 2031 1772 exponit
2052 1687 2235 1774 eamcplum
2255 1687 2504 1776 parabolicum,
2523 1683 2628 1730 rismum.

1548 1809 1619 1858 cum
1644 1791 1735 1858 dicit:
1754 1791 1830 1858 *Huc
1862 1799 1975 1858 anian
1997 1791 2127 1870 scitote,
2152 1795 2329 1880 qnoniam,
2351 1793 2386 1858 si
2404 1795 2507 1860 sciret

617 1907 668 1972 57.
685 1905 788 1990 (Vere.
815 1903 892 1990 39).
920 1903 1038 1972 Deinde
1065 1909 1221 1990 quantum
1244 1903 1285 1972 ad
1307 1903 1485 1972 beatitudi-
1544 1895 1814 1984 paterfumilias,
1840 1917 1915 1986 qua,
1929 1895 2017 1964 bura
2037 1895 2100 1984 sur
2114 1897 2256 1976 ueniret,
2273 1897 2426 1984 aipc'taret
2442 1899 2506 1964 ati-

523 2029 600 2078 nem
622 2011 692 2078 rium
714 2013 898 2098 exceptione
922 2011 1045 2080 subdit:
1076 2013 1116 2076 Ει
1142 2011 1176 2078 si
1208 2011 1334 2078 uenerit
1366 2011 1403 2080 in
1434 2031 1484 2080 ee-

524 2119 637 2184 eundu
662 2119 778 2206 uigilia
802 2119 882 2184 etsi
918 2119 951 2186 in
978 2117 1101 2186 ιειιιε3
1122 2119 1248 2186 uenerit
1271 2125 1301 2186 et
1323 2119 1371 2186 ita
1397 2119 1488 2188 inue-¹

524 2225 631 2302 neria·
656 2225 742 2292 beati
761 2233 843 2292 sunt
865 2225 954 2292 cerci
986 2223 1044 2292 itit.
1068 2227 1106 2296 Et
1127 2235 1201 2296 nota
1225 2227 1294 2308 hic,
1318 2227 1405 2314 quud
1426 2245 1484 2314 per

524 2339 591 2398 tres
615 2331 749 2418 cipibus
771 2331 993 2418 intelliguntur
1015 2339 1081 2400 ires
1109 2341 1210 2404 status
1233 2335 1408 2420 praesentis
1436 2335 1485 2402 ιι-

523 2445 591 2518 ιεε,
617 2439 735 2506 scilicet
752 2441 938 2524 picardiae,
956 2441 1135 2508 iuuentutis
1154 2441 1485 2510 acaemetensium

524 2545 631 2614 Glossa
654 2545 753 2614 Bedee
764 2547 798 2614 4:
827 2563 847 2608 r<
861 2545 988 2632 Vigilias
1010 2555 1102 2614 vocat
1116 2549 1156 2614 ad
1172 2545 1411 2616 similitudinem
1427 2565 1484 2616 ex-

524 2651 707 2720 cubantium
732 2653 762 2718 in
788 2661 887 2720 nocte.
913 2653 1017 2738 Prima
1037 2653 1140 2740 uigilia
1166 2653 1306 2722 custodia
1330 2653 1484 2740 pueritiae

524 2767 585 2838 εει,
611 2761 747 2826 secunda
773 2767 819 2828 est
852 2747 1043 2840 iuventutis,
1065 2767 1098 2826 et
1131 2761 1227 2828 tertie
1247 2761 1428 2826 senectutis.
1454 2759 1484 2824 Si

524 2865 597 2950 quus
620 2865 651 2932 in
672 2865 819 2952 pueritia
844 2865 975 2950 vigilare
997 2867 1190 2950 neglexerit,
1217 2881 1278 2932 non
1303 2871 1408 2930 tamen
1430 2865 1485 2932 de-

524 2977 646 3056 sperem
673 2971 695 3038 si
713 2971 760 3036 in
775 2971 941 3036 iuuentute
965 2969 1156 3052 neglexerit,
1180 2971 1292 3036 saltem
1308 2969 1433 3034 tandem
1449 2969 1482 3034 in

524 3079 615 3142 senio
637 3077 810 3160 resipiscat,
827 3075 903 3160 qnia
919 3073 991 3160 pius
1004 3073 1161 3140 Dominus
1182 3073 1406 3158 poenitentiam
1428 3093 1485 3140 no-

524 3187 623 3248 stram
645 3185 807 3262 exspectat
828 3179 984 3262 patienter
997 3201 1028 3256 »ς
1046 3177 1139 3244 isaiae
1165 3177 1323 3262 trigesimo
1337 3177 1364 3244 ⁵:
1385 3179 1485 3244 «Pro-

523 3293 632 3370 pterea
655 3289 816 3370 exspectat
839 3283 1008 3362 Dominus,
1034 3287 1069 3348 ut
1100 3283 1290 3350 misereatur
1313 3283 1428 3364 uestri;
1454 3287 1486 3350 et

523 3391 594 3484 ideo
618 3389 810 3456 exaltabitur
825 3407 957 3472 parcens
974 3389 1078 3468 uobis,
1105 3389 1179 3474 quia
1193 3391 1280 3456 Deus
1302 3389 1409 3456 iudicii
1424 3391 1485 3456 Do-

524 3497 647 3574 minus;
674 3495 755 3562 beati
779 3513 906 3574 ειιιιιεε,
938 3497 994 3580 qui
1016 3499 1201 3580 exspectant
1229 3513 1346 3562 euni».
1373 3533 1419 3546 —
1448 3497 1486 3562 Et

522 3607 609 3680 nota,
625 3601 708 3686 quod
725 3601 816 3668 ilorci
841 3601 961 3668 decimu
986 3601 1077 3668 tertio
1091 3601 1104 3642 ⁶
1118 3599 1321 3670 insinuantur
1339 3609 1485 3690 quatuor

524 3707 647 3792 uigiliae
672 3705 845 3772 secundum
861 3707 990 3772 modum
1004 3705 1212 3774 distinctionis
1229 3707 1380 3774 horarum
1402 3707 1486 3792 apud

524 3813 737 3880 exturbantes:
764 3811 942 3898 «Vigilate,
961 3813 1080 3898 inquit;
1099 3811 1225 3880 nescitis
1243 3813 1342 3892 enim,
1359 3813 1485 3898 quando

522 3919 678 3988 Dominus
698 3917 819 3986 ueniat:
836 3937 924 4000 sero,
938 3937 980 3986 an
995 3919 1098 3988 media
1112 3925 1221 4000 nocie,
1235 3937 1273 3986 au
1291 3921 1363 4006 galli
1378 3925 1485 4000 cantu,

523 4043 564 4090 nn
587 4041 681 4090 mane
695 4051 726 4090 u.
744 4023 780 4090 Et
803 4041 861 4108 per
875 4021 938 4090 bas
952 4023 1089 4112 uigilias·
1104 4023 1323 4110 intelliguntur
1348 4033 1485 4112 quatuor

524 4137 638 4210 status,
663 4131 694 4198 in
718 4129 835 4216 quihus
860 4133 953 4198 homo
970 4129 1071 4198 utitur
1088 4131 1233 4200 libertate
1254 4131 1395 4200 arbitrii:
1419 4133 1485 4218 pri-

521 4255 595 4304 mus
620 4241 649 4324 et
674 4237 805 4304 ultimus
826 4243 859 4304 et
879 4237 943 4306 duo
967 4237 1162 4318 intermedii3
1186 4255 1270 4306 unus
1294 4243 1342 4306 est
1357 4239 1388 4306 in
1412 4257 1485 4324 pro-

522 4341 626 4426 iectu,
648 4351 681 4410 et
701 4343 783 4410 alter
813 4345 847 4410 in
877 4343 1097 4412 declinatione,
1128 4345 1164 4410 ln
1196 4363 1260 4432 quo
1285 4345 1484 4426 insinuatur,

523 4451 612 4538 quud
631 4451 785 4516 Dominus
808 4449 891 4516 omni
923 4451 1002 4516 hora
1033 4449 1101 4516 sine
1126 4451 1311 4536 exceptione
1343 4457 1485 4518 nostram

522 4563 665 4642 acceptat
696 4555 854 4644 uigiliam,
876 4557 932 4624 sed
966 4555 1126 4642 potissime
1158 4557 1243 4624 illam
1266 4575 1350 4642 quae
1376 4555 1485 4642 incipit

522 4661 717 4750 apueritia;
748 4663 947 4730 Threnurum
981 4663 1117 4728 tertiat:
1147 4687 1164 4722 o
1179 4663 1299 4728 Donum
1326 4667 1374 4730 est
1397 4663 1484 4744 uiro,

525 4783 598 4836 cum
615 4769 788 4854 portaverit
803 4769 914 4856 iugum
929 4771 969 4836 ab
986 4769 1191 4836 adolescentia
1207 4787 1265 4836 sua
1281 4793 1312 4850 »3
1330 4777 1362 4838 et
1375 4775 1484 4836 tamen

524 4875 620 4942 etiam
654 4877 801 4942 ultimum
835 4873 957 4946 senium
994 4893 1056 4942 nou
1091 4881 1233 4954 recusat3
1256 4875 1342 4942 unde
1369 4873 1485 4942 dicitur

463 4971 465 4974 ’
524 4981 673 5048 Matthaei
694 4981 815 5050 decimo
836 4987 968 5066 quarto,
992 4981 1076 5066 quod
1098 5007 1114 5038 <r
1129 4987 1244 5066 quarta
1258 4979 1365 5066 uigilia
1385 4981 1486 5046 noctis

524 5087 612 5154 ιιειιιι
633 5087 674 5152 ad
688 5087 858 5172 discipulos
879 5087 1047 5152 ambulans
1067 5103 1166 5172 super
1187 5101 1323 5152 mare».
1342 5085 1486 5170 Qualibet

597 5431 608 5462 ¹
628 5433 702 5486 Vers.
722 5435 763 5486 46.
784 5439 810 5486 ει
829 5433 877 5496 l7;
896 5433 996 5486 deinde
1013 5435 1062 5500 49,
1081 5435 1109 5488 9.

598 5519 610 5550 ²
629 5523 723 5574 Psalm.
743 5509 834 5588 35,'9.
855 5551 888 5578 ,-
909 5523 1033 5588 Sequitur
1052 5521 1122 5576 Cant.
1141 5523 1174 5588 5,
1193 5521 1219 5574 4.

599 5607 694 5664 ³Ced.
710 5611 734 5662 H
752 5623 814 5662 curn
832 5613 945 5674 Vulgata
963 5611 1058 5676 repetit
1074 5609 1179 5680 cipitia.
1247 5619 1248 5622 ’

600 5697 612 5728 ⁴
632 5701 735 5752 Scilicet
752 5699 892 5754 ordinaria
912 5701 938 5752 in
955 5701 1019 5752 Luc.
1040 5701 1087 5764 lu,
1107 5701 1149 5752 38.
1170 5701 1266 5752 Textus
1286 5701 1418 5766 originalis
1429 5701 1490 5754 hinc

527 5789 590 5842 inde
616 5791 690 5856 plura
712 5789 793 5842 addit.
818 5791 886 5844 Dede
913 5791 1032 5856 sequitur
1051 5791 1173 5856 dragum,
1191 5791 1208 5840 l.
1229 5791 1322 5842 iiomii.
1342 5791 1368 5842 in
1385 5791 1488 5858 Evang.

491 5877 494 5884 ‘
524 5879 616 5932 homil.
635 5879 679 5932 43.
695 5893 722 5932 n.
743 5879 766 5932 ὃ.
786 5881 834 5932 Ριε
856 5877 978 5934 custodia
996 5879 1056 5932 Vnt.
1073 5885 1100 5932 et
1117 5875 1205 5946 plures
1224 5879 1302 5932 codd.
1320 5879 1464 5934 custodiae.

597 5965 702 6022 4ιἐιε.
724 5971 765 6022 48.

596 6053 609 6086 ⁶
629 6057 702 6112 ιἐιε.
722 6059 764 6110 35.
784 6057 843 6110 Post
863 6055 996 6112 Dominus
1013 6059 1126 6122 Vulgata
1145 6061 1173 6112 et
1189 6057 1248 6110 liat.
1265 6057 1368 6112 addunt
1383 6049 1505 6112 domun

526 6145 714 6212 Theophyiact.
741 6149 811 6200 lione
833 6147 883 6198 loc.
911 6161 1046 6212 exponens
1064 6147 1140 6200 dicit:
1166 6145 1280 6200 «Tarde
1298 6147 1407 6214 quidem
1426 6151 1490 6200 tnnc

525 6235 600 6288 adest
620 6235 693 6298 hnic,
710 6235 817 6302 curando
834 6235 894 6302 quis
914 6235 938 6286 in
957 6235 1027 6288 hona
1047 6241 1149 6288 senecta
1164 6237 1283 6290 moritur.
1299 6235 1387 6292 Media
1400 6241 1489 6288 autern

524 6325 616 6388 neate,
639 6337 701 6376 com
726 6323 841 6376 mediam
869 6327 980 6376 aetatem
1004 6325 1144 6388 peregerit.
1171 6325 1204 6382 in
1227 6321 1365 6394 gallicinio
1386 6331 1489 6388 autem,

525 6411 635 6478 quando
644 6411 673 6464 in
683 6409 757 6466 nobis
768 6413 834 6466 rado
848 6413 979 6476 completa
993 6413 1081 6478 luerim
1098 6415 1182 6478 gallus
1193 6413 1261 6466 enim
1275 6413 1342 6466 ratio
1355 6419 1407 6480 est,
1420 6427 1490 6482 quae

524 6513 603 6552 hosa
618 6513 709 6552 somno
724 6499 816 6552 excitat
827 6507 854 6554 et
866 6505 1002 6564 stuporem
1020 6501 1122 6566 repellit
1127 6521 1134 6564 i
1151 6515 1212 6554 cum
1227 6499 1306 6566 igitur
1318 6515 1385 6564 puer
1398 6499 1490 6566 incipit

525 6587 596 6640 iuxta
617 6589 744 6642 rationem
761 6589 853 6642 vivere
872 6595 896 6642 ct
915 6601 1020 6654 sapere,
1051 6596 1112 6642 tunc
1130 6591 1215 6652 gallus
1233 6589 1256 6642 ei
1274 6589 1353 6642 canit.
1379 6589 1489 6644 Dilata·

526 6673 584 6730 lum
604 6679 692 6730 aculem
709 6675 817 6730 omnino
834 6673 942 6742 puerilis
961 6681 1033 6730 aetas
1052 6681 1090 6730 εει
1104 6697 1129 6730 u.
1148 6679 1178 6730 B.
1190 6675 1304 6740 hibent,
1315 6675 1352 6728 ila
1365 6679 1489 6742 explicat:

525 6763 594 6818 Sera
614 6761 759 6818 autemest
777 6763 915 6830 iuuentus,
934 6763 1021 6818 media
1042 6769 1128 6816 autem
1146 6777 1204 6820 noa
1225 6763 1306 6816 virilis
1322 6769 1410 6826 aetus,
1423 6763 1491 6832 palti

524 6855 618 6904 autem
637 6855 734 6906 cantus
752 6857 790 6904 est
809 6857 943 6916 senectus,
960 6865 1042 6906 mane
1060 6859 1146 6906 autern
1167 6859 1205 6906 est
1224 6853 1361 6918 putridum
1373 6853 1487 6904 senium.

1503 6001 1504 6004 =
1553 5965 1767 6018 exhortationem.

1548 2023 1626 2092 que,
1653 2003 1770 2072 scilicet
1801 2005 1842 2070 ud
1874 2001 2046 2070 custodiam
2071 2003 2232 2082 domos10,
2257 2023 2295 2070 ne
2319 2005 2370 2068 fur
2394 2003 2505 2070 furtim

1547 2109 1667 2198 aliquid
1688 2117 1872 2198 asportaret.
1892 2147 1933 2160 -
1951 2109 2022 2176 ideo
2036 2107 2127 2176 dicit:
2147 2111 2185 2176 m
2201 2127 2268 2176 non
2288 2109 2409 2176 sineret
2429 2127 2506 2194 per-

1547 2215 1620 2306 lbdi
1643 2219 1779 2286 domum
1807 2237 1917 2284 suam.
1958 2217 1989 2284 Et
2021 2215 2046 2284 si
2076 2233 2199 2304 semper
2230 2215 2361 2284 haberet
2393 2215 2506 2284 horam

1549 2331 1743 2410 suspectam,
1769 2343 1931 2410 nunquam
1956 2323 2150 2410 relinqueret
2174 2323 2303 2392 domum
2324 2341 2413 2390 suam
2437 2321 2505 2390 siue

1549 2431 1707 2512 custodie;
1724 2431 1861 2518 alioquin
1876 2449 1939 2498 uon
1957 2431 2127 2516 sapienter,
2146 2429 2198 2498 sed
2215 2431 2309 2498 stulte
2335 2429 2474 2496 aurumi
2489 2467 2505 2476 -

1548 2537 1652 2604 miliae
1673 2543 1868 2622 procuraret.
1898 2537 2085 2620 Exemplum
2117 2535 2157 2602 de
2188 2535 2343 2616 isboseth,
2365 2537 2405 2604 de
2440 2553 2504 2620 quo
2523 2527 2656 2584 Exemplum.

1548 2643 1664 2728 legitur
1679 2645 1807 2710 secundi
1825 2645 1942 2728 Regum
1960 2647 2073 2728 quarto
2088 2643 2122 2718 ¹1,
2142 2641 2225 2726 quod
2246 2641 2415 2708 «isboseth
2430 2641 2505 2708 dor-

1548 2747 1664 2816 miebat
1685 2767 1783 2832 super
1805 2753 1939 2830 ¹stratum
1964 2763 2056 2814 suum
2079 2745 2217 2812 meridie.
2233 2747 2271 2812 lit
2286 2745 2412 2814 ostiaria
2427 2767 2506 2832 pnr-

1548 2873 1623 2938 gans
1640 2855 1780 2920 triticum
1796 2853 1992 2920 ohdormivit.
2012 2851 2145 2938 ingressi
2161 2857 2234 2918 sunt
2250 2857 2355 2920 autem
2381 2855 2505 2920 llechah

1549 2965 1580 3026 et
1603 2959 1722 3040 Banna,
1743 2959 1845 3026 frater
1865 2959 1944 3038 eius,
1967 2958 2098 3026 latenter
2129 2957 2255 3026 domurn
2281 2965 2311 3026 et
2342 2977 2507 3044 percusse·

1549 3069 1624 3130 runt
1648 3083 1722 3132 ειιιιι
1736 3063 1768 3130 ιιι
1789 3065 1917 3150 inguine
1939 3071 1972 3132 et
1991 3063 2145 3150 fugerunt
2158 3091 2188 3128 x.
2216 3063 2265 3130 Sic
2287 3069 2320 3130 et
2341 3065 2506 3150 spirituu-

1550 3169 1621 3238 liter
1645 3171 1680 3238 m
1703 3171 1731 3238 ei
1747 3169 1802 3256 qui
1817 3171 1946 3256 negligit
1963 3169 2089 3238 domum
2106 3187 2195 3238 suam
2212 3169 2376 3256 vigilanter
2401 3178 2506 3239 custo-

1549 3275 1633 3356 dirc;
1648 3277 1731 3344 unde
1742 3275 1914 3362 Gregorius
1927 3277 1972 3342 ²²:
1991 3301 2007 3334 t<
2020 3275 2154 3342 Ostiaria
2164 3273 2352 3356 dormiente,
2364 3275 2506 3344 lsboselh

1548 3381 1755 3460 interficitur,
1781 3383 1870 3468 quia,
1896 3377 2190 3450 dum'discretionis
2213 3379 2389 3448 sollicitudo
2404 3399 2506 3450 cessa-

1549 3487 1648 3568 verit,
1672 3487 1711 3556 ad
1733 3487 1985 3556 interficiendum
2008 3487 2145 3554 animam
2173 3487 2318 3574 malignis
2342 3485 2506 3574 spiritibus

1548 3593 1608 3662 iter
1622 3595 1732 3680 pandit
1747 3621 1779 3660 u.
1802 3595 1839 3662 Et
1860 3595 1930 3664 ideo
1955 3595 2002 3664 uir
2027 3595 2199 3680 spiritualis
2223 3595 2414 3662 econtrario
2430 3595 2507 3662 dicit

1548 3701 1625 3769 illud
1641 3701 1736 3770 Isaiae
1751 3703 1902 3788 vigesimo
1923 3703 2027 3788 primo
2039 3701 2081 3768 1³:
2109 3727 2125 3760 o
2143 3703 2242 3786 Super
2267 3701 2424 3787 speculam
2442 3703 2505 3768 Do-

1549 3809 1623 3874 mini
1649 3827 1706 3894 ego
1729 3827 1815 3888 sum,
1841 3817 1926 3876 stans
1948 3809 2062 3894 iugiter
2088 3825 2145 3894 per
2166 3807 2268 3888 diem,
2291 3813 2322 3874 ει
2339 3825 2433 3894 super
2451 3825 2506 3874 cu·-

1550 3915 1680 3982 studiam
1703 3931 1805 3998 meam
1841 3935 1898 4000 ego
1931 3933 2022 3996 sum,
2045 3921 2131 3982 stans
2163 3915 2235 3982 totis
2260 3913 2405 3982 noctibus
2419 3937 2452 3996 »;
2474 3919 2508 3982 et

1548 4021 1617 4114 ideo
1640 4021 1759 4108 primae
1784 4021 1865 4090 Petri
1889 4021 2015 4090 ultimo:
2044 4021 2176 4090 «Sobrii
2201 4026 2298 4088 estote
2315 4027 2347 4090 et
2360 4019 2505 4108 vigilate,

1549 4129 1623 4216 quia
1646 4129 1847 4198 adversarius
1868 4135 1974 4198 vester
1988 4155 2005 4188 »
2036 4135 2094 4196 etc.

1638 4237 1689 4302 bii.
1716 4235 1815 4320 (vers.
1841 4235 1918 4320 444).
1942 4235 2059 4302 Deinde
2085 4233 2240 4302 concludit
2264 4233 2436 4322 principale
2459 4233 2507 4300 iu·
2525 4225 2654 4270 599499·

1548 4347 1680 4410 tentum.
1705 4343 1746 4408 m
1767 4361 1824 4408 ons
1848 4349 1942 4410 estote
1963 4339 2094 4428 parati,
2116 4339 2217 4430 quia,
2240 4359 2309 4428 qno
2333 4339 2417 4408 liora
2438 4359 2507 4408 non

1545 4449 1692 4536 putatis,
1718 4447 1827 4516 Filius
1850 4445 2300 4538 bantini-suecia.Glossa1⁴z
2329 4473 2345 4506 x
2359 4447 2506 4516 Ultimum
2614 4453 2615 4456 ’

1548 4555 1661 4622 horam
1682 4571 1806 4640 semper
1830 4553 1970 4642 ignorari
2002 4555 2102 4622 noluit
2124 4553 2293 4632 Dominus,
2318 4559 2354 4620 ut
2382 4569 2506 4636 semper

1548 4661 1590 4728 sit
1611 4665 1775 4744 suspecta,
1798 4667 1829 4728 et
1845 4661 1883 4726 ad
1900 4679 1969 4726 eam
1991 4677 2115 4744 semper
2132 4675 2403 4746 praeparemur».
2419 4657 2507 4724 Unde

1548 4765 1692 4834 liatthaei
1729 4765 1877 4852 vigesimo
1914 4770 2028 4852 quarto
2041 4765 2085 4830 ¹⁵:
2114 4791 2130 4824 κ
2147 4765 2190 4830 De
2218 4765 2268 4832 die
2290 4765 2343 4830 iila
2373 4771 2406 4832 et
2426 4765 2508 4830 hora

1548 4887 1639 4938 nemo
1652 4869 1737 4938 scit»
1757 4877 1827 4950 etc.;
1846 4877 1875 4938 ει
1892 4871 2011 4956 primae
2024 4871 2061 4936 ad
2074 4871 2364 4936 Thessalonicenses
2377 4869 2505 4956 quintu:

1553 5003 1569 5036 x
1586 4975 1659 5044 Dies
1680 4975 1803 5042 Domini
1827 4975 1911 5044 sicut
1931 4975 1984 5042 fur
2018 4975 2049 5042 in
2078 4981 2168 5042 nocte
2191 4975 2340 5056 vehiclum
2362 4981 2506 5060 etpost:

1525 5097 1526 5100 ¹
1554 5107 1569 5140 «
1588 5083 1649 5152 Vos
1670 5085 1794 5162 autem,
1816 5081 1949 5160 iratres,
1974 5099 2037 5148 non
2058 5081 2133 5146 estis
2157 5081 2187 5146 ιιι
2213 5081 2364 5160 ιειιειιιιε,
2390 5085 2424 5146 ιιι
2440 5077 2508 5146 dies

1611 5427 1631 5500 ,²
1655 5431 1728 5484 llere.
1746 5431 1791 5482 ei.
1808 5459 1845 5468 -ψ
1862 5429 1980 5484 Subinde
1997 5431 2121 5496 allegatur
2140 5431 2228 5484 ltlatih.
2246 5431 2295 5494 44,
2315 5431 2358 5484 Db.

1523 5531 1525 5534 ·
1622 5515 1633 5548 ⁸
1653 5521 1729 5572 Vere.
1746 5519 1791 5572 36.
1808 5521 1858 5572 Pro
1875 5521 1991 5572 uentura
2011 5521 2121 5584 Vulgata
2141 5527 2166 5572 ει
2182 5521 2241 5574 Vct.
2261 5521 2366 5588 sutura.

1523 5679 1524 5684 η
1622 5603 1703 5662 9(ιιι.
1724 5621 1803 5672 supra
1821 5621 1848 5658 n.
1868 5605 1911 5658 49.
1929 5635 1965 5646 -
1982 5607 2072 5660 Glossa
2097 5605 2280 5662 interlinearis
2303 5607 2360 5674 (cir.
2386 5609 2511 5674 drogon,

1523 5725 1525 5728 ·
1553 5699 1569 5752 1.
1589 5697 1683 5750 iiumii.
1701 5697 1728 5748 ιιι
1748 5697 1848 5762 evang.
1865 5695 1955 5750 homil.
1977 5697 2018 5750 43.
2037 5711 2061 5750 ιι.
2082 5695 2115 5764 5.)
2137 5697 2163 5750 iu
2177 5699 2239 5752 Luc.
2255 5697 2301 5764 49,
2315 5699 2358 5752 39.
2371 5713 2442 5764 seua
2455 5697 2511 5752 Hac

1553 5791 1644 5842 alutem
1662 5785 1767 5852 scitote,
1787 5801 1833 5854 per
1853 5785 1934 5840 simile
1958 5785 2067 5854 probat,
2087 5787 2159 5854 qood
2182 5785 2281 5840 dehent
2301 5787 2424 5854 vigilare,
2444 5799 2510 5854 pau-

1552 5875 1654 5930 niam...
1673 5875 1710 5930 Et
1727 5887 1772 5930 cas
1791 5877 1869 5930 estate
1883 5873 1980 5942 parati
1996 5881 2059 5942 etc,
2079 5881 2139 5940 post
2162 5875 2359 5928 similitudinem
2385 5875 2512 5940 supponit

1898 5959 1920 5992 ¹⁰
1931 5965 1959 6016 ln
1972 5963 1990 6016 C
2003 5977 2019 6016 ε
2032 5965 2147 6016 secunda
2159 5977 2238 6016 mano
2251 5965 2370 6018 additum
2385 5969 2423 6018 est
2434 5977 2511 6018 suae.

1625 6049 1646 6082 ¹¹
1667 6055 1742 6106 Vers.
1761 6053 1788 6106 5.
1807 6057 1833 6104 ει
1853 6053 1875 6104 6.
1975 6079 1976 6082 ¹
2006 6101 2009 6106 .

1624 6139 1647 6170 ²²
1667 6139 1737 6196 Lihr.
1754 6143 1773 6194 i.
1793 6143 1880 6196 iioral.
1901 6155 1923 6194 a
1942 6141 1986 6194 35.
2003 6155 2033 6192 n.
2046 6139 2088 6194 49.
2102 6143 2151 6196 Pro
2163 6139 2284 6196 enimam
2297 6139 2355 6194 liat.
2367 6155 2428 6194 curm
2442 6145 2512 6194 textu

1553 6231 1672 6296 originali
1688 6229 1821 6286 animam.
1928 6263 1929 6270 ι

1624 6315 1647 6348 ua
1668 6319 1743 6372 Vers.
1762 6321 1794 6386 8,
1812 6317 1860 6372 uhi
1882 6331 1932 6382 pro
1950 6317 2090 6386 speculam
2107 6317 2217 6374 CDFG
2235 6315 2396 6372 eustadium.
2413 6341 2448 6356 -
2468 6317 2513 6370 Se-

1553 6409 1641 6476 quitur
1661 6409 1677 6460 i.
1694 6409 1762 6460 Peto.
1783 6409 1812 6474 5,
1833 6409 1859 6460 8.

1624 6493 1647 6526 “
1667 6497 1766 6550 Scilicet
1785 6493 1926 6550 ordinaria
1946 6493 1989 6562 (ex
2006 6495 2093 6558 Beda,
2104 6493 2150 6562 qui
2163 6495 2280 6562 seqnitur
2290 6497 2418 6562 drogon,
2431 6495 2451 6546 1.
2464 6495 2512 6548 Ho-

1553 6585 1607 6638 mil.
1625 6585 1653 6636 in
1671 6587 1770 6648 Evang.
1796 6583 1883 6636 humil.
1906 6583 1944 6636 43.
1966 6583 2061 6652 nu),
2081 6595 2151 6652 quoe
2174 6595 2223 6646 pro
2243 6595 2446 6652 praeparemur
2468 6583 2511 6652 (ita

1523 6701 1524 6704 =
1553 6673 1629 6726 etiam
1649 6673 1757 6736 Gregor.
1778 6679 1802 6724 et
1820 6667 1899 6736 Dede)
1916 6671 2108 6738 praeparetur,
2125 6669 2367 6738 Dpruepmumus.
2411 6667 2412 6676 ’

1623 6757 1646 6790 ¹³
1667 6761 1740 6814 Vers.
1760 6761 1803 6812 36.
1822 6787 1858 6798 -
1876 6759 1940 6810 Τιεε
1954 6771 2030 6826 seqq.
2047 6757 2097 6810 loci
2112 6763 2174 6812 sunt
2191 6761 2210 6812 l.
2230 6761 2321 6816 Thess.
2342 6765 2371 6828 5,
2392 6763 2415 6816 9.
2434 6765 2462 6814 ει
2480 6759 2511 6822 i,

1556 6849 1637 6902 Eccle.
1658 6849 1687 6916 9,
1709 6847 1749 6900 lu
2501 6855 2502 6858 ’
