5900 8266
328 613 330 618 ’
418 607 483 672 258

414 783 565 846 curarent
584 801 613 858 v;
632 775 685 844 sed
702 775 753 844 hio
769 775 919 860 imporat,
934 779 970 840 ut
981 775 1070 842 dono
1081 781 1209 858 accepto
1222 781 1375 856 utantur,

415 885 508 952 iuxta
524 883 606 970 quod
631 879 746 952 dicitur
771 881 891 966 primae
914 879 996 946 Petri
1014 887 1146 966 qrtarto:
1167 905 1185 940 (ε
1201 881 1377 966 Unusquis-

415 1007 477 1074 que
493 991 578 1058 siout
598 991 718 1074 accepit
740 987 892 1074 gratiam,
914 985 948 1052 in
968 987 1158 1054 alterutram
1175 985 1260 1054 illam
1275 987 1377 1054 admi-

414 1095 614 1162 nistrantes»
642 1099 701 1162 616.
724 1129 770 1144 --
791 1093 830 1158 Et
850 1091 926 1174 quia
951 1091 1073 1158 curatio
1094 1093 1269 1174 corporalis
1290 1091 1377 1158 ordi-

415 1199 486 1266 nata
511 1205 579 1266 erat
599 1199 641 1264 ad
662 1197 921 1266 illuminationem
941 1197 1078 1276 mentis,
1094 1195 1163 1264 ideo
1181 1197 1310 1264 subdit:
1334 1201 1377 1264 Et

414 1303 513 1370 dicite
534 1301 619 1368 illis:
645 1301 962 1390 Appropinpuabit1
986 1301 1022 1366 io
1043 1321 1101 1368 vos
1127 1319 1268 1388 6666666
1292 1303 1353 1368 1161
1363 1325 1376 1380 ,·

414 1407 448 1474 iu
476 1427 540 1494 qum
573 1409 664 1476 simul
689 1409 846 1476 clauditur
871 1407 997 1474 ceritas
1022 1409 1212 1486 doctrinae,
1247 1407 1376 1474 bonitas

411 1515 545 1600 pratiac
570 1521 600 1582 et
632 1515 820 1582 sablimitas
839 1513 987 1600 gloriae,
1012 1513 1187 1582 secandam
1217 1513 1303 1598 quod
1330 1513 1376 1582 sic

413 1621 594 1704 expositum
608 1621 669 1686 fuit
680 1621 705 1700 2,
720 1625 754 1686 et
776 1619 1002 1686 interlinearis
1016 1619 1107 1686 dicit:
1132 1621 1304 1704 «Regnum
1319 1619 1375 1686 Dei

413 1723 570 1804 Christus,
586 1723 714 1792 6616116
728 1733 867 1804 6616666,
884 1725 934 1792 661
949 1723 1077 1792 66166116
1091 1723 1329 1810 Scripturarum
1340 1751 1374 1790 ».

414 1831 510 1898 Etita
525 1831 827 1920 appropinquavit,
842 1832 969 1916 quando
993 1831 1075 1900 inter
1097 1837 1260 1910 6666661,
1282 1829 1376 1896 iusta

413 1937 500 2023 qaod
523 1937 640 2004 dicitur
660 1939 744 2004 infra
767 1939 888 2006 decimo
909 1939 1042 2024 septimo
1056 1939 1089 2004 ³:
1123 1939 1293 2024 «Regnum
1318 1939 1374 2004 Dei

413 2045 498 2110 intra
513 2061 570 2110 666
584 2051 633 2110 661
644 2071 674 2110 a.
689 2047 769 2112 Vere
779 2043 1056 2130 appropinquavit,
1069 2063 1140 2112 cnm
1153 2044 1205 2110 ille
1217 2043 1278 2110 iam
1292 2051 1374 2112 esset

413 2167 581 2234 66666666,
605 2149 644 2218 de
670 2169 734 2236 quo
762 2149 879 2218 dicitur
899 2151 1097 2236 apocalypsis
1126 2149 1246 2218 decimo
1267 2167 1372 2230 nono,

413 2249 499 2342 quod
526 2255 696 2322 «hahebat
717 2257 751 2322 in
773 2257 960 2322 vestimento
984 2262 1015 2322 61
1039 2257 1071 2322 in
1085 2257 1204 2324 femore
1220 2273 1278 2322 suo
1296 2257 1374 2322 sori-

412 2361 603 2446 6166161166
629 2377 738 2448 regum
757 2367 785 2428 et
804 2361 954 2428 Dominus
969 2363 1197 2430 dominantium
1214 2387 1247 2428 o.
1270 2361 1308 2428 Et
1330 2361 1374 2428 61-

412 2473 544 2552 gnanter
569 2465 663 2532 dicit:
689 2467 728 2532 lo
752 2485 828 2546 uos,
844 2467 956 2546 idest,
974 2467 1006 2532 in
1022 2467 1145 2552 eosqui
1166 2467 1302 2558 verbum
1316 2467 1373 2534 Dei

412 2571 588 2658 suscipiunt
604 2589 660 2656 per
678 2573 786 2652 fidem,
806 2575 841 2640 de
860 2575 975 2660 qruibus
1001 2575 1197 2660 apocalypsis
1212 2575 1371 2660 quintae:

418 2705 435 2738 «
451 2677 559 2746 1661611
583 2695 640 2746 666
661 2679 733 2746 oea
751 2689 859 2746 nostro
875 2697 1027 2766 regnum,
1054 2687 1083 2748 61
1101 2681 1304 2766 regnabimus
1319 2701 1373 2748 su-

412 2803 469 2870 per
495 2791 612 2852 terram
629 2809 658 2866 »;
692 2791 723 2852 et
747 2785 957 2872 pergratiam
983 2787 1071 2866 fidei,
1096 2787 1269 2854 secuudum
1295 2789 1373 2854 illud

413 2893 453 2960 ad
467 2891 665 2986 Colossenses
682 2893 804 2978 primo,
829 2919 845 2950 α
863 2893 978 2978 6616611
995 2893 1107 2960 nosde
1119 2899 1270 2978 potestate
1288 2899 1373 2960 tene-

413 2999 546 3064 brarum
570 3003 600 3072 et
624 2997 784 3064 transtulit
809 2999 839 3064 in
863 2999 1371 3082 66666611116661161166666».

412 3141 458 3154 --
480 3105 528 3172 Sic
554 3103 648 3190 igitar
672 3109 772 3190 patet,
800 3105 936 3190 qualitor
958 3123 993 3172 se
1014 3103 1171 3170 debebant
1193 3105 1310 3172 habere
1333 3103 1373 3170 ad
1400 3115 1401 3156 ἐ

412 3211 537 3288 fideles,
563 3211 637 3298 quta
659 3211 815 3278 debebant
836 3209 979 3294 resipere
1001 3211 1191 3296 stipendium
1216 3215 1373 3278 sustenta·
1400 3223 1401 3286 j

411 3319 506 3386 tionis
528 3325 561 3384 et
582 3317 762 3384 ministrare
794 3315 981 3384 beneficium
1012 3317 1185 3382 curationis
1211 3315 1372 3384 61666611-
1400 3369 1401 3374 ,

248 3445 395 3490 caraunus.
410 3425 513 3492 tionis.
539 3423 597 3508 Qui
623 3441 696 3508 ergo
719 3439 780 3488 non
807 3421 987 3490 ministrant
1007 3421 1086 3490 haec
1111 3421 1260 3490 beneficia
1281 3421 1372 3506 spiri-

411 3529 509 3594 tualia
530 3529 636 3592 rninus
656 3527 810 3612 condigna
824 3527 1001 3610 suscipiunt
1016 3527 1172 3610 stipendia
1186 3527 1371 3610 corporalia.

411 3635 499 3702 Unde
521 3633 740 3718 Gregorins⁵:
769 3633 882 3718 «116161
905 3633 945 3700 ad
971 3635 1047 3700 haec
1062 3633 1206 3700 doctores
1223 3633 1370 3714 dicimus
1400 3669 1401 3672 ¹

412 3741 486 3826 qui,
509 3739 625 3808 Christi
647 3741 817 3808 adventum
842 3747 1101 3826 praecurrentes
1124 3739 1369 3808 ecclesiasticum

411 3847 551 3916 officium
574 3845 762 3934 suscipimus
788 3853 817 3914 et
836 3847 919 3912 66611
935 3865 1048 3932 panem
1063 3847 1256 3914 comedimus
1274 3853 1311 3910 »1
1337 3847 1371 3914 Et

413 3955 591 4022 bernardus
605 3955 617 3994 1
631 3979 638 4020 :
669 3953 831 4022 «Venient
848 3961 921 4022 aute
936 3955 1075 4022 tribunal
1088 3987 1089 3990 ¹
1100 3955 1223 4034 iudicis,
1239 3953 1293 4020 ubi
1310 3953 1371 4020 erit

412 4077 588 4146 pauperum
614 4059 755 4146 allegatio
786 4059 885 4138 dura,
910 4059 1066 4126 accusatio
1091 4059 1212 4144 gravis,
1234 4077 1371 4144 quorum

412 4166 521 4234 virore
548 4165 706 4250 stipendiis
731 4181 789 4232 nec
811 4165 933 4232 diluere
955 4171 1083 4250 peccata
1099 4191 1128 4228 u.

1016 595 1535 666 166161666166611161111161
1559 595 1677 664 LUCEE
1701 595 1732 662 C.
1758 595 1792 660 l.

1441 769 1665 850 imposueritis,
1691 771 1729 838 ad
1753 769 1893 838 666116116
1908 771 2136 856 praeconiam,
2159 773 2333 840 secundnm
2363 773 2401 838 11-

1440 877 1495 944 lad
1511 876 1779 944 161666611661666
1796 877 1930 960 septimo
1942 877 1954 916 1
1966 899 1977 940 ¹:
2000 899 2014 934 a
2030 877 2111 948 Cam
2127 877 2285 946 uenissent
2301 879 2398 946 11166-

1440 985 1626 1064 salonicam,
1649 983 1704 1050 ubi
1721 989 1789 1052 erat
1807 1001 1961 1070 synagoga
1978 981 2179 1064 ludaeorum,
2201 985 2344 1050 introivit
2360 985 2398 1050 ad

1439 1105 1493 1156 666
1505 1089 1620 1156 166166
1632 1095 1661 1154 61
1677 1087 1849 1156 disserebat
1867 1087 1911 1156 616
1928 1087 1963 1154 de
1980 1087 2151 1172 scripturis
2169 1117 2198 1154 u.
2216 1125 2259 1138 -
2276 1091 2316 1154 Et
2330 1107 2399 1154 uon

1439 1193 1643 1278 receperint⁹
1665 1213 1743 1272 uos,
1759 1211 1816 1278 per
1830 1193 1972 1260 veritatis
1996 1193 2155 1270 auditum,
2174 1195 2228 1278 qui
2245 1199 2292 1258 est
2308 1211 2399 1276 prae-

1439 1297 1633 1366 dicatoribus
1655 1297 1954 1378 accommodandus,
1980 1299 2062 1366 sicut
2083 1297 2199 1366 dicitur
2226 1297 2317 1364 tertia
2340 1297 2397 1364 Ca·
2480 1349 2484 1376 2

1439 1405 1551 1470 nonlca
1573 1405 1714 1472 loannis:
1745 1429 1761 1462 <c
1776 1405 1836 1472 Nos
1852 1405 2004 1474 debemus
2018 1405 2181 1490 suscipere
2202 1403 2395 1484 huiusmodi,
2471 1439 2472 1442 =

1439 1515 1474 1576 ut
1499 1515 1716 1596 cooperatores
1740 1513 1837 1578 simus
1869 1513 2017 1580 veritatis.
2045 1511 2244 1596 Scripsissem
2265 1509 2398 1577 forsitan

1440 1615 1606 1696 Ecclesiae,
1631 1615 1686 1682 sed
1706 1615 1735 1682 is
1757 1615 1813 1700 661
1839 1621 1928 1682 amat
1949 1619 2121 1702 primatum
2142 1633 2253 1702 gerere
2276 1615 2309 1682 in
2332 1615 2396 1696 616,

1438 1721 1641 1804 9166661166,
1663 1739 1725 1786 non
1750 1721 1862 1804 recipit
1877 1739 1934 1788 nos
1949 1749 1981 1790 6,
1997 1759 2043 1774 -·-
2060 1723 2221 1788 Exeuntes
2237 1723 2271 1788 iu
2285 1721 2398 1808 platea

1438 1825 1527 1906 eius,
1553 1825 1591 1892 ad
1616 1825 1755 1894 veritatis
1771 1827 2003 1908 testimouium,
2027 1833 2158 1912 propter
2181 1829 2265 1914 66661
2281 1829 2397 1896 dicitur

1439 1933 1581 2000 Matthaei
1607 1931 1787 2000 (1661666116
1817 1959 1830 1990 α
1850 1935 1938 2020 Quod
1952 1937 2022 2002 dico
2040 1933 2127 2000 vobis
2142 1933 2175 1998 in
2192 1933 2330 2002 tenebris
2351 1935 2397 2002 di-

1437 2039 1552 2106 611616
1575 2039 1710 2118 lumine,
1736 2045 1765 2106 et
1790 2041 1875 2124 quod
1901 2039 1933 2106 io
1964 2059 2044 2110 aare
2072 2039 2188 2108 auditis
2219 2041 2412 2126 praedicate

1437 2163 1533 2230 super
1557 2153 1637 2212 tecta
1652 2171 1684 2210 a.
2044 2161 2045 2164 ’

1528 2253 1577 2316 19.
1596 2251 1697 2334 (11666.
1727 2251 1801 2332 ll).
1827 2251 2125 2322 11161161161111661
2151 2251 2317 2338 6111666616
2339 2273 2560 2340 pte-purcman

1436 2357 1536 2438 data,
1560 2359 1620 2446 qui
1640 2355 1794 2424 6611166611
1814 2359 1908 2426 nodis
1931 2363 1970 2428 de
1992 2359 2121 2428 ciuitate
2144 2369 2274 2438 uestra,
2291 2369 2395 2428 ecter-
2411 2329 2560 2440 cxliiiin‘ius.

1434 2465 1548 2554 pimus
1569 2465 1608 2532 in
1628 2485 1702 2546 aas,
1728 2473 1858 2552 propter
1883 2469 2025 2536 veritatis
2045 2473 2283 2554 contemptum,
2309 2467 2395 2554 quood

1436 2581 1485 2640 est
1516 2581 1680 2658 peccatum
1715 2575 1805 2642 valde
1839 2575 2074 2654 detestandum,
2112 2575 2287 2642 secundam
2316 2575 2397 2642 illud

1436 2681 1558 2748 loannis
1579 2679 1700 2746 decimo
1725 2679 1854 2764 quinto:
1880 2705 1897 2736 «
1916 2683 1943 2746 Si
1969 2699 2031 2748 uon
2053 2679 2206 2746 venissem
2225 2687 2254 2746 et
2271 2683 2397 2748 locutus

1436 2785 1565 2854 fuissem
1588 2785 1651 2863 616,
1676 2791 1836 2870 peccatum
1868 2803 1932 2852 nou
1964 2785 2163 2854 haberent».
2196 2785 2233 2850 Et
2254 2785 2325 2852 ideo
2355 2787 2395 2852 ad

1436 2891 1534 2958 huius
1564 2891 1668 2956 delicti
1698 2889 1935 2956 detestationem
1968 2889 2043 2958 dicit
2068 2887 2239 2974 puluerem
2272 2889 2396 2956 616161·-

1434 2995 1600 3080 pendum,
1624 2995 1704 3060 siout
1731 2995 1841 3060 Petras
1865 2993 1981 3062 Simoni
2003 2995 2138 3060 11616661
2156 3001 2287 3062 octauo:
2307 3021 2323 3054 o
2341 2997 2396 3064 Pe·
2486 3079 2490 3082 pp

1434 3099 1530 3166 onnia
1554 3105 1609 3166 tua
1624 3103 1731 3166 tecum
1752 3097 1794 3166 sit
1809 3099 1841 3164 in
1858 3099 2062 3184 perditionem
2081 3127 2111 3166 ».
2127 3139 2173 3148 -
2195 3103 2319 3166 Tamen
2336 3099 2396 3168 liae

1435 3205 2004 3294 6611616,66166666661666611111
2030 3225 2169 3292 6666666
2192 3207 2272 3286 Dei,
2295 3207 2397 3274 idest

1436 3311 1553 3378 veritas
1578 3313 1752 3398 Evangelii,
1778 3311 1950 3380 secandum
1976 3311 2052 3380 illud
2075 3313 2221 3382 ltlatthaei
2244 3315 2396 3400 vigesimo

1435 3423 1569 3502 quarto:
1591 3445 1609 3476 u
1625 3417 1860 3484 Praedicahitur
1874 3417 1933 3484 hoo
1951 3417 2154 3502 Evangelinm
2170 3419 2257 3506 regni
2276 3421 2305 3486 in
2323 3421 2396 3488 uni-

1435 3541 1528 3592 verso
1558 3525 1634 3592 orbe
1659 3525 1687 3590 in
1714 3523 1927 3592 testimonium
1955 3523 2102 3592 omnibus
2124 3527 2272 3610 gentibus
2292 3553 2326 3606 a,
2357 3533 2396 3592 ut

1435 3627 1544 3694 nullas
1565 3629 1665 3712 possit
1684 3645 1720 3696 se
1743 3647 1800 3712 per
1832 3629 2040 3714 ignorantiam
2071 3647 2235 3696 excusare.
2262 3633 2297 3696 Et
2320 3649 2396 3716 pro-

1434 3741 1560 3820 pterea,
1585 3741 1620 3802 ut
1645 3735 1704 3800 hoc
1735 3733 1860 3820 publiea
1883 3735 1955 3814 fiat,
1979 3735 2066 3802 iubet
2091 3737 2125 3802 iu
2146 3735 2266 3822 plateis
2288 3745 2395 3802 66166·-

1433 3841 1509 3928 6666
1529 3841 1719 3926 puluerem,
1742 3833 1839 3926 saper
1856 3859 1920 3926 quo
1934 3841 2009 3908 dicit
2026 3841 2232 3928 Hieronymus
2246 3843 2290 3922 1³,
2306 3843 2393 3930 qaod

1434 3949 1494 4014 hoo
1518 3949 1606 4016 iubet
1633 3973 1650 4006 a
1667 3949 1698 4012 in
1722 3947 1955 4028 testimonium,
1976 3949 2058 4034 quod
2076 3949 2266 4034 praedicatio
2282 3967 2394 4018 eorum

1434 4055 1616 4138 peruenerit
1647 4071 1748 4138 usqae
1781 4053 1818 4120 ad
1850 4052 1932 4120 illam
1967 4053 2122 4122 civitatem
2140 4081 2170 4120 a.
2205 4057 2240 4122 Et
2264 4057 2306 4120 ita
2330 4075 2393 4122 non

1434 4159 1551 4228 habent
1574 4159 1807 4228 arcuationem
1832 4161 1869 4228 da
1895 4159 2085 4228 infidelitate.

1525 4267 1577 4332 20.
1603 4267 1781 4334 Secundum
1795 4267 2007 4350 spirituatem
2024 4273 2127 4334 autem
2146 4267 2394 4352 intellipentiatu
2423 4285 2533 4342 Expostulo

504 4273 555 4338 18.
572 4273 675 4354 (11666.
701 4269 776 4354 10.).
795 4271 834 4336 16
851 4271 1117 4362 6661666666661
1138 4269 1303 4336 ciuitatem
1319 4269 1370 4336 in-

247 4401 277 4444 na
293 4399 392 4444 aarum·
412 4379 591 4450 oraveritis.
617 4381 686 4446 Post
708 4377 959 4444 informationem
978 4377 1279 4462 66666616161611661
1296 4377 1371 4444 sub-
1399 4373 1400 4376 ’

254 4459 497 4554 1111111166
527 4483 725 4572 informatio
755 4491 905 4568 respectu
935 4483 1125 4564 rebellium,
1160 4483 1242 4552 61666
1274 4501 1369 4570 quiam

265 4559 318 4602 lium
337 4563 383 4602 tau·

254 4617 332 4666 guum
348 4591 474 4658 6661166
497 4589 761 4658 introducuntur:
788 4587 925 4674 primum
941 4593 990 4656 est
1004 4589 1194 4654 contestatio
1220 4589 1370 4654 ueritatis

2132 4375 2139 4386 .
2366 4375 2373 4386 .
2416 4341 2541 4394 spiritualis.

1431 4373 1530 4458 pedes
1547 4373 1781 4458 Apostolorum
1796 4381 1869 4440 sunt
1885 4375 2017 4440 allectus
2033 4373 2302 4458 praedicatorum,
2320 4393 2393 4460 qur·
2411 4393 2496 4490 arrasia
2513 4393 2559 4450 pnr-

1433 4479 1494 4546 bus
1519 4477 1636 4564 triplex
1660 4477 1764 4564 pulvis
1787 4477 1950 4546 consuevit
1973 4479 2160 4558 adhaerere,
2183 4477 2301 4546 scilicet
2318 4479 2393 4546 ina-
2483 4465 2504 4490 ''

1433 4587 1488 4652 nis
1509 4585 1658 4672 partae,
1680 4585 1721 4654 de
1747 4603 1811 4672 qao
1835 4587 1866 4652 in
1891 4585 2013 4654 Psalmo
2027 4587 2070 4650 ¹⁴:
2098 4585 2267 4682 «Glcriam
2289 4603 2394 4652 meam

413 4697 584 4784 anrtpelii
596 4749 606 4776 ,
640 4695 816 4764 secuudum
854 4701 900 4762 est
933 4695 1149 4762 comminatio
1184 4695 1370 4762 seueritatis

413 4803 540 4872 iudicii.

390 4923 393 4928 ·
500 4911 605 4978 Primo
626 4909 725 4996 igitur
747 4915 902 4994 quantum
931 4909 970 4976 ad
996 4909 1262 4976 contestationem
1286 4907 1370 4974 aeri·
1399 4911 1400 4954 3

268 5035 389 5090 Deprtaa.
413 5017 490 5082 tatis
518 5015 690 5100 anoopeiit'
713 5015 851 5082 dicitur:
874 5017 916 5080 16
938 5033 1182 5102 quatacumque
1206 5013 1369 5080 civitatem

482 5303 491 5334 ¹
510 5305 547 5356 ltu
564 5305 643 5356 etiam
663 5305 740 5358 Eord.
758 5307 850 5368 lingo,
868 5307 897 5356 B.
917 5305 1029 5374 albert,
1047 5305 1180 5376 Gauranos
1199 5311 1226 5358 61
1237 5305 1368 5370 Lyranus3

412 5393 540 5458 Vulgata,
557 5391 579 5444 ll
600 5396 624 5444 et
644 5395 700 5446 Vnt
721 5389 959 5460 appropinquavit.
1399 5421 1400 5426 κ

483 5475 492 5510 1
512 5479 575 5544 Cap.
597 5481 621 5530 9.
638 5493 666 5532 n.
684 5469 764 5530 3.-
777 5481 901 5542 Ι1116666661
920 5493 976 5546 seq.
995 5493 1046 5532 non
1059 5479 1211 5532 invenimus
1222 5499 1228 5542 ;
1247 5486 1369 5534 notentur
1399 5503 1401 5508 ‘

413 5565 495 5620 verba
513 5567 543 5620 Β.
561 5567 674 5630 albert,
692 5565 721 5618 in
738 5567 800 5620 Luc.
822 5569 869 5632 lo,
890 5567 923 5618 9:
946 5567 1039 5620 6111611
1057 5573 1146 5620 tamen
1164 5569 1254 5620 Glossa
1268 5565 1369 5620 interti-
1399 5567 1400 5638 ξ

412 5653 516 5720 neuris,
545 5671 614 5722 quae
632 5653 801 5722 mupisiraiis
821 5661 873 5722 661,
892 5657 967 5722 qood
985 5669 1098 5722 regnum
1117 5659 1251 5710 caelorum
1272 5663 1310 5710 est
1328 5659 1369 5710 661

412 5743 544 5810 Christus,
554 5745 598 5796 661
611 5745 664 5796 6116
677 5749 797 5810 aeterna,
809 5747 852 5798 661
864 5745 999 5810 Scriptura
1014 5765 1039 5798 a.
1060 5745 1112 5800 Ct'r.
1127 5753 1216 5800 tamen
1228 5747 1319 5800 Glossa
1334 5747 1368 5800 in·
1398 5799 1399 5802 ,

407 5825 562 5888 'tactuum
583 5835 608 5886 in
627 5835 715 5886 llatth.
735 5833 764 5898 1,
785 5835 835 5886 176
862 5833 1099 5904 appropinqua-cit
1113 5833 1247 5904 [tyranus
1268 5839 1369 5904 Appro·
1398 5851 1399 5854 ¹

407 5919 563 5992 piopaobil]
583 5921 655 5978 euim
672 5935 789 5992 6666666
807 5923 964 5990 caetorum,
992 5925 1022 5976 id
1047 5931 1089 5978 est
1107 5923 1227 5978 Christus
1244 5925 1292 5992 qul
1308 5925 1368 5990 dat,
1398 5949 1399 5954 .

412 6013 453 6064 661
473 6011 600 6078 Ecclesia,
623 6013 668 6066 cui
685 6013 848 6076 promissum
866 6019 907 6066 est
923 6021 950 6064 et
968 6021 1098 6078 paratum.
1116 6015 1250 6082 Glossam‚
1271 6017 1296 6068 in
1316 6029 1368 6080 qua

411 6115 524 6166 regnam
551 6103 601 6154 Dei
629 6101 726 6154 dicitur
756 6102 923 6166 intelligentia
956 6103 1162 6170 scripturaram,
1195 6103 1259 6156 ride
1288 6115 1367 6168 supra

402 6203 474 6256 ,pag
493 6189 558 6252 too,
578 6193 636 6242 noia
659 6189 701 6240 to.

481 6271 492 6304 1
511 6277 649 6340 Versat,
668 6281 729 6340 post
745 6287 827 6344 quem
846 6279 927 6342 apoc.
950 6277 996 6344 19,
1018 6277 1106 6328 111-
1120 6279 1168 6330 966
1187 6279 1368 6346 1166666666-

407 6363 549 6436 pinquarit
568 6365 612 6434 (116
631 6363 693 6432 co)
716 6367 772 6418 961.
795 6367 860 6420 Vere
878 6365 1155 6436 appropinpnaocrat.
1397 6353 1398 6356 '

480 6451 492 6484 1
512 6455 587 6508 Vers.
607 6455 650 6508 10.
666 6483 702 6494 -
721 6455 845 6524 Sequitur
861 6453 917 6508 Col.
941 6457 965 6522 1,
985 6457 1033 6522 13,
1052 6457 1080 6508 16
1097 6455 1171 6508 66166
1190 6455 1243 6508 line
1258 6457 1368 6520 Vulgata
1397 6509 1398 6514 .

410 6549 435 6598 61
454 6545 514 6598 Vct.
533 6541 677 6600 dilectionis
696 6559 772 6598 suae.

480 6631 491 6664 1
510 6633 581 6688 Libr.
599 6635 678 6688 XXll.
699 6635 787 6688 lloral.
804 6647 828 6688 c.
848 6633 892 6686 22.
911 6647 935 6684 6.
958 6633 1008 6688 516
1028 6633 1097 6700 Quid
1115 6635 1149 6686 ad
1169 6635 1234 6688 haec
1258 6647 1308 6686 nos
1327 6645 1370 6696 pa·

410 6729 492 6778 stores
511 6723 624 6778 dioimos'
644 6731 691 6778 616.
710 6753 744 6764 -
764 6721 891 6790 Superius
910 6721 1071 6786 orontius
1089 6721 1224 6790 condipna
1242 6719 1369 6778 11611666

410 6811 501 6882 digne,
521 6815 603 6870 imnao
621 6811 744 6880 16611666,
767 6817 825 6866 Vat.
842 6809 934 6864 minas
954 6811 1064 6866 iactast
1083 6811 1200 6880 isdipue.
1247 6815 1248 6818 ’

480 6897 492 6930 1
512 6903 699 6956 Declamation.
718 6901 774 6970 (etr.
793 6913 873 6966 supra
894 6913 957 6964 pag.
975 6901 1039 6966 118,
1058 6907 1119 6952 nota
1134 6901 1169 6968 8.)
1184 6901 1254 6954 XVl.
1271 6913 1297 6952 n.
1319 6899 1369 6952 to:

1433 4693 1468 4760 in
1490 4693 1655 4778 pulverem
1676 4693 1809 4760 deducat
1825 4717 1857 4774 »;
1888 4691 2130 4780 inelipnctioais
2159 4699 2189 4758 et
2219 4693 2395 4778 impatien-

1399 4843 1401 4874 .
1433 4799 1519 4876 tiae,
1542 4799 1582 4866 de
1603 4817 1668 4884 quo
1691 4799 1847 4866 llichaeae
1868 4799 2024 4884 septimo:
2050 4823 2067 4856 «
2083 4797 2213 4882 lingent
2227 4797 2394 4882 pulverem

1432 4905 1517 4972 sicut
1539 4921 1668 4990 serpens
1684 4931 1716 4984 »;
1738 4903 1932 4990 cupiditatis
1956 4913 1982 4972 et
2007 4903 2192 4982 66666166,
2218 4903 2393 4970 secundam

1433 5009 1513 5076 illud
1529 5009 1732 5076 Ecclesiastioi
1756 5011 1905 5092 vigesimo
1926 5011 2082 5094 septimo:
2111 5035 2128 5068 6
2146 5009 2175 5074 16
2201 5023 2394 5092 6666666666

1434 5303 1559 5364 Venient,
1579 5303 1683 5356 venient
1697 5307 1756 5356 aute
1769 5299 1881 5354 tribunal
1895 5301 1986 5356 Christi
1999 5323 2006 5366 ;
2024 5303 2145 5354 audietur
2158 5301 2317 5368 populorum
2330 5315 2394 5368 que·

1432 5393 1485 5444 6616
1505 5391 1608 5456 gravis,
1628 5391 1761 5444 accusatio
1780 5391 1992 5458 dura-cuorum
2015 5395 2064 5444 616.

1504 5473 1515 5506 1
1534 5479 1587 5532 Cle.
1604 5493 1683 5544 supra
1705 5493 1766 5546 pag.
1784 5479 1850 5546 1111,
1869 5485 1929 5532 nola
1951 5483 1976 5532 2.

1504 5563 1608 5620 19666.
1631 5569 1654 5620 t.
1673 5569 1741 5620 611.
1762 5595 1795 5608 -
1816 5569 1943 5632 Superius
1970 5567 2223 5636 666166666661661
2243 5569 2393 5622 9616611111

1430 5655 1656 5726 praedicantium.
1901 5663 1903 5668 '

1504 5743 1516 5776 ⁹
1534 5749 1568 5800 lta
1589 5747 1666 5800 etiam
1686 5749 1772 5814 Beda,
1790 5749 1820 5800 B.
1838 5749 1936 5800 albert.
1955 5755 1980 5800 ot
1998 5751 2148 5812 Gerraicus
2167 5749 2190 5798 H
2208 5751 2234 5798 et
2255 5747 2313 5798 Vnt.
2329 5761 2391 5800 cum

1433 5835 1543 5900 Vulgata
1573 5835 1759 5904 susceperint,
1785 5839 1833 5890 616.
1856 5851 1938 5902 supra
1963 5839 1993 5900 9,
2015 5839 2037 5890 5.
2056 5863 2092 5878 ·-
2112 5835 2228 5890 Subinde
2248 5835 2392 5900 allegantur

1433 5925 1472 5978 111.
1490 5927 1559 5978 locta.
1580 5941 1605 5978 6.
1626 5925 1738 5978 11611.

1505 6011 1527 6040 ¹⁰
1546 6013 1620 6064 Vers.
1641 6013 1683 6064 11.
1704 6041 1737 6052 -
1757 6013 1883 6078 Superius
1901 6019 1960 6078 6661
1978 6011 2159 6066 testimouium
2180 6015 2237 6068 Vat.
2261 6013 2334 6064 addit
2357 6015 2391 6066 ta·

1397 6105 1398 6108 ’
1429 6099 1613 6172 silicernium.

1505 6187 1526 6218 11
1544 6187 1662 6242 Verbum
1683 6187 1767 6242 Dicite
1778 6189 1805 6240 in
1819 6189 1929 6254 Vulgata
1949 6189 2061 6252 66611661
2078 6187 2111 6240 ad
2126 6205 2151 6242 v.
2168 6189 2215 6254 19,
2228 6201 2298 6256 quoae
2311 6187 2391 6240 etiam

1432 6273 1543 6328 subinde
1563 6275 1658 6328 omittit
1676 6289 1736 6328 6666
1757 6277 1778 6326 11
1796 6275 1900 6328 etVat.
1917 6271 2032 6340 pariunt,
2057 6275 2128 6340 quod
2147 6279 2235 6326 tamen
2255 6273 2401 6326 cohibetur¹

1430 6379 1449 6416 6
1468 6365 1496 6416 o.
1515 6363 1619 6416 alberto
1639 6367 1663 6414 et
1681 6367 1709 6416 S.
1728 6365 1832 6416 Thomu
1849 6361 1917 6428 (Cat.
1937 6375 2015 6414 aurea
2034 6361 2061 6412 in
2078 6357 2141 6414 Luc.
2160 6363 2204 6414 19.
2221 6375 2250 6416 n.
2270 6361 2307 6430 3.)
2318 6381 2325 6424 ;
2344 6363 2391 6412 616.

1433 6465 1514 6518 supra
1533 6453 1564 6518 9,
1584 6453 1608 6504 5.
1626 6479 1662 6492 =-
1683 6453 1739 6504 1166
1759 6465 1833 6520 seqq.
1851 6451 1901 6502 1661
1918 6449 2289 6512 ,66611666.15,11.61661.
2304 6451 2331 6514 8,
2346 6451 2391 6502 20.
2448 6447 2451 6454 ’

1505 6537 1597 6594 111116.
1616 6553 1697 6604 supra
1715 6547 1776 6592 nota
1796 6541 1821 6592 1.
1838 6565 1876 6580 -··
1892 6535 2017 6604 56661166
2035 6539 2124 6590 11161111.
2143 6535 2186 6598 11,
2206 6535 2250 6590 tt.

1505 6627 1527 6660 11
1545 6631 1614 6682 Vide
1634 6643 1713 6694 sopra
1732 6643 1794 6694 pag.
1815 6627 1881 6694 119,
1899 6631 1988 6676 notam
2009 6625 2031 6676 9.

1506 6715 1527 6748 11
1545 6719 1640 6772 1166166.
1658 6717 1691 6782 11,
1709 6719 1734 6768 a.
1754 6717 1805 6770 Clu.
1823 6727 1902 6778 snpra
1922 6725 1946 6764 6.
1962 6713 2068 6764 9169.
2084 6711 2112 6762 in
2125 6713 2186 6764 1166.
2197 6739 2234 6752 -
2246 6715 2303 6766 1166
2315 6727 2391 6780 seqq.

1433 6805 1482 6860 loci
1501 6807 1653 6860 6661111611.
1672 6805 1703 6870 7,
1724 6801 1904 6856 1161116611.
1924 6799 1971 6862 11,
1991 6799 2016 6848 d.
