5908 8266
571 657 633 722 l20

568 833 673 916 leprae
701 851 796 898 mann
828 851 886 900 sua
916 838 948 898 et
976 839 1100 900 sanaret
1134 851 1184 900 me
1201 859 1230 898 a.
1265 833 1322 898 Sed
1355 837 1440 900 certe
1463 851 1526 900 non

566 945 613 1006 θεῖ
638 939 846 1024 repugnantia
867 939 1040 1022 Prophetae
1063 945 1101 1004 et'
1116 939 1257 1016 Domini,
1281 939 1356 1022 quia
1373 939 1527 1022 Propheta

567 1043 728 1112 subiectas
751 1051 819 1112 erat
842 1043 930 1130 Legi,
956 1051 987 1112 et
1010 1043 1080 1110 ideo
1102 1043 1206 1110 noluit
1237 1048 1385 1128 tangere,
1414 1061 1455 1110 ae
1477 1061 1526 1110 se-

568 1151 707 1218 cundum
730 1151 841 1236 Legem
865 1151 957 1216 deret
977 1149 1179 1228 immundus:
1205 1149 1344 1214 Salvator
1368 1151 1446 1214 vero
1472 1167 1526 1214 su-

568 1273 627 1342 pra
651 1255 762 1340 Legem
781 1265 870 1336 erat,
895 1259 925 1322 et
949 1255 1018 1322 ideo
1051 1255 1225 1322 secundam
1251 1255 1361 1340 Legem
1391 1253 1527 1320 immun-

568 1361 675 1430 didam
700 1378 762 1428 non
785 1361 990 1430 contrahebat
1021 1367 1051 1428 et
1080 1361 1192 1446 Legem
1215 1377 1369 1426 evacuare
1392 1365 1525 1442 poterat,

567 1473 599 1534 et
621 1467 690 1536 ideo
714 1469 867 1552 tangebat.
884 1503 927 1516 —-
951 1467 994 1534 dd
1011 1467 1232 1532 insinuandum
1258 1483 1332 1532 vero
1344 1467 1525 1550 potentiora

566 1571 708 1640 additur:
731 1573 868 1640 Dicens:
900 1573 993 1640 Volo:
1017 1573 1192 1640 nceadore.
1216 1573 1251 1638 ln
1271 1589 1335 1656 quo
1357 1573 1469 1640 asserit
1493 1589 1524 1638 se

568 1679 664 1756 velle,
689 1683 719 1744 θῖ
742 1679 909 1766 praecipit,
947 1685 981 1744 nt
1016 1677 1205 1760 mundetur,
1234 1677 1312 1762 quia
1339 1683 1445 1742 tautae
1477 1681 1526 1744 est

568 1783 740 1868 potentiae,
764 1791 799 1850 ut
822 1783 897 1850 aelle
920 1783 1010 1850 silei
1038 1803 1136 1868 posse
1161 1781 1293 1868 fecere:
1325 1781 1419 1850 lsaiae
1448 1801 1525 1868 qua-

466 1955 467 1958 ,
568 1889 742 1974 dragesimo
766 1891 899 1958 sexto1:
920 1889 1119 1956 «Consilium
1136 1907 1241 1958 meum
1259 1888 1362 1968 stabit,
1379 1897 1408 1956 et
1424 1889 1525 1956 omnis

567 1993 712 2060 voluntas
734 2013 804 2076 mea
827 1997 881 2062 liet
895 2023 925 2060 ».
951 1995 1080 2062 Volebat
1101 2003 1207 2062 autem
1236 1995 1305 2060 eins
1338 1995 1524 2062 munditiam

568 2117 630 2166 noa
653 2105 716 2164 mm
741 2102 935 2186 corporalem
959 2119 1054 2188 qnam
1079 2101 1289 2186 spiritualem
1307 2099 1391 2166 unde
1405 2101 1525 2186 primae

568 2205 606 2272 ad
631 2207 920 2276 Thessalonicenses
944 2215 1074 2292 quarto:
1105 2233 1121 2266 «
1137 2207 1216 2276 llaec
1232 2213 1279 2274 θεῖ
1295 2207 1440 2276 voluntas
1454 2207 1524 2274 bei:

570 2311 771 2378 sanctificatio
796 2319 899 2380 vestra
914 2339 947 2376 a.
970 2349 1013 2362 -
1037 2313 1080 2378 nd
1115 2311 1332 2378 insinuandam
1357 2329 1434 2378 vero
1459 2311 1525 2402 osd-

570 2417 699 2484 cociam
722 2417 844 2486 subdit:
872 2419 910 2484 Εῖ
933 2415 1103 2504 confestim
1128 2417 1220 2504 lepre
1237 2417 1385 2486 discessit
1400 2417 1442 2486 ab
1457 2417 1524 2498 illo,

569 2529 605 2588 nt
628 2523 705 2588 nihil
728 2531 810 2590 esset
832 2525 969 2590 medium
994 2525 1075 2592 inter
1098 2525 1217 2592 dictum
1242 2531 1272 2590 et
1295 2523 1430 2604 factum:
1452 2525 1526 2590 «di-

569 2627 618 2696 xit
641 2629 742 2708 enirn,
765 2639 797 2698 et
819 2631 900 2698 lacta
930 2631 1027 2696 sunt2
1044 2657 1074 2696 a.
1107 2631 1206 2696 Verbo
1238 2629 1334 2716 igitur
1370 2637 1400 2696 θῖ
1436 2639 1526 2698 taeta

570 2735 708 2814 curavit,
734 2743 769 2804 at
792 2737 970 2804 ostenderet
995 2755 1027 2804 se
1058 2737 1198 2804 Verbum
1235 2755 1362 2804 carnem
1389 2737 1524 2816 lactum;

568 2839 664 2906 aerbo
688 2841 780 2908 etiam
805 2847 835 2910 et
860 2849 948 2908 tuctu
972 2843 1114 2922 curavit,
1139 2849 1175 2908 ut
1196 2849 1324 2910 curaret
1347 2843 1481 2912 interius
1496 2851 1526 2912 θῖ

569 2945 726 3026 casterium
741 2949 834 3014 ‘ande
857 2949 980 3016 loannis
1007 2951 1156 3034 septimo:
1187 2975 1202 3008 «
1219 2951 1330 3016 Totum
1367 2949 1526 3016 hominem

569 3071 681 3120 sanum
707 3053 765 3120 ieci
782 3081 798 3114 »
826 3061 884 3124 etc.
911 3055 947 3122 Εῖ
970 3055 999 3122 in
1026 3055 1123 3122 buius
1145 3057 1191 3122 rei
1216 3055 1431 3122 testimonium
1453 3073 1528 3122 con-

569 3165 704 3226 currunt
739 3161 776 3226 ad
812 3161 1048 3228 Sacramentum
1083 3161 1216 3228 verbum
1252 3161 1371 3246 pariter
1407 3169 1437 3228 θῖ
1465 3161 1527 3228 θῖθ-

570 3271 711 3332 mentum
725 3267 747 3332 ⁸.

659 3375 711 3438 29.
738 3373 837 3458 (Vers.
866 3373 938 3460 lle).
965 3375 1003 3440 Et
1035 3373 1104 3460 ipse
1128 3373 1298 3460 proecepit
1319 3373 1386 3452 vtes,
1412 3383 1448 3440 ct
1472 3369 1527 3440 rte-

404 3495 469 3558 cpa
485 3477 654 3544 eruar-mint
677 3477 804 3542 diceret.
827 3479 898 3546 Post
930 3479 1125 3546 curationem
1156 3479 1257 3544 morbi
1291 3479 1452 3564 subiungit
1476 3479 1527 3546 hie

420 3547 763 3670 iibtld¹³uvangcvtsra
787 3583 1004 3650 eruditionem
1040 3585 1164 3650 caroli
1187 3587 1284 3652 Docet
1306 3591 1413 3652 autem
1436 3585 1527 3650 Chri-

569 3695 637 3758 stus
668 3691 826 3776 leprosum
862 3697 1008 3758 curatum
1044 3695 1074 3758 θῖ
1107 3691 1137 3756 in
1163 3709 1198 3758 eo
1234 3691 1407 3776 quemlibet
1428 3691 1526 3758 alium

569 3797 646 3864 tria:
671 3797 807 3882 primum
833 3803 897 3878 est,
922 3797 1005 3884 quod
1030 3815 1092 3864 non
1115 3803 1163 3864 est
1178 3799 1406 3886 praeterendum
1426 3817 1527 3884 proe-

569 3905 704 3974 coniena
728 3905 858 3982 tendis:
874 3905 1065 3986 secundum,
1083 3905 1167 3992 quad
1183 3923 1245 3972 nan
1262 3913 1308 3974 est
1325 3915 1528 3974 conterraneu-

569 4013 651 4080 dcnn
674 4009 818 4100 officialia
841 4011 1046 4102 sucerdotis:
1067 4013 1195 4078 tertium
1221 4019 1283 4090 θεῖ,
1299 4013 1384 4098 quod
1401 4031 1464 4078 non
1480 4019 1528 4080 est
1565 4011 1566 4014 ’

565 4119 848 4204 praetereundum
877 4117 1077 4208 rnondutcnn
1110 4119 1215 4206 Lepta.
1238 4119 1377 4186 Primum
1411 4119 1527 4186 horum

569 4225 675 4312 dirigit
697 4223 924 4304 distentionem,-
947 4223 1139 4304 secundnm,
1163 4223 1386 4314 affectionem
1410 4219 1440 4292 et
1464 4231 1527 4292 ter·

570 4331 649 4398 tium
673 4331 796 4416 regulat
818 4331 1050 4418 operationem.
1562 4325 1565 4334 “

659 4435 770 4502 Erudit
791 4435 888 4522 igitur
911 4437 1030 4522 prime,
1053 4437 1139 4522 quod
1163 4437 1384 4522 praeconium
1415 4435 1528 4502 inradia

447 4555 550 4602 Primum·
569 4563 636 4610 non
659 4551 706 4610 est
726 4545 973 4630 quaerendum,
998 4561 1071 4610 cum
1095 4543 1187 4610 dicit:
1214 4545 1252 4610 Εῖ
1275 4543 1345 4628 lpse
1356 4541 1528 4628 proecepit

569 4649 636 4730 illi,
662 4655 699 4714 at
720 4649 846 4718 nemini
866 4649 996 4718 eliceret.
1022 4649 1084 4718 lloc
1106 4669 1168 4716 non
1193 4649 1284 4730 dicit,
1309 4649 1384 4736 quia
1414 4649 1525 4730 vellet,

416 1481 547 1530 Secundam.

641 4961 651 4994 ¹
665 4963 738 5016 Vers.
754 4965 763 5014 l
771 4963 794 5014 0.
807 4991 844 5002 -
857 4961 973 5014 Subinde
985 4963 1112 5026 allegatur
1125 4963 1143 5014 l.
1159 4963 1250 5028 Thess.
1266 4963 1294 5030 l,
1315 4965 1338 5016 3.
1352 4991 1389 5004 -·-
1400 4965 1527 5030 Superius

571 5067 619 5118 pro
635 5047 772 5120 praecipit
785 5051 805 5102 Α
817 5049 867 5102 CD
883 5049 1029 5120 proecepit.

641 5137 765 5192 'Psalm
785 5141 834 5204 32,
851 5141 876 5192 9.
896 5139 1028 5204 ambros,
1056 5141 1103 5194 loc.
1129 5141 1170 5192 cit.
1199 5155 1222 5192 n.
1243 5141 1272 5192 3:
1290 5141 1355 5192 Nihil
1379 5141 1449 5194 enirn
1474 5153 1526 5192 me

570 5229 645 5284 dium
662 5233 703 5282 est
719 5229 785 5282 inter
803 5243 872 5294 opus
892 5229 936 5282 bei
956 5233 1034 5296 atque
1053 5235 1240 5296 praeceptum,
1260 5231 1322 5296 qnia
1341 5231 1367 5282 in
1385 5235 1526 5296 praecepto

571 5325 609 5372 est
627 5333 703 5384 opus.
722 5317 840 5386 Denique
852 5315 934 5384 dreit,
949 5321 974 5374 et
989 5319 1064 5388 fectu
1082 5321 1153 5374 scint.
1173 5321 1275 5372 Videtis
1286 5321 1379 5388 igitur,
1392 5319 1464 5388 quod
1477 5321 1524 5372 du·

572 5407 648 5460 bitari
664 5421 717 5460 non
735 5411 836 5472 potest,
853 5409 916 5474 qnia
935 5411 1056 5462 voluntas
1076 5409 1122 5462 Dei
1150 5415 1265 5474 potestas
1283 5415 1330 5462 est.
1349 5439 1384 5448 -
1402 5409 1525 5476 Sequitur

572 5497 639 5548 loan.
658 5495 690 5558 7,
710 5495 752 5546 23.
834 5537 836 5544 ,

642 5579 652 5612 ⁸
670 5583 792 5648 braeost,
812 5585 838 5638 in
857 5587 927 5638 loan.
946 5587 1045 5648 Evaag.
1065 5591 1095 5638 tr.
1117 5585 1158 5636 80.
1178 5599 1206 5638 n.
1223 5585 1253 5638 3:
1273 5585 1385 5640 Detrahe
1403 5585 1524 5652 verbum,

572 5675 595 5724 et
613 5669 678 5738 quid
698 5675 735 5722 est
754 5687 822 5738 aqua
839 5673 891 5726 nisi
908 5673 1122 5740 aquatf‘hccedit
1139 5661 1482 5740 ve1·brvmadclementnm‚
1502 5679 1526 5728 θῖ

571 5759 598 5812 tit
617 5761 825 5816 Sacramentum.
844 5759 896 5816 Clr.
923 5763 966 5816 lV.
995 5765 1066 5814 sont.
1085 5761 1121 5814 lit.
1144 5761 1272 5826 Magistri,
1293 5765 1320 5814 d.
1339 5765 1377 5816 ill.
1403 5777 1428 5816 c.
1450 5765 1473 5816 t.
1491 5789 1525 5802 «-

571 5849 698 5914 Superius
714 5861 764 5914 pro
782 5853 952 5906 concurrunt
968 5849 990 5900 A
1001 5849 1051 5902 cb
1071 5855 1276 5904 conte-urrerem.

641 5933 652 5966 ⁴
672 5939 745 5990 Vers.
766 5935 814 5992 ts:
832 5939 864 5992 m
877 5939 917 5990 ille
931 5951 1053 6002 egressus
1066 5939 1153 6002 coepit
1164 5939 1317 6004 praedicare
1329 5945 1377 5992 etc.
1390 5969 1426 5980 —
1439 5939 1525 5992 Verba

571 6029 656 6082 Bedae
674 6025 804 6082 habentur
822 6029 849 6082 ll.
869 6029 894 6082 in
912 6029 975 6080 Luc.
995 6027 1022 6094 5,
1049 6029 1087 6080 la.
1104 6033 1131 6080 et
1147 6029 1296 6080 referuntur
1315 6041 1329 6080 a
1348 6029 1438 6082 Glossa
1456 6027 1525 6082 ardi-

571 6115 651 6172 curia
668 6119 695 6170 iu
713 6119 776 6170 Luc.
796 6119 825 6182 5,
844 6119 891 6184 ll,
909 6119 939 6170 in
956 6131 1008 6184 qvva
1027 6119 1107 6170 etiam
1125 6117 1239 6172 occurrit
1256 6119 1382 6170 sententia
1394 6117 1524 6170 Ambrosii

572 6205 597 6274 (a
615 6209 717 6272 Lyrano
735 6205 858 6260 tribuitur
877 6205 1000 6274 Hileiam·
1018 6209 1065 6260 etr.
1090 6207 1185 6272 Strab,
1203 6207 1230 6260 in
1258 6209 1335 6260 llarc.
1357 6209 1382 6274 l,
1402 6207 1451 6272 ld,
1479 6207 1524 6260 ubi

570 6293 660 6350 tribuit
679 6293 776 6362 Redde,
800 6295 846 6364 qui
864 6297 957 6350 sumsit
976 6311 1034 6348 eam
1048 6311 1077 6350 ex
1091 6295 1239 6362 Ambrosia,
1254 6297 1285 6348 V.
1300 6297 1324 6346 in
1343 6297 1405 6350 Luc.
1425 6311 1451 6348 n.
1473 6295 1524 6364 5.):

570 6383 650 6438 Docet
668 6399 719 6438 non
737 6385 871 6452 vulganda
898 6389 987 6440 nostra
1014 6371 1149 6448 beneficia,
1169 6385 1215 6436 sed
1241 6385 1446 6452 premendam
1472 6399 1525 6438 non

570 6475 655 6526 solum
675 6487 690 6526 a
707 6477 830 6530 mercede
848 6473 1025 6528 abstineamus
1044 6473 1187 6538 pectrniae,
1205 6473 1349 6526 sedetiam
1370 6475 1477 6538 gratiae.
1492 6475 1526 6526 la·

571 6563 664 6614 ctamia
683 6563 762 6616 vitata
782 6563 855 6628 lacit,
875 6579 907 6618 ne
926 6565 998 6626 lepra
1016 6563 1100 6626 possit
1127 6563 1237 6614 transire
1255 6563 1281 6614 in
1301 6561 1441 6616 medicum.
1465 6563 1526 6614 ldeo

570 6651 648 6704 etiam
667 6653 811 6716 imperatur
828 6653 975 6712 silentium,
994 6651 1056 6718 qnia
1068 6651 1189 6704 meliores
1208 6655 1324 6716 pvvtaret,
1343 6651 1389 6716 qai
1408 6651 1460 6704 ilde
1474 6665 1526 6702 ma·

571 6739 612 6806 gis
638 6745 795 6806 spontanea,
818 6755 899 6808 quam
925 6739 970 6806 qui
998 6739 1110 6804 speratis
1131 6739 1266 6792 beneficiis
1285 6737 1466 6792 credidissent.
1491 6767 1526 6778 -

572 6827 697 6892 Superius
716 6839 765 6892 pro
784 6827 849 6898 patin
868 6827 943 6882 vellet
961 6827 1010 6880 BC
1031 6827 1097 6896 qnia
1115 6827 1205 6882 nollet.

640 6911 651 6944 ⁵
671 6915 746 6968 Vera
766 6917 808 6970 l2.
827 6945 863 6956 -
881 6913 1004 6984 Sequitur
1022 6915 1087 6968 Gen.
1109 6917 1156 6980 22,
1176 6917 1200 6968 2.

640 7001 763 7058 ὃΗοιῖιὶῖ,
783 7007 827 7058 2l.
849 7007 874 7058 in
892 7005 980 7058 llatth.
1000 7003 1059 7070 (Op.
1080 7001 1251 7070 imperfecti:
1263 7005 1320 7058 Nou
1340 7001 1418 7058 dixit:
1438 7001 1527 7068 Vade,

1169 659 1360 724 COMMENT.
1388 659 1422 724 ΙΝ
1447 659 1684 726 EVANGELIUM
1708 659 1824 728 tuelle
1848 659 1880 724 C.
1905 661 1941 724 V.

1589 833 1674 918 qaod
1698 833 1749 900 ille
1773 833 1993 914 condiceret,
2018 833 2158 898 cantilla
2183 833 2302 920 ubique
2319 833 2546 918 praedicaverit

1590 939 1666 1016 hoc,
1692 941 1773 1006 sicut
1795 939 1911 1006 dicitnr
1944 935 2035 1004 llarci
2069 937 2213 1022 prim04;
2243 939 2294 1004 sed
2324 939 2454 1006 instruit
2488 957 2545 1008 suo

1589 1047 1735 1130 exemplo
1760 1045 1884 1112 laudem
1907 1045 2015 1112 vitare.
2031 1045 2118 1112 Unde
2134 1043 2226 1112 Beda:
2252 1045 2336 1110 «Dat
2351 1047 2545 1130 exemplum,

1589 1157 1626 1214 nt
1649 1151 1698 1214 sui
1720 1151 1752 1214 in
1777 1151 1915 1234 magnis,
1941 1167 2022 1234 quae
2053 1149 2190 1228 iaciunt,
2223 1151 2322 1216 latere
2351 1149 2465 1228 veliat;
2492 1153 2545 1220 sed

1589 1259 1627 1320 ut
1649 1255 1770 1338 prosint
1792 1253 1880 1334 aliis,
1902 1253 2077 1338 prodantur
2099 1253 2189 1318 inviti
2205 1279 2235 1318 ».
2262 1253 2322 1320 lloc
2354 1255 2448 1322 etiam
2470 1253 2547 1322 dicit

1589 1359 1771 1428 Ambrosius
1794 1361 1826 1428 in
1849 1361 1965 1426 Glossa.

1679 1467 1730 1532 30.
1757 1467 1839 1532 Unde
1864 1471 1954 1544 uota,
1977 1465 2063 1550 quod
2085 1469 2133 1532 est
2147 1471 2350 1550 praeceptum
2369 1465 2545 1532 exsecutio·
2560 1485 2704 1550 crassatus

1587 1571 1659 1648 rtis,
1678 1571 1760 1638 sicut
1774 1569 1873 1636 Exodi
1888 1569 2036 1656 vigesimo
2049 1569 2079 1634 5:
2102 1595 2119 1628 «
2131 1571 2253 1636 Honora
2268 1577 2389 1652 patrem
2407 1575 2499 1636 tuum
2511 1597 2543 1652 »3
2576 1543 2695 1592 ‘’mm''

1588 1681 1620 1742 et
1638 1673 1863 1760 probotionis,
1887 1682 1923 1740 nt
1957 1681 2161 1760 praeceptum
2196 1675 2337 1742 abranae
2372 1675 2411 1742 de
2434 1675 2546 1742 immo·
2637 1739 2639 1746 .

1587 1781 1681 1848 lando
1696 1781 1773 1860 lilio,
1790 1781 1917 1850 Genesis
1940 1781 2088 1868 vigesimo
2113 1781 2262 1862 secundm
2288 1787 2318 1850 et
2342 1789 2546 1868 praeceptum

1588 1887 1835 1968 emerentianis,
1861 1887 1941 1954 sicut
1964 1887 2024 1954 hic.
2051 1887 2136 1952 Unde
2151 1905 2212 1952 non
2230 1889 2370 1970 peccavit
2392 1889 2454 1968 hic,
2472 1907 2546 1958 cum

1587 2011 1701 2060 nomen
1724 1995 1794 2062 eius
1815 1993 1996 2080 divulgavit.
2013 2029 2055 2044 -
2078 1993 2346 2078 Chrysostonsus6
2370 2001 2474 2060 nmen
2497 1996 2544 2062 di·
2559 2001 2734 2076 civiacus:

1588 2101 1647 2180 cit,
1672 2099 1756 2186 qaod
1778 2107 1982 2184 praeceptam
2015 2099 2091 2180 fait,
2118 2099 2171 2166 sed
2193 2099 2233 2164 ad
2264 2107 2389 2186 temper
2415 2105 2544 2186 propter
2586 2069 2681 2110 mm

1589 2209 1760 2286 cautelam,
1785 2225 1837 2286 ne,
1864 2207 1887 2274 si
1912 2207 1993 2274 forte
2014 2207 2190 2292 sacerdotes
2205 2207 2353 2274 audirent
2368 2209 2471 2294 ipsum
2489 2227 2546 2294 per

1588 2313 1749 2380 Christum
1780 2321 1947 2392 curatum,
1982 2333 2043 2378 non
2078 2311 2255 2396 reciperent
2286 2331 2359 2380 eum
2396 2321 2545 2402 tanquam

1589 2419 1760 2498 mundum,
1778 2417 1903 2504 quando
1925 2437 1956 2486 se
1973 2419 2016 2486 eis
2033 2423 2263 2504 praesentaret,
2282 2427 2411 2504 propter
2426 2421 2545 2504 odiam,

1589 2525 1674 2612 quod
1697 2523 1854 2592 habebant
1876 2525 1916 2592 ad
1938 2525 2108 2594 Christum.
2123 2515 2175 2572 ἶ-
2198 2525 2322 2594 Primus
2347 2532 2450 2594 tamen
2481 2543 2706 2606 moauaauanu.

1589 2633 1648 2696 dus
1673 2629 1788 2696 rectior
1811 2631 1953 2712 videtur,
1979 2633 2052 2718 quia
2081 2633 2140 2698 hnc
2166 2631 2375 2716 praecipiebat
2399 2629 2468 2698 aliis
2498 2631 2545 2698 ia·
2594 2599 2667 2642 ‘⁸⁰³⁵'

1589 2735 1706 2816 firmis,
1733 2737 1785 2822 qui
1810 2745 1915 2822 tarraen
1937 2739 2013 2804 illud
2039 2757 2101 2804 non
2123 2739 2346 2816 observabant,
2369 2735 2544 2804 secundum

1590 2843 1675 2930 qnod
1697 2843 1813 2910 dicitur
1835 2845 1929 2910 llarci
1953 2843 2111 2928 septimo⁷
2134 2843 2173 2908 de
2196 2843 2294 2910 surdo
2324 2849 2356 2910 et
2378 2849 2467 2908 muto
2490 2861 2545 2910 cu-

1589 2957 1675 3016 rato:
1705 2951 1860 3032 «Quanto
1883 2949 1980 3034 magis
2003 2951 2074 3034 plus
2099 2947 2322 3032 praecipiebat,
2340 2955 2425 3016 tanto
2447 2951 2544 3034 magis

1590 3057 1662 3140 plus
1684 3055 1951 3140 praedicabant».
1979 3057 2013 3122 Et
2037 3063 2136 3134 recte,
2161 3055 2251 3140 quia,
2270 3055 2442 3124 secuudum
2460 3057 2544 3140 quod

1589 3161 1704 3228 dicitur
1733 3161 1887 3228 secundae
1917 3161 1956 3228 ad
1979 3161 2157 3228 Corinthios
2178 3161 2381 3242 duodecima,
2413 3189 2427 3220 r
2444 3179 2502 3248 ego
2527 3185 2544 3230 a

1590 3267 1677 3334 vobis
1708 3267 1802 3334 debui
1832 3269 2044 3336 commendari
2056 3293 2087 3346 »3
2122 3285 2156 3334 εθ
2189 3273 2294 3336 autem
2331 3287 2422 3336 nemo
2453 3269 2545 3338 debet

1590 3371 1734 3452 laudare,
1749 3371 1807 3440 nisi
1824 3373 2007 3440 necessitate
2031 3373 2130 3440 aliena
2154 3375 2352 3458 compulsum
2368 3373 2452 3440 unde
2468 3375 2546 3458 lipo-

1590 3479 1702 3544 stolus:
1733 3505 1747 3536 «
1764 3479 1874 3562 Pactus
1898 3497 1969 3548 sum
1992 3479 2159 3564 insipiens,
2182 3497 2238 3546 vos
2270 3497 2319 3548 me
2354 3481 2497 3566 coegistis
2515 3509 2543 3548 i.

1592 3585 1661 3650 ldeo
1679 3585 1800 3650 dicebat
1815 3605 1850 3650 se
1865 3585 2070 3670 insipientem
2094 3583 2238 3672 facttum,
2257 3587 2332 3672 quia
2348 3593 2457 3654 contra
2472 3605 2545 3652 con-

1590 3693 1694 3758 silium
1719 3691 1865 3776 sapientis
1889 3691 1997 3758 iecisse
2021 3691 2201 3770 videbatur3
2233 3693 2474 3760 Proverbiorum
2501 3693 2545 3758 vi-

1590 3799 1706 3886 gesimo
1723 3797 1866 3884 septimo:
1899 3797 2046 3866 «Laudet
2062 3797 2244 3878 toalleam,
2263 3805 2292 3868 et
2309 3819 2370 3866 non
2388 3817 2421 3866 os
2439 3807 2544 3884 tuum,

1591 3912 1781 3984 extranens,
1804 3915 1836 3974 et
1858 3925 1920 3974 non
1946 3907 2026 3974 labia
2049 3911 2104 3974 tua
2119 3933 2151 3970 a.

1679 4013 1731 4080 3l.
1757 4013 1866 4078 Erudit
1890 4013 1981 4078 etiam
2006 4013 2160 4092 secunde,
2177 4013 2263 4098 qnod
2279 4013 2424 4100 officium
2440 4033 2546 4082 secer·
2564 4025 2688 4070 sennium·

1590 4119 1675 4186 dotis
1698 4137 1765 4184 non
1787 4127 1834 4184 est
1856 4119 2144 4196 contemnendum,
2168 4135 2240 4184 cum
2257 4119 2354 4186 addit:
2374 4121 2436 4188 Sed
2451 4121 2543 4200 cede,

1591 4223 1719 4292 ostende
1742 4231 1773 4292 te
1793 4223 2062 4302 sacerdotalem:
2087 4223 2159 4310 quia
2182 4241 2292 4292 eornm
2317 4225 2454 4294 officium
2477 4235 2545 4294 erat

1591 4331 1764 4399 secundom
1799 4331 1910 4416 Legem
1943 4331 2082 4416 leprosos
2104 4331 2217 4398 eiicere
2244 4338 2275 4398 θῖ
2311 4325 2476 4400 mundatas
2500 4349 2546 4400 re·

1591 4439 1712 4524 cipere,
1735 4437 1908 4506 secundnm
1933 4439 2016 4524 qnod
2039 4437 2155 4504 dicitur
2189 4439 2314 4504 Levitici
2338 4439 2458 4506 decimo
2481 4445 2544 4506 ter-

1589 4541 1633 4610 tio
1656 4553 1686 4610 et
1710 4543 1830 4610 decimo
1851 4549 1965 4628 quarto
1989 4545 2079 4628 quasi
2106 4561 2162 4628 per
2196 4549 2304 4610 totum.
2337 4545 2407 4610 ldeo
2438 4549 2543 4612 autem

1591 4649 1650 4718 hoc
1681 4651 1819 4718 officium
1854 4651 1959 4738 leprae
1994 4651 2214 4720 discernendae
2249 4651 2475 4718 sacerdotibus
2499 4657 2545 4718 est

1589 4965 1700 5018 ostende
1717 4969 1743 5016 ῖθ
1762 4963 1957 5026 sacerdotibus,
1976 4971 2002 5016 θῖ
2019 4965 2119 5016 nemini
2137 4963 2247 5028 dixeriS,
2265 4967 2313 5018 sed
2330 4967 2432 5030 primo:
2446 4965 2544 5018 nemini

1589 5051 1698 5118 dixeris,
1715 5057 1740 5104 et
1763 5053 1848 5118 vade,
1878 5051 1984 5106 ostende
2010 5057 2042 5104 te.
2068 5051 2124 5104 Non
2142 5051 2210 5104 enim
2230 5065 2334 5120 semper
2359 5053 2445 5118 iubet,
2473 5053 2544 5108 illum

1589 5147 1690 5206 tacere,
1709 5141 1756 5194 sed
1773 5141 1899 5208 quarndia
1920 5141 2039 5196 ostendat
2059 5155 2085 5194 se
2104 5141 2298 5208 sacerdotibus,
2312 5157 2344 5194 ne
2359 5145 2437 5210 torte,
2450 5141 2472 5194 si
2486 5147 2546 5196 ante

1589 5231 1665 5284 alicui
1685 5233 1831 5294 nuntiaret,
1850 5231 1885 5282 de
1902 5229 1986 5284 verbo
2009 5231 2036 5282 in
2066 5231 2177 5284 verbnm
2204 5231 2325 5284 audirent
2350 5231 2500 5284 sacerdotes
2517 5237 2544 5286 et

1589 5321 1755 5374 occasionem
1774 5319 1898 5372 hahentes
1916 5321 2026 5386 leprae,
2037 5325 2145 5386 propter
2164 5321 2255 5372 odium
2268 5327 2295 5374 et
2307 5321 2454 5374 inimicitias
2474 5321 2547 5376 Chri-

1589 5409 1620 5460 sti
1640 5409 1797 5474 expellereat
1815 5423 1876 5462 enm
1895 5409 1930 5462 de
1948 5409 2047 5472 populo
2066 5407 2139 5474 quasi
2159 5409 2372 5476 leprosum,non
2390 5407 2547 5474 recipientes

1590 5495 1755 5548 mundatum.
1773 5495 1835 5556 ldeo
1854 5509 1915 5548 enm
1936 5495 2007 5546 isabel
2024 5497 2119 5546 offerre
2136 5507 2259 5562 munera,
2279 5501 2316 5562 nt,
2334 5495 2356 5548 si
2376 5497 2546 5560 postmodam

1589 5579 1686 5638 vellent
1703 5597 1765 5638 envn
1784 5585 1924 5650 expellere,
1948 5585 2048 5636 diceret
2074 5583 2126 5636 eis:
2150 5585 2256 5636 ltlrrnera
2284 5585 2393 5652 quasia
2420 5585 2546 5638 mundato

1589 5675 1753 5738 suscepistis,
1766 5679 1791 5728 et
1805 5675 1938 5740 quomodo
1957 5687 2000 5726 me
2018 5673 2092 5740 quasi
2112 5673 2246 5738 leprosum
2258 5675 2401 5738 expellitis?
2415 5679 2463 5726 etc.
2477 5675 2545 5730 Vide

1589 5765 1678 5814 lamen
1695 5759 1841 5828 genuinum
1869 5761 2055 5828 expositionem
2082 5759 2214 5826 Chrysost.
2242 5761 2265 5814 in
2295 5765 2381 5816 llatth.
2407 5765 2478 5816 hom.
2502 5765 2546 5818 25.

1590 5849 1663 5916 (alias
1684 5849 1737 5918 26.)
1757 5867 1782 5904 u.
1803 5853 1831 5902 2:
1859 5849 1970 5916 Qrvidam
2000 5849 2101 5912 dicunt,
2121 5849 2179 5904 ideo
2207 5851 2278 5904 illum
2308 5851 2487 5918 praecepisse,
2516 5861 2546 5906 ut

1589 5939 1687 5992 nemini
1705 5939 1816 6002 diceret,
1834 5953 1868 5994 ne
1886 5939 2001 6002 maligne
2018 5945 2127 6002 egerent
2138 5939 2207 5992 circa
2227 5939 2403 5992 rrvrrndatioais
2423 5955 2545 6010 examen3

1589 6029 1637 6082 sed
1656 6031 1720 6080 baec
1746 6029 1894 6094 insipienter
1924 6027 2068 6080 admodum
2096 6029 2270 6092 suspicantur.
2299 6029 2388 6098 Neque
2416 6029 2485 6082 enim
2510 6031 2547 6086 ita

1589 6115 1743 6180 mundavit,
1761 6119 1791 6168 ut
1808 6113 1900 6182 aliquis
1920 6121 2036 6166 maneret
2054 6115 2086 6166 de
2111 6115 2282 6168 mundatione
2307 6117 2445 6170 dubitandi
2465 6119 2546 6186 locuS,

1589 6203 1636 6258 sed
1655 6203 1754 6278 nemini
1774 6205 1863 6256 dicere
1879 6203 1960 6270 iubet,
1982 6203 2094 6266 doeens,
2113 6209 2140 6256 nt
2165 6205 2264 6256 atastu
2284 6209 2309 6258 et
2327 6201 2472 6258 ambitione
2489 6203 2548 6260 abs·

1589 6293 1703 6346 tineatuc
1723 6299 1770 6346 etc.
1790 6321 1824 6332 --
1844 6293 1951 6344 interius
1971 6297 2030 6356 post
2054 6293 2184 6362 tcrvqnora
2211 6291 2347 6346 ntundnan
2371 6293 2431 6346 Vat.
2458 6307 2546 6358 prose-

1589 6381 1692 6448 quitur:
1711 6381 1737 6436 sr'
1754 6395 1815 6434 enat
1833 6395 1852 6432 a
1871 6377 1975 6434 Cbrz'rto
1994 6383 2121 6434 caretum
2139 6383 2202 6434 onte
2220 6379 2400 6446 audivissent,
2420 6395 2502 6450 qaum
2515 6395 2544 6436 se

1590 6469 1842 6542 repraesentaret
1869 6473 1927 6532 etc,
1954 6467 1991 6520 D:
2008 6467 2035 6520 si
2051 6481 2080 6520 eo
2101 6467 2123 6536 [t
2143 6468 2256 6535 enm]o
2285 6467 2390 6524 Chresto
2417 6473 2545 6524 eurotam

1590 6559 1697 6630 pascardo
1717 6557 1857 6624 eadberct,
1877 6555 1984 6624 qnando
2002 6569 2031 6610 se
2049 6555 2085 6608 eis
2105 6563 2154 6608 etc.

1661 6645 1671 6680 ⁷
1691 6651 1763 6702 Vers.
1784 6647 1826 6698 36.
1844 6673 1879 6686 -·
1898 6647 1955 6699 Duo
1975 6659 2049 6712 seqq.
2066 6645 2115 6698 loci
2132 6651 2193 6698 sunt
2211 6647 2238 6698 ll.
2252 6647 2310 6702 Cor.
2329 6649 2372 6710 l2,
2389 6649 2397 6698 l
2408 6649 2433 6700 l:
2453 6649 2545 6702 Factus

1589 6751 1649 6792 snm
1669 6737 1804 6802 insipiens,
1822 6749 1872 6786 vos
1891 6747 1933 6784 me
1952 6733 2081 6796 coegistis.
2102 6735 2156 6800 Ego
2175 6735 2243 6786 enim
2264 6751 2279 6788 a
2298 6737 2374 6788 vobis
2387 6743 2448 6802 etc.;
2469 6739 2545 6790 Prov.

1590 6825 1637 6892 at,
1658 6829 1682 6878 2.
1700 6851 1737 6864 -
1754 6821 1862 6876 interius
1880 6835 1929 6884 pro
1947 6819 2102 6876 necessitate
2118 6821 2208 6878 aliene
2229 6823 2286 6878 Vnt
2305 6823 2460 6880 seccessitntc
2478 6823 2540 6878 otte·

1590 6927 1641 6968 noe
1659 6911 1764 6970 selectis.

1661 7001 1672 7032 ⁸
1690 7001 1803 7064 Vulgata
1821 6995 1965 7052 sacerdoti.
