5908 8266
543 559 591 638 lili¹
1148 577 1341 648 COlllleNT.
1368 581 1404 646 lN
1427 579 1665 646 brabantina
1690 581 1806 650 lucta
1829 587 1862 650 C.
1887 587 1920 652 ll.

541 749 580 820 bt
566 749 766 836 iprocessio.
797 749 885 818 Unde
914 755 997 824 sicut
1019 755 1128 824 eodem
1159 755 1251 840 spirit
1252 777 1274 824 u
1304 757 1406 836 venit,
1438 773 1540 842 quor

541 857 679 938 Simeon,
703 857 746 924 ita
769 863 799 926 99
823 859 932 926 eodem
955 861 1070 946 spiritu
1091 863 1309 946 prophetavit;
1333 869 1364 928 et
1392 863 1539 948 imple

541 971 609 1032 tum
633 971 680 1032 est
703 963 779 1030 illud
803 963 863 1030 loel
887 967 1068 1034 secundo¹:
1096 993 1112 1026 9
1130 967 1165 1034 Et
1189 967 1423 1052 prophetabunt
1410 967 1540 1034 99999,

540 1069 692 1138 vostrist
680 1067 811 1148 tliliae,
834 1089 927 1140 senes
948 1073 1043 1142 vestri
1070 1073 1203 1142 visiones
1224 1073 1379 1142 videbunt
1364 1081 1407 1140 t»
1441 1079 1505 1142 etc..

539 1175 681 1244 99999999
705 1175 855 1248 Simeonis
879 1179 1053 1246 testificatio
1077 1181 1224 1264 explicite
1253 1181 1443 1246 describitur
1469 1187 1505 1246 et·
1538 1173 1540 1234 ἶ

539 1277 597 1366 per
620 1283 747 1350 modam
779 1283 1035 1366 praedicationis,
1056 1285 1159 1352 honae
1183 1301 1259 1352 vcro
1288 1283 1440 1368 implicite
1469 1291 1501 1352 99

539 1405 596 1472 per.
620 1387 981 1468 ruodumcoufessiouis,
1007 1391 1080 1474 quia
1102 1389 1215 1456 docere
1231 1389 1262 1454 iu
1287 1391 1422 1458 Ecclesia
1438 1407 1500 1454 non

513 1535 515 1538 -
540 1499 590 1562 est
609 1493 801 1570 mulierum„
819 1493 871 1562 sed
896 1493 1056 1572 virorum;
1088 1493 1209 1578 primae
1231 1493 1271 1560 ad
1301 1493 1501 1560 Timotheum

541 1599 677 1668 99999999
691 1601 720 1664 2:
750 1625 766 1658 9
781 1599 900 1664 Docere
923 1599 1075 1664 mulieres
1096 1617 1157 1664 non
1184 1601 1332 1684 permitto
1354 1601 1386 1666 ln
1402 1600 1500 1666 eccle-

392 1727 525 1776 rounam
539 1705 586 1774 sia
607 1691 711 1790 neque
733 1703 887 1772 dominari
910 1703 943 1770 in
966 1705 1072 1770 virurn
1088 1731 1118 1770 9.
1136 1741 1181 1754 --
1196 1705 1232 1770 Et
1256 1703 1447 1790 nola,quod
1461 1705 1501 1772 de

539 1811 663 1886 Christo
679 1811 945 1896 prophetaverant
960 1809 1083 1876 Simeon
1099 1817 1132 1874 et
1147 1809 1324 1886 Zacharias
1337 1809 1425 1894 virgo
1438 1811 1501 1874 lla·

540 1919 592 1986 ria
610 1925 642 1984 et
666 1917 822 1984 Elisabeth
839 1917 984 2000 copulata
1000 1915 1161 2000 coniugio;
1187 1923 1217 1982 et
1232 1917 1302 1982 ideo
1323 1933 1499 2000 congruum

539 2029 600 2102 999,
617 2023 702 2108 quod
723 2023 891 2108 prophetet
905 2027 937 2088 99
953 2021 1061 2102 vidua,
1078 2039 1117 2088 uo
1133 2019 1238 2106 aliqua
1255 2021 1404 2106 professio
1419 2021 1505 2088 desit.

538 2135 594 2200 aut
616 2147 723 2198 sexus.

629 2237 680 2300 88.
707 2231 833 2300 Ratione
848 2249 924 2300 vero
940 2231 1165 2300 99999999999999
1181 2231 1408 2300 9999999999
1424 2231 1499 2300 999-

374 2329 526 2426 9999999-
537 2339 642 2406 ditur:
667 2343 708 2406 Et
722 2337 915 2426 loquelatur
932 2339 969 2402 de
986 2337 1040 2402 illo
1065 2337 1236 2414 99999999,
1254 2339 1313 2426 qui
1333 2345 1499 2422 exspecta-

373 2417 618 2514 liilliilf'l'oum
641 2443 894 2530 redemptionem
916 2443 1032 2508 lsrael.
1059 2441 1103 2506 llli
1127 2443 1209 2510 enim
1235 2443 1368 2510 libenter
1391 2443 1499 2510 audie·

537 2553 630 2630 baut,
652 2551 735 2618 unde
767 2548 909 2616 dicebant
932 2549 1010 2614 illud
1041 2547 1137 2614 lsaiae
1158 2549 1309 2634 vigesimo
1338 2549 1497 2634 quinto:

543 2685 558 2716 9
576 2657 665 2736 Ecce,
684 2655 834 2722 Dominus
851 2655 934 2720 Deus
950 2661 1072 2732 noster,
1088 2657 1340 2738 exspectavimus
1355 2673 1447 2734 euin,
1466 2663 1505 2722 et.

538 2765 669 2832 salvabit
693 2781 749 2828 nos
767 2789 794 2826 >›.
822 2763 882 2826 lam
902 2765 1036 2846 ,poterat
1059 2761 1241 2830 decantare:
1271 2761 1498 2848 «Redemptio

537 2887 607 2938 nem
633 2869 717 2936 misit
738 2867 892 2934 Dominus
921 2869 1038 2952 populo
1063 2885 1120 2936 sno
1144 2895 1173 2934 9.
1208 2867 1368 2936 0999999999
1391 2869 1498 2958 loque-

537 2975 649 3054 datnr,
681 2973 756 3058 quia
777 2971 815 3042 in⁴
841 2973 901 3038 boc
925 2973 1080 3058 pendebat
1109 2975 1195 3042 salus
1217 2975 1380 3056 omnium;
1402 2975 1498 3040 lsaiae

537 3079 776 3168 quadragesimo
813 3097 915 3146 nono:
947 3107 961 3138 9
981 3081 1019 3146 Et
1053 3081 1130 3146 sciet
1163 3083 1266 3148 omnis
1300 3099 1388 3162 caro,
1423 3081 1499 3166 quia

536 3205 594 3274 ego
616 3175 768 3254 Dominus
790 3187 913 3254 salvans
945 3195 974 3254 te
1007 3193 1036 3254 et
1073 3187 1253 3272 redemptor
1284 3195 1377 3266 tuus,
1407 3187 1498 3254 tortis

536 3293 672 3370 996099.

626 3401 677 3466 89.
705 3401 739 3466 99
763 3405 835 3464 nota
858 3399 909 3466 bic
924 3399 1160 3484 spiritualiter,
1186 3401 1270 3484 quod
1292 3401 1326 3464 in
1341 3399 1497 3466 oblatione

395 3525 507 3590 9999999
536 3505 659 3572 Domini
683 3511 821 3590 quatuor
843 3523 996 3590 personae
1023 3503 1209 3584 adfuerunt,
1234 3505 1350 3572 scilicet
1382 3503 1497 3590 loseph

370 3581 522 3690 dilllillil
535 3617 566 3678 et
599 3611 731 3690 illaria,
769 3609 898 3676 Simeon
932 3617 964 3676 et
999 3611 1119 3690 Artrvo,
1154 3611 1229 3696 quia
1265 3611 1382 3692 anima,
1415 3629 1500 3698 quae

380 3695 522 3784 illiniti
534 3735 645 3784 verum
680 3715 869 3784 sacrificium
905 3717 972 3782 vult
1004 3717 1118 3784 olferre
1149 3717 1234 3796 Dec,
1259 3717 1350 3784 debet
1380 3719 1498 3784 habere

380 3793 521 3890 {sparum
536 3823 717 3890 couritatum
752 3829 888 3908 quatuor
908 3823 1079 3902 ,virtutum
1114 3823 1330 3890 cardinalium.
1358 3825 1416 3890 Per
1447 3821 1498 3888 Si-

535 3949 678 3998 99999999
714 3947 867 4014 namque,
902 3929 957 4016 qui
993 3929 1221 4014 interpretatur
1254 3929 1413 4010 99999999,
1451 3929 1497 3994 in-

535 4037 687 4124 telligitur
707 4037 909 4122 prudentia·
945 4035 1188 4104 proverbiorum
1218 4037 1369 4122 primori
1399 4061 1413 4094 9
1436 4037 1497 4102 99-

535 4145 625 4212 diens
646 4145 786 4232 sapiens,
818 4141 986 4226 sapientior
1010 4141 1071 4208 erit
1094 4169 1125 4208 9.
1151 4143 1209 4210 Per
1242 4145 1377 4208 Annam
1405 4161 1496 4222 vero,

536 4267 617 4336 quae
650 4249 878 4334 interpretatur
913 4247 1048 4334 pratia,
1088 4247 1275 4334 intelligitur
1305 4255 1481 4334 Ι9999999999
1459 4267 1497 4314 9-

536 4355 600 4436 tia;
624 4357 663 4424 ad
686 4357 844 4424 Hebraeos
863 4355 974 4422 ultimo
986 4353 1015 4418 ⁵:
1037 4379 1053 4412 9
1070 4353 1232 4438 Optimum
1256 4359 1302 4422 est
1319 4355 1418 4440 gratia
1435 4361 1497 4422 sta-

536 4463 628 4534 bilire
656 4481 723 4544 cor,
747 4481 810 4530 non
837 4461 916 4532 escis
932 4487 963 4528 9.
986 4463 1044 4528 Per
1073 4459 1205 4546 loseph,
1228 4461 1335 4528 virum
1361 4461 1497 4540 iustum,

536 4571 591 4656 qui
615 4571 841 4654 interpretatur
864 4577 1103 4656 deprecatura,
1132 4567 1317 4654 intelligitur
1347 4565 1497 4644 99999999;

608 4953 618 4984 ¹
638 4955 717 5008 vers..
731 4955 775 5006 98.
792 4981 829 4994 --
847 4953 956 5006 interius
968 4967 1017 5018 pro
1027 4951 1237 5020 praedicationis
1258 4955 1275 5004 F
1296 4953 1328 5022 (D
1346 4967 1361 5004 a
1382 4953 1497 5006 secunda

539 5041 630 5110 manvi)
647 5039 848 5112 praedictionis.

607 5129 618 5158 2
640 5131 713 5184 Vers.
734 5133 775 5182 99.
795 5159 830 5168 -
848 5127 965 5180 Subinde
983 5127 1158 5192 respiciuntur
1178 5125 1261 5180 verba
1278 5127 1410 5190 Anauros,
1425 5129 1452 5180 ll.
1470 5129 1497 5180 in

537 5221 600 5272 Luc.
618 5235 646 5272 n.
665 5221 714 5272 62:
732 5219 900 5282 prophetavit
922 5217 1013 5284 itaquo
1037 5217 1158 5282 Simeon,
1177 5219 1383 5282 prophetaverat
1399 5217 1497 5282 Virga,

537 5309 742 5372 prophetaverat
765 5307 885 5370 copulata
909 5305 1048 5370 coniugio,
1069 5303 1159 5358 debuit
1177 5305 1258 5356 etiam
1277 5305 1372 5370 vidua,
1392 5317 1425 5356 ne
1445 5319 1497 5372 qua

538 5403 583 5450 aut
600 5397 726 5462 professio
746 5395 863 5458 deesset,
883 5399 927 5446 aut
946 5407 1032 5448 99999.

608 5483 619 5516 ³
643 5489 714 5540 ders.
727 5487 755 5538 9.
767 5513 802 5524 —
815 5487 873 5538 Duo
887 5497 960 5550 seqq.
973 5483 1022 5536 loci
1035 5489 1096 5536 suut
1107 5485 1149 5536 99.
1164 5485 1190 5536 tv
1199 5483 1226 5550 0,
1241 5485 1269 5538 9.
1279 5489 1305 5536 99
1317 5483 1373 5534 lsai.
1388 5483 1435 5546 99,
1455 5483 1497 5536 96.

608 5569 620 5600 ⁴
641 5573 713 5626 Vers.
732 5573 758 5624 5.
776 5597 810 5612 ψ-
829 5573 943 5632 Hieron.‚
962 5571 1029 5624 Lib.
1047 5571 1082 5624 de
1109 5571 1242 5624 Novninib.
1268 5569 1415 5636 Hebraicis,
1435 5573 1498 5626 novi

539 5665 684 5714 9999999999.
704 5663 802 5712 Lucae:
822 5657 946 5724 Simeon,
974 5657 1097 5720 9999999,
1118 5661 1159 5712 vel
1178 5659 1279 5712 audivit
1305 5659 1443 5714 tristitiam.
1462 5687 1499 5700 ·-

539 5749 666 5816 Superins
683 5763 732 5812 pro
752 5745 903 5816 9999999999
920 5747 977 5798 Vnt.
997 5747 1125 5816 offerant.

608 5835 619 5864 ⁵
639 5837 714 5890 Vers.
732 5837 813 5888 8.-
830 5837 867 5888 De
887 5835 1098 5898 interpretatione
1118 5837 1230 5888 nominis
1250 5837 1339 5934 Annae
1358 5839 1404 5890 cir.
1417 5851 1497 5902 snpra

537 5941 600 5992 pag.
620 5927 666 5990 69,
685 5931 745 5978 nota
720 5925 808 5978 999

608 6011 718 6070 ⁶llers.
733 6015 831 6066 ta-
832 6013 961 6074 Hieron,
978 6011 1035 6066 Lib.
1055 6011 1089 6064 de
1116 6011 1248 6064 Nominib.
1276 6011 1425 6076 Hebraicis,
1445 6019 1497 6068 vet.

538 6109 684 6158 testament.
705 6105 737 6158 de
756 6101 869 6156 Genesi:
891 6099 999 6170 loseplv,
1023 6107 1204 6164 augmentum.
1222 6099 1274 6152 Cir.
1293 6101 1358 6154 ibid.
1380 6101 1443 6152 aovi
1460 6107 1499 6154 te-

538 6197 659 6248 stament.
677 6193 711 6244 dc
728 6193 870 6244 llattbaeo:
890 6187 994 6258 losoplv,
1015 6191 1150 6256 apposuit,
1169 6191 1225 6242 sive
1246 6203 1391 6254 apponens.
1416 6197 1441 6218 Χ

608 6275 619 6308 ⁷
641 6281 719 6334 Vers..
732 6281 780 6332 39..
794 6307 831 6320 ·-
848 6281 894 6334 De
905 6279 1117 6344 interpretatione
1145 6279 1261 6332 nominis
1278 6279 1374 6332 blaviae
1392 6281 1438 6332 999.
1457 6293 1498 6330 su·

539 6383 587 6434 pra
604 6383 666 6436 pag.
686 6371 734 6432 99,
754 6371 814 6420 uota
836 6369 879 6420 td.
896 6395 931 6406 ·-
950 6365 1068 6422 subinde
1087 6369 1213 6434 allegatur
1232 6369 1293 6434 Sap.
1316 6371 1345 6432 8,
1364 6367 1390 6420 7.

584 6479 589 6488 ·
609 6455 620 6486 ⁸
641 6459 716 6514 9999.
734 6457 832 6512 99.-
849 6457 1001 6522 Sequuntur
1020 6455 1099 6508 ludio.
1119 6455 1149 6520 9,
1169 6457 1194 6508 i.
1212 6461 1238 6508 et
1257 6457 1298 6508 lv.
1319 6459 1385 6522 aeg.
1397 6457 1441 6518 99,
1456 6455 1464 6506 9
1472 6455 1497 6506 9.

538 6575 580 6590 -ι
596 6549 711 6614 Hieron,
737 6545 793 6598 Lib.
815 6547 849 6600 de
876 6543 1007 6598 Nominib.
1034 6545 1184 6608 Hebraicis,
1209 6551 1262 6598 vet.
1290 6551 1437 6598 testament.
1464 6545 1499 6596 de

538 6635 585 6690 lib.
602 6637 703 6692 ludica„
715 6631 851 6698 9999999,
871 6635 943 6700 apis,
962 6635 1005 6686 vel
1022 6635 1125 6700 loquax.
1144 6635 1209 6688 ibid.
1223 6635 1258 6688 de
1270 6635 1307 6686 lll.
1322 6635 1401 6700 Regu:
1418 6631 1497 6698 Dida,

539 6725 696 6790 destructio,
715 6725 771 6778 sive
788 6723 1094 6792 diverticulumlsidoa,
1108 6725 1159 6776 Vll.
1172 6725 1321 6790 litvmolog.
1333 6737 1354 6776 c.
1370 6725 1395 6776 6.
1406 6737 1434 6774 n.
1449 6721 1497 6774 53:

539 6813 675 6878 Debboro,
696 6815 767 6878 apis,
785 6815 829 6866 vel
846 6813 955 6878 loquax.
968 6815 1046 6878 Apis,
1067 6815 1128 6880 quia
1142 6813 1189 6866 iuit
1201 6815 1235 6866 ad
1247 6813 1345 6866 bellum
1358 6811 1502 6878 promptis·-

539 6903 620 6970 sima,
640 6903 767 6956 dimicans
785 6899 913 6954 adversus
933 6901 1061 6968 59999999
1080 6917 1134 6968 quo
1157 6905 1310 6968 perempto,
1329 6901 1422 6954 cecinit
1440 6913 1498 6950 cau-

1538 757 1717 824 secundae
1733 757 1771 824 ad
1795 759 1971 826 Corinthios
1988 761 2113 826 nonni:
2142 787 2158 820 «
2175 759 2390 842 llultiplicabit
2414 777 2520 826 semen

1538 867 1704 928 vestrum
1726 869 1758 928 et
1779 863 1906 948 augebit
1931 863 2123 932 incrementa
2147 867 2291 948 trogum
2309 863 2443 930 iustitiae
2468 881 2520 928 ve·

1538 1009 1539 1014 9
1564 975 1646 1036 99999
1658 995 1689 1034 9.
1705 971 1764 1036 Per
1778 969 1943 1048 99999999,
1958 989 2040 1054 quae
2055 971 2282 1054 interpretatur
2296 965 2526 1046 9999999999,1

1538 1093 1550 1166 J
1563 1073 1747 1160 intelligitur
1767 1073 1949 1158 fortitudo,
1973 1073 2214 1144 proverbiorum
2242 1073 2362 1140 decimo
2384 1079 2475 1138 sexto
2489 1073 2518 1136 ⁷:

1569 1179 1706 1250 vllelior
1741 1187 1788 1248 est
1823 1181 1943 1264 patiens
1976 1181 2045 1248 viro
2068 1179 2139 1246 lorti
2157 1207 2187 1244 ».
2223 1181 2266 1244 De
2300 1177 2349 1244 bis
2381 1183 2519 1262 quatuor

1564 1285 1735 1354 virtutibus
1773 1285 1947 1370 Sapientiae
1986 1289 2095 1352 octavo
2132 1287 2163 1352 in
2195 1283 2319 1352 laudem
2351 1283 2517 1350 scribitur:

1568 1391 1805 1456 «sobrictatem
1827 1391 1909 1456 enirn
1935 1397 1965 1456 et
1989 1391 2187 1474 prudentiam
2202 1391 2292 1456 docet
2315 1394 2346 1454 99
2369 1387 2524 1454 instituam

1539 1583 1540 1586 ξ
1565 1505 1594 1566 99
1618 1495 1766 1562 virtutem
1782 1521 1815 1560 9.
1843 1533 1884 1542 -
1913 1495 1950 1560 Et
1972 1495 2050 1562 hacc
2072 1493 2234 1580 designant
2222 1499 2274 1560 999
2297 1509 2352 1576 per
2382 1497 2519 1576 quatuor
2534 1501 2625 1570 999999
2637 1511 2672 1562 us

1564 1603 1775 1688 prophetissas
1815 1601 1983 1680 mulieres,
2021 1601 2060 1668 de
2097 1601 2296 1686 quibust
2260 1599 2296 1664 lit
2331 1601 2461 1666 mentio
2488 1559 2678 1666 ῑῐ1999999,

1564 1709 1743 1792 Scriptura3
1766 1707 1883 1774 scilicet
1897 1705 2008 1784 llaria,
2023 1725 2115 1772 soror
2137 1707 2250 1790 lloysi,
2274 1705 2373 1772 Exodi
2399 1705 2519 1772 decimo

1554 1813 1713 1900 ,quinto⁸;
1731 1813 1889 1892 Debbora,
1905 1813 2047 1880 luditum
2070 1813 2194 1898 quinto;
2210 1811 2320 1892 Holda,
2340 1811 2522 1898 quartae

1562 1939 1637 2006 gum
1658 1919 1810 2006 vigesimo
1832 1919 1986 2000 seeundo,
2010 1925 2041 1986 et
2064 1921 2167 2000 inno,
2192 1919 2271 1986 sicut
2297 1919 2357 1984 bic.
2381 1919 2439 1986 Per
2459 1919 2519 1986 du.

1563 2043 1650 2104 nam,
1676 2025 1758 2090 sicut
1775 2025 1893 2090 (lictum
1917 2031 1977 2102 est,
2003 2023 2187 2108 intelligitur
2211 2021 2446 2106 recuperanda·
2462 2039 2519 2106 par

1562 2131 1707 2210 Holdam,
1721 2147 1803 2216 quae
1820 2131 2046 2216 interpretatur
2062 2129 2212 2198 9999999999
2230 2147 2318 2208 ritca,
2334 2129 2519 2214 intelligitur

1558 2235 1761 2320 prtuleulia;
1782 2253 1839 2318 per
1863 2235 2061 2312 Debboram,
2085 2253 2166 2320 quae
2194 2233 2421 2318 interpretatur
2443 2233 2519 2318 apis

1562 2341 1680 2409 habens
1712 2341 1877 2420 aculeum,
1911 2341 2097 2426 intelligitur.
2132 2341 2262 2408 99999999
2297 2347 2449 2426 quantum
2481 2341 2519 2408 ad

1562 2445 1815 2514 severitatemet
1802 2447 2049 2524 talementiam3
2073 2465 2153 2530 perr
2144 2447 2292 2524 99999999,
2312 2465 2392 2530 quac
2416 2447 2519 2512 999999·-

1561 2559 1652 2618 99999
1642 2551 1677 2616 irc
1700 2561 1794 2618 ettae
1781 2571 1956 2618 99999999
1946 2571 2023 2618 runt
2047 2551 2311 2636 interpretatura
2333 2551 2518 2636 intelligitur

1560 2653 1643 2740 sorti
1632 2663 1692 2720 9999
1693 2657 1891 2742 loquantum
1906 2657 1945 2724 ad
1967 2657 2156 2742 magnanimi
2160 2663 2305 2726 99999999
2271 2665 2379 2742 etpa
2381 2657 2444 2724 ient
2446 2657 2517 2724 iam.

1562 2763 1656 2828 -Et
1679 2763 1738 2830 hae
1755 2771 1891 2846 quatuor
1913 2765 2048 2830 virtutes
2068 2763 2285 2850 intelliguntur
2309 2783 2366 2848 per
2381 2769 2517 2848 quatuor
2537 2777 2632 2878 ¹¹}qu

1562 2867 1640 2934 litias
1652 2867 1783 2954 Philippi
1801 2871 2027 2954 prophetissam
2046 2871 2179 2936 9999999
2196 2867 2345 2954 vigesimo
2362 2869 2462 2954 primo
2477 2871 2516 2938 1⁰:

1568 2975 1674 3040 «Huic
1697 2981 1786 3040 eraut
1811 2983 1947 3062 quatuor
1969 2975 2066 3056 tiliae,
2089 2975 2227 3060 virgines
2244 2975 2466 3060 prophetantes
2487 3005 2516 3044 9.

1561 3083 1618 3150 Per
1641 3079 1854 3166 Philippum,
1880 3083 1934 3168 qui
1957 3083 2185 3168 interpretatur
2207 3101 2244 3148 os
2260 3081 2445 3164 lampadii,
2471 3085 2517 3152 in-

1562 3187 1711 3272 telligitur
1734 3189 1914 3272 capientia,
1951 3205 2031 3274 quae
2055 3187 2142 3254 docet
2167 3193 2197 3254 et
2231 3195 2360 3274 generat
2382 3189 2518 3272 ‹quadru-

1562 3295 1671 3380 plicem
1697 3295 1870 3362 virtutem
1871 3295 2071 3466 praedictam.
2213 3281 2215 3284 ’

1650 3403 1701 3468 99.
1719 3401 1821 3486 (9999.
1838 3401 1968 3484 3999
1969 3399 2256 3486 999’·9999999999999
2245 3407 2327 3468 9.999
2352 3401 2515 3488 Postquam
2541 3413 2621 3468 9999,
2636 3419 2661 3464 a

2524 3475 2574 3518 prae
2576 3449 2677 3516 dicloruvn

1560 3507 1715 3592 descripta
1738 3515 1783 3574 est
1800 3507 1913 3574 Christi
1938 3441 2115 3572 humiliatio
2130 3509 2303 3574 secundum
2322 3507 2410 3590 Legis
2427 3527 2517 3592 prae·
2531 3529 2669 3630 gggpnpgd

1561 3619 1632 3698 cept
1632 3631 1686 3678 um
1709 3621 1740 3680 et
1757 3613 1936 3680 clarificatio
1958 3611 2172 3698 perveniatis
2194 3617 2253 3678 9999
2255 3609 2426 3692 imonium,
2442 3615 2516 3680 sub·
2575 3587 2625 3672 duo

1560 3717 1702 3802 iungitur
1724 3719 1776 3784 hic
1809 3719 1918 3784 ultiura
1941 3717 2094 3802 particula
2124 3719 2217 3784 99999
2249 3717 2364 3800 partis,
2392 3717 2422 3782 99
2454 3737 2517 3804 qua

1560 3823 1749 3890 describitur
1772 3843 1899 3890 9999999
1899 3833 1993 3890 999999
1982 3821 2175 3908 iropaedic
2175 3831 2250 3890 torn
2227 3839 2304 3900 999,
2327 3829 2359 3888 99
2388 3821 2448 3890 999
2472 3825 2517 3892 di-

1561 3929 1643 3998 99999
1673 3929 1775 4016 primo
1800 3937 1945 4016 respecto
1976 3929 2102 4046 legalis
2120 3927 2303 4014 praecepti,
2262 3927 2444 3994 9999999999
2468 3949 2517 3998 99-

1561 4041 1669 4120 spectu
1689 4033 1829 4120 prophet
1817 4035 1893 4100 tiolo
1866 4041 1972 4100 ttoo
1974 4035 2076 4100 999999.
2093 4073 2136 4082 -
2152 4035 2311 4118 Quantam
2333 4031 2373 4098 ad
2404 4033 2517 4122 legalis
2490 4043 2677 4146 lllffilili

1556 4141 1725 4226 praecepti
1748 4159 1794 4208 co
1785 4161 1848 4208 99
1827 4159 1894 4206 99
1886 4149 1988 4208 99
1990 4161 2062 4208 9999
2051 4139 2271 4208 adiciturzd
2311 4109 2549 4228 otperfcce-p
2614 4105 2668 4156 ,m

1561 4267 1629 4316 9999
1605 4255 1752 4316 aterna
1716 4247 1788 4314 9999
1823 4247 2005 4316 vacuandam
2028 4247 2141 4334 Lepcm
2131 4245 2442 4330 thorout-t,quia,
2469 4265 2516 4316 se·
2568 4257 2570 4262 ’

1561 4355 1700 4424 cundum
1722 4355 1808 4442 quod
1830 4355 1946 4422 dicitur
1972 4357 2033 4420 9999
2035 4355 2118 4422 thaei
2141 4353 2301 4442 99999911,
2330 4379 2346 4410 v
2363 4371 2424 4418 non
2447 4357 2516 4422 veni

1560 4463 1672 4548 Legem
1704 4463 1843 4540 solvere,
1876 4463 1930 4528 sed
1952 4463 2124 4548 adimplere
2139 4485 2178 4538 ›>;
2201 4467 2233 4526 et
2262 4475 2393 4528 rursus:
2425 4487 2440 4518 9
2456 4463 2519 4528 9999

1562 4583 1679 4646 uuam,
1703 4573 1759 4632 999
1781 4583 1866 4634 9999
1888 4585 1969 4652 apex
1986 4585 2049 4632 non
2072 4565 2289 4650 praeteribita
2312 4565 2403 4650 Lege,
2422 4565 2518 4634 donec

1561 4953 1655 5016 999999,
1676 4953 1736 5006 inde
1755 4955 1857 5018 loquar.
1886 4950 1950 5004 ibid.
1976 4965 1999 5002 e.
2019 4953 2043 5004 8.
2064 4951 2089 5002 n.
2117 4951 2163 5004 999
2192 4949 2272 5014 099999,
2303 4949 2412 5002 distritio
2443 4949 2516 5016 (ariti-

1561 5041 1637 5108 99999
1654 5043 1698 5094 ed.
1716 5039 1870 5106 districtio),
1884 5039 1941 5092 sivo
1953 5039 2146 5092 diverticulum.
2168 5039 2217 5092 Cir.
2232 5035 2314 5090 Biblia
2327 5037 2454 5102 impressa
2469 5039 2517 5090 Vc·

1561 5129 1636 5182 999999
1652 5143 1701 5194 per
1718 5129 1885 5180 Franciscum
1904 5129 1940 5182 de
1956 5129 2097 5192 Hailbrnu‚
2120 5129 2201 5192 9989,
2215 5129 2242 5180 in
2255 5127 2328 5180 99999
2348 5127 2399 5178 999
2420 5125 2517 5180 haben-

1561 5225 1602 5270 tur
1619 5239 1635 5266 9
1644 5219 1872 5282 interpretationes
1883 5219 2072 5270 Hebraicorum
2084 5219 2222 5270 nominum
2234 5233 2258 5268 a:
2273 5213 2357 5280 otuu,
2372 5215 2516 5284 destruam,

1561 5308 1601 5358 vel
1621 5307 1784 5366 discernens,
1805 5307 1861 5358 sive
1889 5307 2043 5374 destructio,
2072 5311 2117 5358 ant
2142 5305 2337 5360 diverticulum.
2355 5331 2390 5342 -
2409 5305 2517 5358 interius

1562 5401 1621 5462 post
1639 5393 1762 5450 discretio
1780 5409 1812 5448 eu
1829 5393 1941 5450 CDFG
1958 5395 2109 5450 addidimus
2129 5409 2200 5462 mea,
2214 5405 2282 5462 quae
2303 5393 2377 5444 lectio
2396 5393 2517 5448 99999999

1562 5497 1623 5536 curn
1641 5483 1669 5534 B.
1695 5483 1801 5550 albert,
1826 5485 1852 5536 in
1880 5487 1941 5538 Luc.
1970 5487 2001 5550 9,
2020 5487 2069 5538 36:
2092 5485 2201 5536 «Tertia
2234 5483 2421 5552 [prophetissa]
2447 5479 2517 5536 Oldo

1562 5573 1684 5626 discretio
1702 5587 1761 5626 mea
1778 5573 1975 5638 iuterpretatur,
1996 5575 2057 5642 quia
2075 5585 2235 5640 perpacem
2254 5569 2346 5624 Christi
2367 5571 2427 5624 mali
2441 5585 2454 5624 a
2468 5571 2516 5624 bo-

1562 5663 1600 5714 nis
1619 5659 1822 5714 discernuntur»
1844 5667 1893 5714 etc.
1913 5663 1984 5714 idem
2006 5663 2067 5714 dicit
2093 5661 2172 5714 Card.
2195 5661 2284 5726 Hugo,
2306 5659 2328 5710 iu
2350 5659 2463 5712 etvndem
2484 5661 2517 5714 lo-

1562 5765 1635 5814 curn,
1654 5751 1701 5804 nbi
1718 5753 1797 5804 etiarn
1817 5751 1906 5814 docet,
1926 5753 1970 5804 bis.
1985 5755 2097 5818 quatuor
2117 5747 2288 5814 prophetissis
2307 5755 2420 5816 quatuor
2438 5747 2515 5814 signi·

1561 5841 1634 5894 beari
1650 5841 1760 5894 virtutes
1776 5841 1932 5894 cardinales.
1950 5843 1975 5890 lu
1997 5837 2150 5904 applicanda
2171 5837 2361 5904 significatione
2384 5853 2438 5890 nou
2456 5851 2516 5890 con-

1563 5929 1634 5980 venit
1651 5943 1713 5982 cum
1733 5929 1758 5980 S.
1778 5929 1968 5980 bonaventura.

1633 6013 1644 6044 ⁹
1661 6015 1712 6068 Cir.
1731 6029 1812 6080 supra
1830 6029 1891 6080 pag.
1912 6017 1959 6078 99,
1973 6021 2033 6068 nota
2056 6017 2094 6068 td.

1634 6101 1654 6132 ¹⁰
1674 6105 1750 6156 Vera.
1769 6103 1793 6154 9.
1813 6129 1846 6142 -
1860 6105 1973 6168 Hieron,
1993 6105 2049 6158 Lib.
2076 6107 2110 6158 de
2129 6107 2256 6158 Nominih.
2282 6103 2433 6168 Hebraicis,
2452 6103 2516 6156 novi

1562 6197 1707 6246 testament.
1736 6193 1839 6244 Lucae:
1866 6191 2006 6260 Filippus,
2029 6209 2061 6248 os
2084 6195 2228 6262 lampadis,
2253 6195 2294 6246 vel
2324 6209 2354 6246 os
2382 6207 2517 6246 mannum.

1562 6279 1613 6332 Cir.
1626 6281 1650 6332 S.
1663 6281 1774 6344 Bonam,
1788 6277 1935 6332 Commeat.
1955 6281 1981 6332 in
2000 6283 2070 6332 loon.
2090 6281 2099 6332 t
2114 6319 2121 6344 ,
2135 6281 2179 6332 99.
2191 6297 2215 6332 u.
2237 6281 2263 6332 99
2276 6299 2283 6332 :
2298 6277 2439 6336 9999999999
2451 6293 2516 6332 vero

1562 6365 1701 6434 Phiiippus
1719 6377 1751 6418 os
1769 6367 1898 6434 lampadis
1917 6369 2128 6434 interpretatur...
2145 6369 2194 6422 Per
2216 6383 2247 6422 os
2265 6367 2390 6432 sapientia
2413 6373 2517 6420 notatur

1562 6455 1737 6520 eloquentiae,
1758 6455 1790 6506 de
1810 6469 1862 6524 qua
1880 6459 1965 6510 Lucae
1985 6457 2032 6518 91,
2060 6457 2105 6508 va:
2129 6459 2205 6522 «Ego
2235 6455 2304 6512 dubo
2331 6455 2409 6510 vobis
2433 6471 2462 6508 os
2492 6467 2518 6508 ct

1562 6545 1728 6608 sapientiam,
1757 6545 1799 6596 cui
1823 6559 1875 6596 non
1898 6551 2022 6610 poterunt
2047 6545 2166 6598 resistere
2186 6551 2210 6598 et
2229 6545 2407 6598 contradicere
2426 6557 2517 6596 omnes

1562 6631 1705 6686 adversarii
1733 6635 1813 6686 vestri
1826 6653 1850 6684 9.
1880 6635 1927 6686 Per
1952 6631 2119 6702 9999999999,
2146 6635 2269 6686 honestas
2293 6633 2514 6698 conversationis,

1562 6721 1680 6774 blattbaei
1700 6721 1731 6784 5,
1753 6723 1797 6774 lb:
1821 6725 1944 6776 «Lucem
1961 6725 2004 6776 lux
2022 6727 2109 6776 vestra
2129 6735 2216 6774 coram
2247 6721 2412 6788 bominibus,
2433 6727 2460 6776 ut
2480 6725 2516 6776 vi·

1562 6809 1664 6862 deaut»
1688 6815 1737 6862 etc.

1634 6893 1750 6950 ²¹·Vers
1771 6897 1803 6948 97
1810 6917 1817 6960 ;
1835 6897 1931 6950 deinde
1949 6911 1974 6948 v.
2000 6897 2037 6944 t8.
