5908 8266
1049 683 1242 748 cetlttexr.
1269 687 1305 748 ΙΝ
1329 683 1569 750 EVANGELIUM
1590 681 1708 750 neele
1733 679 1764 746 C.
1787 677 1824 742 V.

450 853 588 930 quatuor
610 847 708 914 simul
728 849 845 916 dicitnr
868 852 1016 920 ieremiae
1034 861 1145 918 sexto:
1173 855 1290 920 «State
1315 871 1409 938 snper

450 951 517 1016 rias
546 959 667 1018 vestras
683 977 716 1030 a,
731 971 819 1032 ecce,
843 957 997 1022 rectitudo
1017 957 1215 1034 intentionis,
1244 957 1409 1024 «interro

450 1059 521 1136 gete
543 1053 583 1118 de
605 1053 724 1118 semitis
746 1055 902 1138 antiquis
925 1073 1008 1140 qnae
1030 1055 1071 1122 sit
1093 1057 1145 1122 ria
1165 1057 1248 1122 bnoa
1263 1085 1298 1136 u,
1323 1077 1409 1136 eece,

452 1155 627 1222 sollicitudo
658 1157 873 1236 discretionis3
902 1165 965 1224 «et
985 1161 1145 1226 ambulate
1175 1161 1208 1224 in
1229 1179 1268 1226 ea
1289 1187 1323 1238 a,
1352 1179 1410 1244 per

452 1259 640 1326 exercitium
662 1259 809 1340 actionis;
840 1289 855 1320 u
871 1269 903 1328 et
923 1261 1090 1328 invenietis
1120 1263 1321 1346 refrigerium
1343 1265 1410 1330 aoi-

452 1367 564 1430 mabus
588 1365 702 1432 vestris
717 1391 752 1442 a,
779 1383 835 1448 per
856 1367 957 1430 otium
980 1366 1261 1448 contemplationis,

539 1471 569 1534 8.
596 1469 627 1532 ln
653 1467 751 1532 turbe
773 1477 876 1534 autem
903 1469 1049 1534 irruente
1072 1469 1166 1534 datur
1190 1469 1291 1534 lorrua
1310 1469 1409 1536 uncii-

287 1573 525 1656 tonaturus.
550 1573 679 1656 Propter
705 1573 789 1656 quod
812 1577 901 1650 nota,
923 1573 1008 1654 quod
1030 1571 1223 1656 Evangelista
1238 1573 1410 1640 introducit

320 1645 399 1688 ‘mm‘
450 1677 559 1742 turbas
584 1677 613 1742 in
644 1677 875 1760 eenrparatione
907 1675 944 1740 ad
974 1675 1074 1742 lesum
1105 1673 1209 1758 primo
1238 1677 1409 1760 requiren-

450 1791 513 1860 tes,
539 1781 676 1848 secundo
699 1781 876 1858 uenientes,
905 1781 994 1846 tertio
1019 1781 1213 1856 detinentes:
1236 1779 1330 1846 etde
1359 1779 1410 1844 bis

449 1885 552 1952 tribus
575 1903 672 1970 snpra
686 1887 873 1970 proximo¹;
899 1889 1014 1968 quarto
1031 1881 1211 1960 irruenter,
1233 1881 1316 1948 sicut
1340 1881 1409 1960 hic;

450 1991 560 2076 quinto
586 1991 795 2068 contituentes,
819 1987 1036 2054 inlradecimo
1061 1991 1193 2070 quarto:
1222 2011 1237 2042 «
1255 1985 1322 2050 lbet
1337 2003 1408 2050 cnm

451 2095 518 2162 lesu
542 2093 636 2162 turba
653 2093 777 2176 copiosa
791 2121 806 2152 u
818 2117 827 2172 ;
851 2099 942 2158 sexto
959 2091 1200 2176 subsequenter,
1224 2089 1305 2154 inlra
1326 2089 1410 2174 rige-

451 2199 531 2264 simo
554 2197 665 2264 tertio:
693 2223 710 2252 «
731 2197 927 2282 Sequebatur
960 2195 1059 2260 lesum
1085 2195 1178 2258 turba
1211 2195 1310 2258 multa
1342 2209 1411 2258 mu-

296 2315 433 2372 eutdrenui·
450 2301 563 2366 liernm
577 2327 594 2358 u
614 2305 672 2366 etc.
686 2335 729 2348 -
741 2297 814 2364 Boni
833 2297 915 2366 enim
932 2297 1092 2364 auditores
1110 2297 1226 2364 debent
1240 2297 1411 2382 requirere

326 2371 407 2414 'em'
451 2401 631 2486 sapientiam
663 2401 766 2468 studio
789 2401 1015 2478 meditationis;
1047 2399 1222 2482 Sapientiae
1252 2405 1362 2466 oemio
1379 2399 1410 2462 2:

457 2531 474 2564 «
488 2505 570 2570 Hanc
596 2505 694 2570 amari
713 2511 743 2570 et
758 2505 916 2588 exquisiti
938 2503 1136 2570 airrventute
1160 2521 1228 2570 mea
1244 2531 1275 2568 o.
1293 2539 1336 2552 ·—
1352 2503 1412 2568 De·

304 2627 431 2672 inurentes.
451 2611 526 2676 bent
549 2609 660 2674 uenire
674 2607 713 2674 ad
736 2609 840 2694 ipsum
856 2607 1010 2678 desiderio
1027 2609 1212 2688 allectionis,
1235 2609 1410 2676 seeundum

450 2715 528 2780 illud
555 2713 684 2780 Psalmi:
713 2741 729 2772 «
751 2715 854 2780 siro-it
875 2715 980 2780 anima
1002 2731 1073 2780 urea
1100 2713 1138 2780 ad
1158 2717 1258 2780 Deum
1282 2713 1410 2792 sortem,

301 2831 433 2880 retinentes·
450 2819 558 2884 virum
574 2843 591 2876 a
619 2823 678 2884 ete.
695 2855 737 2866 -
758 2819 879 2886 Debent
903 2819 1044 2884 detinere
1067 2819 1214 2886 instantia
1242 2817 1411 2896 orationis,

450 2921 623 2988 secundnm
641 2921 717 2988 illud
741 2921 939 2990 Canticornm
959 2923 1050 2990 tertio
1062 2925 1094 2988 3:
1115 2951 1131 2982 «
1148 2923 1244 2990 Tenui
1263 2941 1336 2990 eum
1353 2939 1411 2988 nec

449 3025 651 3090 dimittam».
669 3027 728 3092 Sed
743 3027 819 3092 heu!
840 3029 1035 3092 reritlnatum
1050 3035 1098 3092 est
1113 3027 1190 3092 illud
1208 3027 1301 3094 isaiae
1318 3043 1410 3092 sexa-

450 3125 567 3210 gesimo
591 3135 720 3212 quarto:
749 3157 764 3186 ι(
781 3131 847 3194 Non
869 3138 918 3197 est
940 3131 993 3214 qui
1017 3131 1139 3196 invocet
1163 3149 1274 3196 nomen
1300 3137 1411 3208 tuum,

314 3247 430 3290 timenus.
451 3231 505 3314 qni
523 3239 693 3314 consurgat
710 3243 740 3298 et
756 3241 861 3298 teneat
872 3239 903 3300 te
917 3263 945 3298 u.
956 3269 996 3284 -
1007 3235 1127 3302 Debent
1145 3235 1275 3300 irene
1292 3233 1411 3318 impetu

449 3335 639 3412 deuotionis:
668 3337 834 3404 Ezechielis
851 3337 953 3422 primo
971 3338 1085 3404 dicitur
1108 3339 1146 3404 de
1163 3339 1278 3404 sanctis
1292 3339 1413 3404 anima·

451 3439 550 3504 libus:
580 3467 596 3496 «
614 3439 669 3504 Ubi
690 3449 758 3504 erat
785 3443 921 3524 impetus
947 3443 1097 3524 spiritus,
1121 3441 1194 3508 illuc
1227 3441 1412 3524 gradieban-

293 3557 432 3602 comiuues·
454 3549 505 3606 tur
518 3569 550 3606 a.
565 3581 610 3594 -
626 3543 746 3608 Debent
768 3545 926 3608 conicituri
938 3545 1157 3610 crirrlornritate
1179 3545 1279 3612 boone
1301 3563 1413 3626 opera·

451 3647 558 3724 tionis
582 3645 665 3710 sicut
686 3647 828 3724 lleooeh3
863 3647 989 3714 Genesis
1011 3647 1170 3732 quintet:
1199 3677 1215 3704 o
1238 3647 1316 3714 Cum
1349 3649 1413 3712 Deo

449 3749 623 3814 :turibulurit
645 3755 677 3814 et
703 3769 764 3814 riou
791 3751 953 3834 aqtqurruit,
979 3752 1053 3834 quia
1076 3749 1148 3815 tulit
1172 3769 1243 3816 eum
1270 3753 1354 3816 Deus
1376 3777 1409 3814 o.

305 3869 432 3920 sementes·
451 3887 494 3914 -,-
514 3853 633 3918 Debent
658 3851 750 3916 etiam
774 3853 868 3938 sequi
898 3853 1068 3918 imitatione
1094 3855 1262 3936 passionis:
1294 3853 1412 3938 primae

450 3955 532 4020 Petri
564 3955 721 4022 secundo:
754 3983 769 4012 «
788 3959 846 4020 l'ro
877 3957 966 4020 nobis
998 3975 1108 4038 passus
1142 3965 1210 4032 est,
1239 3959 1327 4022 robis
1363 3975 1412 4022 re-

451 4059 597 4140 linquens
628 4059 827 4140 excerptum,
862 4065 896 4122 ut
928 4059 1104 4140 sequamini
1136 4059 1264 4142 uestigia
1295 4059 1411 4124 eius».

452 4161 578 4228 Talibus
611 4161 806 4244 proruittitnr
837 4163 952 4244 gloriam
980 4161 1122 4226 llrttthaei
1154 4163 1275 4228 decimo
1307 4181 1410 4226 ritino:

457 4293 473 4322 u
490 4269 580 4330 ¹litteo
606 4265 675 4330 elice
698 4265 799 4340 rubis,
823 4265 907 4348 (prod
933 4283 1000 4340 ros,
1031 4265 1083 4346 qui
1109 4265 1281 4348 reliquistis
1307 4265 1413 4328 utrtnia

452 4375 483 4432 et
504 4367 602 4432 sertui
626 4367 699 4430 estis
721 4385 783 4442 ine,
808 4367 990 4448 centuplum
1011 4367 1170 4448 accipietis
1193 4375 1224 4432 et
1241 4369 1335 4430 ritrrro
1361 4387 1412 4432 ae-

452 4477 571 4534 teroaro
598 4455 794 4550 possidebitis
809 4497 839 4532 ».
1253 4535 1254 4538 Ἴ

542 4577 569 4634 tt.
595 4571 694 4650 (i'ers.
713 4571 767 4650 la).
803 4571 831 4634 U
866 4571 1003 4634 occurerit
1019 4579 1128 4634 certtern
1155 4571 1244 4658 loqui
1263 4581 1320 4638 etc
1343 4575 1412 4640 l‘ost

308 4683 421 4742 suetudo„
451 4673 660 4738 eruditionem
681 4673 785 4754 populi
811 4673 956 4738 stritditur
974 4675 1120 4756 operatio
1136 4675 1305 4740 ttrt'rnenh'.
1322 4675 1412 4742 Circa

287 4739 383 4790 operatio
394 4745 433 4774 tnt-

288 4785 432 4888 bgpbqthrtpqr
452 4777 543 4840 errius
559 4775 798 4856 «inscriptionem
822 4783 959 4858 qrmtuor
978 4777 1237 4840 introducuntur:
1262 4797 1303 4842 ex
1322 4783 1411 4860 parte

315 4893 413 4940 cuatuor·
451 4879 565 4944 l'lnish
590 4879 731 4942 (altitudo
752 4881 934 4964 potentice;
957 4897 999 4946 ex
1024 4889 1113 4964 pente
1135 4881 1216 4946 Petri
1249 4881 1411 4946 certitudo

450 4981 616 5064 fitlrreine:
638 5001 680 5044 ex
712 4991 801 5062 purte
825 4983 967 5046 miraculi
998 4981 1175 5048 rrrtrltt'tndn
1205 4985 1338 5066 ecpiue;
1368 5003 1410 5050 ex

452 5093 540 5168 purte
565 5085 709 5150 corunelli
731 5087 957 5168 prentptdudo
984 5087 1225 5152 aestuantique

542 5191 572 5252 lo
599 5189 728 5254 Glanate
753 5189 848 5272 igitur
877 5189 1056 5256 insinuatur
1079 5191 1219 5272 retti'tudu
1247 5193 1412 5276 potentiue

327 5299 429 5342 Priuer·
452 5293 490 5356 ad
514 5291 700 5357 irrirucuhun
726 5293 919 5372 laciendum,
943 5313 1013 5360 citro
1040 5297 1172 5360 dieitur:
1202 5297 1242 5360 et
1271 5297 1412 5362 cesserit

452 5405 562 5458 rutilent
579 5395 685 5480 loqui,
709 5399 825 5462 scilieet
842 5415 897 5478 per
923 5399 1062 5462 ueritatis
1082 5399 1311 5480 tiragislerium;
1336 5399 1411 5484 quia

453 5497 573 5560 Domini
599 5505 645 5562 est
662 5501 849 5564 rotdinnure
873 5517 1049 5566 serrnooent
1067 5501 1271 5586 sequentibus
1296 5501 1410 5586 sigule,

453 5601 544 5664 liutei
579 5601 736 5678 ottiioou
768 5603 853 5666 dim!
884 5603 931 5666 nil
953 5603 1136 5684 stonum,
1169 5623 1225 5690 per
1248 5607 1411 5690 potestatis

470 5963 471 5968 ,
524 5899 531 5930 ¹
555 5903 653 5954 Scilicet
674 5917 732 5964 cap,
755 5907 980 5968 perrexeruntque,
1005 5909 1041 5960 li.
1063 5911 1119 5962 t'rit
1138 5911 1213 5972 legit:
1229 5913 1253 5964 in
1266 5915 1411 5980 litteprue·

453 5987 567 6040 rutente<
585 5987 706 6054 eupiluh'.
726 6015 762 6030 -
782 5993 837 6040 litto
859 6007 930 6056 seqq.
945 5993 994 6044 lori
1007 6005 1068 6048 strut
1079 5999 1141 6048 hue.
1160 5998 1203 6060 ll,
1217 5999 1260 6050 ee.
1273 6005 1299 6050 et
1312 5999 1354 6060 23,
1368 5999 1410 6050 et.

524 6071 629 6126 ‘'h'ers.
649 6077 674 6126 ἒ.
693 6101 728 6114 -
749 6077 865 6128 Subinde
892 6079 1018 6140 allegatur
1049 6087 1086 6134 es.
1123 6085 1158 6146 il,
1187 6089 1209 6134 3.
1231 6085 1411 6150 —Superius

454 6173 513 6228 post
530 6159 689 6230 mtpt'rnlr'ntu
712 6163 769 6214 t'ut.
788 6179 847 6214 erim
871 6165 915 6212 i‘ti
938 6165 1009 6216 :nutu
1029 6169 1176 6222 Christum.

525 6247 534 6278 ³
550 6251 624 6300 t'ets.
640 6249 661 6300 l.
676 6275 710 6290 -
721 6251 777 6302 Duo
791 6265 865 6314 seqq.
880 6251 926 6302 leci
941 6263 999 6302 suot
1015 6257 1069 6308 lsai.
1085 6257 1132 6320 fii,
1145 6257 1172 6308 7.
1185 6265 1209 6308 et
1224 6261 1315 6310 Erech
1332 6263 1353 6320 l,
1372 6261 1410 6310 12.

524 6335 533 6366 ⁴
548 6339 624 6388 h'ers.
638 6337 680 6388 Di.
690 6363 724 6374 —
735 6339 886 6402 Serpruotur
899 6339 915 6386 l.
930 6339 996 6388 Petr.
1008 6341 1032 6400 S,
1047 6345 1089 6392 dl.
1103 6353 1127 6392 et
1141 6343 1227 6394 lletth.
1247 6345 1284 6406 te,
1298 6347 1341 6394 DS.
1354 6359 1410 6410 seq.

524 6421 534 6452 ⁵
557 6425 614 6474 t'at.
636 6425 677 6476 hic
695 6431 717 6474 et
740 6425 844 6474 ioh-rius
865 6423 971 6472 ‹oui-tte.

525 6507 535 6536 ⁶
557 6509 630 6562 t'ers.
649 6513 700 6560 ee:
718 6509 752 6558 illi
766 6521 851 6560 :utitem
869 6509 974 6572 protecti
997 6513 1214 6572 praedicaverunt
1235 6513 1346 6578 ubique,
1362 6515 1410 6566 Do-

453 6599 523 6650 mino
536 6605 694 6662 cooperante
707 6603 730 6646 et
745 6611 892 6648 serotooem
905 6595 1076 6650 confirmante
1089 6599 1260 6664 sequentibus
1271 6601 1364 6662 signis.
1376 6629 1410 6640 -

455 6685 571 6738 Subinde
590 6687 715 6750 allegatur
735 6687 804 6740 loun.
824 6687 853 6746 i,
875 6685 899 6734 5.

524 6771 533 6800 ⁷
555 6775 630 6826 vers.
649 6775 692 6824 28.
710 6799 746 6812 --
766 6773 892 6836 Superius
911 6785 959 6836 pro
986 6771 1152 6840 propendunt
1186 6785 1260 6824 nature
1278 6771 1329 6824 CD
1345 6785 1411 6838 prc-

452 6861 571 6928 suudunt
591 6859 686 6914 ratores.
1214 6853 1215 6856 ’

2367 665 2429 732 tta

1442 853 1662 938 'imperinm
1688 851 1737 918 cui
1771 869 1830 934 per
1864 851 1966 916 omnia
2002 843 2228 924 obediendum,
2259 841 2433 910 senodum

1473 957 1640 1022 consilium
1662 953 1819 1036 VirginiS,
1841 953 1963 1018 loannis
1979 951 2132 1028 secrme,
2153 947 2187 1012 iu
2209 949 2314 1032 primo
2336 947 2434 1012 nura-

1473 1061 1545 1124 cnlo
1561 1083 1568 1122 :
1589 1085 1603 1114 α
1622 1059 1850 1142 Quodcumque
1865 1055 1983 1122 dixerit
2000 1055 2104 1132 robis,
2122 1053 2211 1120 lacite
2227 1079 2259 1118 o.
2275 1089 2318 1100 -
2333 1053 2371 1118 Et
2385 1067 2435 1118 se-

1472 1161 1584 1244 qnitur
1606 1159 1794 1244 imperium:
1823 1161 1893 1226 Due
1916 1161 1952 1226 iu
1970 1159 2095 1234 eitum,
2122 1157 2150 1222 id
2175 1164 2221 1222 est
2245 1157 2276 1224 io
2305 1155 2435 1242 prolun-

1472 1263 1548 1328 dum
1574 1281 1675 1340 mare,
1700 1263 1753 1328 ubi
1778 1263 1896 1330 scilicet
1918 1271 1965 1328 est
1985 1263 2154 1328 multitudo
2177 1261 2328 1346 piscium,
2351 1261 2435 1328 sicut

1472 1367 1650 1432 Divinitatis
1664 1367 1766 1432 ocrrlis
1780 1367 1963 1450 aspiciebat3
1979 1367 2184 1434 Ecclesiastici
2205 1367 2354 1450 vigesimo
2372 1373 2435 1432 ter-

1473 1469 1560 1534 ticl:
1583 1469 1701 1534 «Ocrnli
1722 1469 1845 1534 Domini
1870 1471 1968 1534 multo
1983 1471 2057 1554 plus
2072 1469 2240 1536 lucidiores
2256 1477 2330 1538 sunt
2352 1471 2433 1548 sule,

1472 1571 1761 1652 circumspicientes
1782 1589 1892 1638 omnes
1913 1573 1980 1638 rias
2004 1573 2166 1640 bominum
2189 1579 2218 1640 et
2243 1577 2435 1658 profundum

1472 1673 1623 1754 abyssi».
1649 1673 1686 1736 Et
1709 1673 1776 1738 ideo
1799 1673 1923 1738 subdit:
1950 1677 1988 1738 Et
2013 1677 2124 1740 hante
2146 1675 2232 1742 retia
2262 1687 2374 1742 vestre
2396 1677 2434 1742 in

1472 1781 1662 1856 eopturnnt.
1688 1775 1755 1850 Sic,
1789 1777 1910 1842 loannis
1938 1777 2048 1844 ultimo
2066 1779 2088 1856 ⁸,
2126 1787 2195 1862 post
2227 1781 2434 1846 resurreetio-

1472 1895 1565 1942 nem:
1595 1875 1737 1940 «blittite
1761 1877 1790 1940 in
1816 1879 1977 1944 dexteram
2005 1881 2118 1964 navigii
2137 1889 2216 1958 rete,
2242 1891 2271 1950 et
2294 1883 2433 1950 inuenie-

1473 1977 1515 2044 tis
1530 2003 1560 2042 t.
1579 1979 1641 2042 lloc
1655 1977 1839 2060 imperando
1853 1979 1947 2058 dicit,
1964 1987 2001 2046 ut
2015 1983 2170 2056 ostendat,
2196 1985 2279 2066 quod
2301 2013 2318 2042 «
2329 1985 2435 2050 omnia

1473 2081 1605 2148 subiecit
1629 2081 1714 2146 Deus
1736 2081 1869 2164 pedibus
1892 2081 1977 2160 eius,
2003 2085 2147 2150 volucres
2169 2086 2246 2150 caeli
2277 2093 2310 2154 et
2333 2089 2434 2172 pisces

1473 2187 1602 2252 maris»
1632 2195 1690 2252 etc.

1566 2293 1615 2354 ld.
1643 2291 1743 2370 (Vers.
1770 2291 1825 2370 a).
1848 2287 1883 2352 ln
1906 2289 2006 2354 Petro
2027 2297 2136 2354 autem
2162 2289 2342 2356 insinuatur
2365 2315 2434 2360 cer·
2454 2301 2583 2346 erundum·

1475 2395 1580 2462 titudo
1595 2393 1809 2480 confidentiae
1832 2393 1871 2460 ad
1886 2393 2076 2460 miraculum
2096 2393 2343 2476 impetrandum,
2360 2415 2433 2462 eum

1475 2501 1641 2566 subditur:
1664 2501 1705 2564 Et
1733 2499 1934 2582 respondens
1965 2499 2081 2564 Sinenn
2110 2497 2197 2562 dieu
2227 2497 2294 2564 itti:
2328 2501 2433 2566 Proe-

1474 2615 1602 2690 eeptor,
1625 2621 1687 2666 non
1712 2603 1813 2666 solnm
1838 2601 2020 2678 duetorem,
2043 2601 2098 2666 sed
2130 2599 2221 2666 etiam
2243 2611 2433 2686 praecepto·

1474 2725 1545 2772 rent
1569 2713 1672 2784 cocat,
1698 2705 1843 2800 creticos,
1866 2723 1929 2770 oon
1954 2705 2055 2770 solnm
2078 2703 2195 2768 babere
2216 2705 2378 2770 scientiam
2393 2705 2432 2768 ad

1474 2811 1665 2888 docendum,
1688 2807 1866 2876 sedetiam
1899 2809 2069 2894 potentiam
2099 2807 2139 2874 ad
2161 2805 2346 2876 laciendum.
2372 2809 2433 2876 Nec

1474 2915 1730 2982 irrationabiliter
1754 2915 1864 2980 Petrus
1890 2913 2025 2996 piscator
2047 2911 2100 2978 tali
2126 2913 2250 2978 nomine
2271 2913 2432 2980 Christum

1474 3021 1623 3104 appellat,
1641 3021 1716 3104 quia
1739 3019 1834 3086 isaiae
1859 3017 2120 3104 quinquagesimo
2144 3017 2289 3102 quintot:
2314 3017 2432 3096 «Ecce,

1475 3131 1585 3192 testem
1609 3125 1716 3210 populi
1739 3125 1808 3190 dedi
1828 3143 1914 3200 erum,
1931 3123 2043 3190 ducem
2060 3139 2096 3188 ac
2111 3131 2346 3206 praeceptorem
2362 3139 2434 3206 gen-

1476 3229 1560 3296 tibus
1573 3253 1603 3306 »;
1620 3235 1653 3296 et
1674 3229 1848 3314 trigesimo:
1871 3255 1887 3286 «
1901 3227 1998 3294 Erunt
2015 3227 2096 3294 oculi
2121 3227 2165 3292 tui
2184 3227 2325 3294 videntes
2342 3245 2434 3312 prae-

1475 3341 1633 3418 ceptorem
1659 3341 1767 3414 tuum,
1791 3341 1822 3400 et
1844 3351 1939 3400 aures
1963 3341 2035 3398 tuae
2058 3333 2186 3400 audient
2207 3335 2338 3400 verbnm
2363 3341 2433 3416 post

1476 3447 1601 3524 tergum
1623 3439 1822 3506 proruentis».
1848 3477 1889 3486 —
1915 3439 1950 3502 tu
1973 3439 2118 3522 quoniam
2145 3437 2331 3506 confidentia
2357 3457 2433 3504 nera

1476 3561 1538 3608 non
1554 3541 1700 3608 inuititur
1713 3543 1849 3626 propriis
1862 3541 1999 3620 viribus,
2014 3541 2067 3608 sed
2080 3541 2208 3620 divinis;
2225 3542 2294 3610 ideo
2309 3543 2432 3608 subdit:

1476 3647 1543 3710 Per
1567 3653 1668 3710 toturn
1690 3653 1813 3710 nectem
1832 3647 2037 3722 laborantem
2060 3645 2145 3712 nihil
2159 3647 2321 3730 reptatur,
2345 3647 2435 3712 etita

1476 3767 1537 3814 oon
1561 3749 1698 3826 mittam',
1715 3749 1752 3814 de
1770 3751 1891 3816 uiribus
1911 3754 1941 3816 et
1958 3749 2111 3816 industria
2132 3751 2259 3834 propria
2282 3753 2432 3830 coohsns3

1477 3853 1560 3918 unde
1577 3851 1680 3920 dicere
1697 3859 1819 3934 poterat
1836 3851 1912 3918 illud
1929 3853 2024 3918 isaiae
2039 3851 2279 3936 quadragesimo
2294 3873 2376 3920 oeno
2391 3855 2432 3918 ¹⁰:

1482 3981 1496 4012 t<
1514 3955 1586 4020 Sine
1602 3973 1696 4020 causa
1720 3961 1749 4020 et
1772 3973 1850 4020 vane
1871 3955 2086 4020 fortitudinem
2103 3973 2203 4022 meam
2228 3959 2383 4024 coosrrntsi
2397 3983 2432 4034 »;

1477 4067 1506 4124 et
1532 4058 1584 4122 lob
1607 4059 1755 4142 septimo:
1780 4059 1868 4142 «Ego
1894 4059 1987 4124 hatoni
2005 4077 2127 4124 menses
2151 4079 2267 4128 uacuos
2282 4069 2312 4130 et
2329 4069 2434 4128 noctes

1477 4161 1648 4228 laboriosas
1681 4163 1863 4226 enomerari
1893 4161 1969 4226 milri
1993 4187 2030 4238 a,
2064 4163 2153 4244 quasi
2176 4163 2276 4232 dicat:
2310 4185 2372 4232 oon
2396 4165 2433 4232 de

1477 4265 1571 4340 meis,
1589 4265 1642 4330 sed
1659 4265 1695 4328 dn
1714 4265 1776 4328 tuis
1793 4265 1914 4328 uiribus
1928 4265 2058 4328 rnrrhdo.
2075 4301 2114 4312 -
2129 4267 2166 4330 nt
2180 4269 2249 4334 ideo
2267 4269 2376 4334 iolert:
2394 4271 2433 4334 lu

1478 4367 1572 4432 uerbo
1598 4375 1706 4430 nutent
1733 4373 1788 4432 teto
1811 4367 1931 4432 learcho
1964 4377 2037 4430 rete.
2061 4369 2122 4434 Nec
2154 4369 2328 4448 immerito,
2360 4373 2434 4454 qnia

1477 4471 1542 4552 ipse
1564 4471 1639 4536 dicit
1663 4471 1755 4534 isaiae
1781 4471 2039 4554 quinquagesimo
2061 4471 2172 4554 quinto
2186 4477 2228 4538 1¹:
2258 4503 2274 4534 u
2296 4475 2432 4542 Verbum

1477 4591 1601 4652 tticum,
1624 4573 1709 4656 (pared
1733 4573 1914 4656 egredietur
1928 4573 1968 4638 de
1989 4593 2044 4640 ore
2061 4593 2145 4652 uteo,
2168 4595 2230 4640 nori
2255 4585 2433 4646 revertetur

1475 4679 1511 4744 ad
1538 4697 1587 4742 me
1622 4695 1778 4754 taetrum,
1801 4679 1854 4742 sed
1889 4677 1981 4742 laniet
2015 4697 2233 4764 ‹quaecomque
2270 4683 2370 4758 rolrri,
2403 4687 2432 4748 et

1475 4781 1716 4864 prosperabitur
1738 4781 1768 4844 io
1787 4781 1946 4856 orrroihns,
1962 4781 1998 4844 ad
2017 4799 2097 4864 quae
2113 4783 2180 4846 misi
2207 4785 2284 4850 illud
2299 4811 2331 4848 u.
2349 4787 2433 4850 b‘nde
2524 4787 2526 4794 ’

1475 4885 1512 4950 de
1538 4887 1626 4950 Petro
1651 4891 1752 4970 potest
1775 4885 1834 4950 diri
1859 4883 1936 4948 illud
1961 4883 1996 4948 ad
2018 4885 2169 4950 ltoroaoos
2201 4898 2332 4970 quarto:
2360 4915 2375 4946 «
2401 4889 2431 4952 lo

1474 4987 1718 5072 repromissione
1740 4987 1794 5054 Dei
1818 5007 1879 5052 oon
1899 4989 2063 5052 haesitavit
2087 4987 2274 5068 diffidentia,
2291 4991 2344 5056 sed
2360 5009 2432 5056 rou·

1474 5093 1609 5158 iortatns
1631 5097 1679 5158 est
1701 5091 1781 5168 fide,
1805 5091 1983 5174 plenissime
2005 5093 2136 5156 sciens»
2166 5101 2224 5156 etc.

1566 5195 1617 5260 ll.
1642 5195 1743 5276 (ders.
1762 5195 1814 5276 6.).
1835 5195 1865 5258 lu
1882 5193 2048 5258 ntiruenlo
2064 5211 2139 5258 reru
2156 5195 2334 5262 insinuatur
2350 5197 2433 5262 tietd-
2453 5195 2554 5242 Telum·

1476 5297 1579 5364 titudo
1605 5297 1717 5382 repiue
1739 5297 1778 5360 ad
1802 5299 1905 5380 ipsum
1937 5297 2125 5364 miraculum
2153 5299 2430 5382 magnificandum,

1475 5421 1548 5468 curri
1572 5403 1738 5468 subditur:
1764 5405 1803 5466 Et
1826 5419 1902 5466 cirin
1927 5399 1986 5464 lton
2006 5399 2176 5484 fecissent,
2201 5405 2432 5468 retectuserunt

1474 5505 1718 5570 nudtitndinene
1740 5505 1884 5588 pieeinnt
1910 5503 2086 5588 cupierunt.
2114 5503 2147 5566 et
2171 5505 2215 5570 sic
2235 5507 2430 5570 rnrihcatnm

1475 5615 1521 5674 est
1546 5609 1623 5674 illud
1647 5607 1769 5674 Iouernis
1801 5609 1921 5674 decimo
1951 5609 2127 5690 quantoe:
2166 5633 2180 5662 «
2206 5609 2431 5690 Quodcumque

1547 5913 1557 5942 ⁵
1577 5917 1651 5966 t'ers.
1671 5917 1701 5974 o,
1722 5919 1878 5978 postquem
1898 5915 1938 5962 l‘s.
1958 5915 1987 5972 8,
2006 5911 2032 5958 8.
2051 5921 2107 5972 scq.

1547 5997 1653 6050 ”Vens
1673 5999 1696 6050 i.
1716 6004 1742 6050 et
1758 5999 1872 6050 subinde
1891 5999 1939 6058 30,
1960 5997 2001 6044 ed.

1548 6083 1569 6114 ²⁰
1589 6085 1666 6134 b'ers.
1685 6083 1709 6134 i.
1731 6087 1755 6134 et
1775 6085 1818 6134 lob
1838 6083 1869 6144 7,
1889 6085 1914 6132 3.
1927 6107 1962 6120 -
1976 6079 2103 6140 Superius
2121 6077 2180 6128 t'ot.
2200 6075 2276 6136 legit:
2291 6077 2313 6126 et
2326 6073 2430 6128 iter-non

1476 6171 1612 6224 irtrritendo
1631 6169 1685 6222 luis
1706 6167 1821 6232 rr'rilnrs,
1841 6167 1887 6220 sed
1907 6161 2040 6218 irntnshn'n
2052 6161 2168 6230 propriu.
2180 6157 2289 6226 caethei,
2307 6159 2430 6212 luberen-

1476 6263 1512 6312 tes
1542 6257 1610 6310 nihii
1635 6257 1776 6324 ceptione:
1807 6253 1875 6306 rrrrde
1893 6261 1957 6312 ete,
1977 6263 2045 6314 quae
2063 6249 2140 6298 etiam
2163 6245 2268 6298 interius
2288 6259 2335 6308 pro
2354 6245 2433 6314 qttust'

1475 6345 1565 6398 dicut:
1585 6357 1638 6396 :rori
1660 6343 1691 6396 de
1711 6341 1776 6392 urreis
1796 6341 1927 6392 substituit
1946 6337 2025 6388 it'nuc
2044 6335 2130 6386 otiien
2154 6345 2205 6384 eron
2227 6329 2251 6380 in
2273 6329 2347 6380 aneis.

1547 6427 1567 6458 ¹¹
1589 6431 1662 6478 t'ers
1688 6431 1727 6480 rt,
1748 6453 1782 6464 -
1802 6425 1925 6492 Sequitur
1942 6425 2016 6474 ituro.
2040 6421 2066 6480 t,
2087 6419 2128 6468 20.
2148 6431 2202 6482 seq.

1547 6513 1568 6544 ²²
1588 6515 1663 6566 t'ers.
1686 6515 1726 6564 ta.
1743 6539 1778 6550 -
1799 6511 1904 6564 interius
1928 6511 2071 6572 alleguntur
2091 6507 2151 6554 Luc.
2172 6503 2202 6566 b,
2228 6503 2250 6548 8.
2272 6505 2297 6550 et
2315 6503 2362 6564 22,
2387 6503 2430 6552 32.

1474 6601 1557 6662 Beda,
1577 6599 1604 6650 tt.
1624 6599 1716 6650 llnmil.
1739 6601 1845 6662 gerulo.
1865 6596 1952 6648 trnroil.
1980 6589 2016 6642 t't.
2038 6593 2061 6642 io
2081 6587 2160 6638 Natali
2186 6587 2234 6638 Db.
2252 6585 2343 6646 etpost„
2363 6587 2430 6638 Petri

1474 6693 1500 6740 et
1519 6687 1603 6750 eoiret,
1622 6689 1754 6752 exquirens
1773 6687 1833 6739 illud
1856 6685 1941 6736 tintth.
1964 6683 2010 6740 16,
2033 6679 2081 6728 ts:
2102 6675 2136 6728 Et
2154 6687 2201 6742 epo
2220 6671 2278 6724 dice
2293 6669 2352 6734 titt,
2366 6671 2430 6740 quio

1475 6779 1503 6824 lu
1530 6789 1559 6824 rs
1585 6773 1683 6824 Penus
1705 6781 1769 6836 etc,
1799 6773 1877 6826 dicit:
1907 6773 2010 6828 Peterin,
2039 6765 2083 6830 qui
2109 6763 2196 6812 Simon
2226 6763 2300 6808 anteo
2328 6759 2430 6812 diceba·

1441 6861 1445 6892 ¹
1475 6867 1530 6926 tur,
1550 6861 1584 6916 ob
1607 6863 1783 6924 tortitudinem
1804 6863 1863 6914 fidei
1883 6867 1908 6912 et
1932 6853 2103 6910 consessionis
2129 6863 2192 6902 snae
2220 6845 2390 6898 constantiam
2417 6861 2430 6896 a
