5900 8266
562 679 625 744 606

560 847 704 914 dubitant
733 849 762 910 et
799 843 988 928 subintelligi
1024 843 1147 920 volunt,
1181 841 1295 908 diaboli
1331 859 1399 908 esse
1432 835 1518 922 quad

411 951 681 1018 6616166666».
705 949 785 1014 llaec
814 955 921 1014 autern
942 947 1098 1014 dubitatio
1118 945 1262 1012 veniebat
1292 945 1353 1012 11116
1374 961 1417 1012 66
1448 961 1518 1010 cor-

561 1055 707 1138 ruptione
738 1051 943 1120 conscientiae
977 1071 1071 1132 suae3
1107 1051 1190 1120 unde
1226 1053 1516 1138 chrysostomum:

565 1187 580 1218 6
599 1159 705 1226 Omnis
737 1159 831 1224 borno
863 1159 1037 1224 secundum
1061 1175 1096 1224 se
1117 1159 1278 1226 existimat
1299 1153 1455 1236 alterum,
1485 1161 1518 1224 et

559 1263 746 1330 fornicarius
770 1263 926 1330 neminem
945 1269 1038 1348 putat
1058 1267 1194 1342 castum,
1220 1270 1325 1330 castus
1342 1283 1404 1330 non
1425 1261 1517 1330 facile

558 1369 599 1436 de
623 1367 793 1434 fornicario
823 1367 1018 1452 suspicatur,
1049 1369 1209 1452 superbus
1227 1369 1394 1450 ,nentinem
1424 1377 1517 1454 putat

559 1473 730 1552 numilem;
753 1471 798 1540 sic
829 1471 883 1558 qui
909 1489 970 1538 non
992 1479 1041 1540 est
1068 1473 1198 1540 661166
1229 1473 1374 1540 sacerdos
1398 1473 1517 1540 nullius

558 1579 768 1646 sacerdotium
791 1585 880 1664 putat
905 1595 972 1668 esse
987 1597 1031 1644 ex
1052 1579 1116 1644 Dea
1134 1605 1164 1642 a.
1188 1579 1276 1646 Unde
1296 1583 1329 1644 et
1351 1597 1463 1646 caecus
1477 1579 1515 1642 il-

557 1685 731 1752 luminatus
745 1683 900 1768 arguebat
921 1683 1162 1751 Pharisaeorum
1177 1683 1374 1762 caetitatem,
1399 1683 1452 1768 qui
1469 1683 1515 1750 di-

557 1791 682 1868 oebant,
708 1807 739 1858 se
764 1789 900 1868 nescire,
929 1789 1015 1856 crude
1037 1789 1182 1856 Christos
1214 1795 1308 1868 esset,
1342 1789 1515 1858 secundum

556 1897 635 1964 illud
659 1897 781 1964 loannis
807 1895 934 1962 nonai:
965 1921 980 1954 «
1006 1897 1038 1960 ln
1070 1895 1131 1962 boc
1162 1894 1305 1961 mirabile
1338 1901 1399 1976 est,
1429 1897 1514 1982 quod

555 2023 612 2072 vos
636 2003 775 2084 nescitis,
798 2001 984 2070 66616616».
1016 2001 1170 2068 «Scimus
1185 2007 1310 2082 autern,
1336 2001 1419 2086 quad
1443 2021 1515 2088 pec-

555 2117 678 2180 catores
701 2113 786 2178 Deus
807 2109 999 2190 nanaudlt,
1024 2107 1078 2176 sad
1100 2107 1126 2176 si
1152 2109 1222 2194 quis
1247 2109 1300 2176 Dei
1322 2111 1515 2180 voluntatem

555 2215 629 2282 iacit
646 2243 661 2276 »
688 2223 745 2284 etc.
780 2215 849 2282 ideo
880 2215 995 2280 dicitur
1028 2213 1230 2284 Ecclesiastici
1265 2215 1402 2284 decimo:
1432 2243 1449 2278 <c
1478 2217 1514 2284 ln

557 2337 654 2388 manu
675 2321 730 2386 Dei
763 2325 900 2406 potestas
928 2319 1119 2400 bominis»;
1145 2325 1175 2388 et
1207 2321 1245 2388 ad
1277 2323 1429 2390 Romanos
1460 2323 1513 2392 de-

554 2425 637 2492 cimo
660 2427 771 2494 tertio:
799 2453 816 2486 «
831 2425 897 2494 Non
919 2431 967 2494 est
989 2433 1127 2512 potestas
1150 2429 1209 2496 nisi
1230 2449 1251 2496 a
1274 2431 1337 2514 Deo
1352 2455 1369 2488 »
1397 2435 1455 2498 etc.

645 2533 673 2598 6.
701 2533 798 2620 (Vens.
826 2533 880 2618 3.).
899 2533 1038 2602 Secundo
1064 2543 1216 2620 quantam
1232 2537 1273 2602 ad
1294 2537 1511 2624 capacitatem

428 2651 537 2750 scalapicsittias
557 2635 681 2706 Cdrt‘stt'
704 2641 738 2706 666
770 2639 949 2708 resistendo
961 2727 962 2732 ἵ
976 2641 1145 2708 subditur:
1169 2643 1379 2728 Respondeas
1400 2651 1512 2708 caten

520 2735 525 2748 '
554 2745 648 2812 16666
669 2745 758 2812 citarit
780 2747 828 2812 ad
848 2745 939 2812 ilios:
964 2745 1179 2830 intercapedo
1196 2767 1254 2812 aas
1275 2755 1380 2830 66666
1403 2765 1512 2812 natata

554 2851 700 2916 66666666.
723 2851 800 2918 Cum
827 2849 954 2918 deberet
969 2851 1173 2934 respondere,
1199 2849 1425 2932 interrogabat,
1449 2867 1510 2914 non

554 2955 629 3040 quia
651 2955 798 3034 nesciret,
824 2953 878 3022 sed
900 2955 974 3038 quia
999 2953 1110 3020 melius
1136 2953 1272 3036 ligantur
1296 2971 1352 3036 per
1376 2953 1511 3016 interro-

553 3061 709 3148 gationem
730 3061 843 3126 facturn
867 3077 962 3142 quam
986 3075 1043 3142 per
1068 3057 1302 3142 responsionem
1323 3055 1509 3124 absolutam.

553 3165 640 3232 Unde
669 3163 789 3238 Batiai:
821 3187 835 3220 «
850 3163 973 3228 Poterat
1006 3169 1114 3244 aperta
1145 3163 1347 3246 responsione
1379 3167 1510 3228 tentato-

555 3287 628 3336 rum
650 3267 838 3334 calumniam
854 3267 1032 3344 confutare,
1055 3265 1108 3334 sed
1126 3267 1299 3352 prudenter
1322 3267 1510 3352 interrogat,

554 3379 589 3442 ut
620 3373 916 3452 66166661166616,
950 3374 1086 3440 661666
1119 3373 1270 3440 sententia
1303 3373 1509 3442 condemnen-

554 3487 606 3544 tur
625 3505 654 3558 6,
688 3477 769 3544 sicut
791 3495 889 3564 supra
918 3477 1038 3544 decimo
1070 3471 1169 3544 nono':
1199 3503 1212 3538 6
1236 3479 1281 3544 Er
1307 3495 1362 3544 ore
1392 3485 1448 3544 tuo
1480 3487 1509 3546 te

553 3585 673 3664 iudico,
708 3601 799 3652 serve
832 3601 966 3670 nequam
985 3611 1015 3650 a.
1053 3583 1181 3652 Cautela
1213 3585 1298 3652 enim
1331 3593 1392 3664 est,
1426 3585 1509 3670 parad

560 3715 576 3748 <‹
589 3689 716 3754 omnino
740 3689 916 3754 adversanti
941 3691 1067 3756 omnino
1088 3691 1319 3758 adversandum
1343 3691 1415 3756 estt
1432 3717 1461 3768 a,
1479 3695 1509 3756 et

554 3793 927 3902 cantraktergirersantes
949 3801 1073 3880 oportet
1095 3813 1137 3862 66
1160 3795 1242 3862 datis
1263 3795 1448 3880 procedere,
1474 3799 1509 3864 at

554 3899 729 3966 vincantur.

643 4007 672 4072 5.
698 4005 800 4090 (Veis.
824 4005 879 4090 6.).
903 4005 973 4072 ldea
998 4012 1087 4073 caute
1118 4005 1242 4092 quaerit
1263 4013 1295 4072 et
1317 4005 1507 4092 interrogat,

390 4127 532 4222 calwe·
554 4117 603 4192 at,
629 4111 779 4198 quidquid
802 4111 1022 4198 respondeant,
1040 4113 1281 4192 convincantur,
1300 4131 1371 4180 cum
1387 4113 1507 4180 subdit:

494 4209 500 4224 '
554 4219 750 4304 Respondete
772 4215 884 4286 antici:
899 4219 1094 4306 Baptismus
1118 4219 1255 4288 1666666
1275 4219 1363 4288 cande
1385 4227 1459 4288 6666
1472 4219 1507 4286 56

557 4325 599 4390 116
623 4323 728 4402 66616,
753 4345 800 4390 an
821 4345 861 4392 an
884 4323 1097 4392 lcornt'nt'bas?
1121 4327 1165 4392 ld
1188 4327 1248 4394 lroc
1271 4345 1333 4392 non
1364 4333 1509 4418 poterant

554 4433 743 4518 respondere
763 4433 822 4500 nisi
857 4431 1038 4516 tripliciter:
1062 4435 1113 4500 vel
1142 4433 1326 4520 simpliciter
1355 4435 1506 4514 tacenda,

554 4543 582 4606 et
607 4537 649 4606 sia
674 4543 762 4606 erant
785 4537 925 4618 confusi;
947 4539 998 4606 vel
1019 4537 1167 4620 dicendo,
1189 4539 1274 4626 quod
1298 4545 1365 4606 erat
1391 4537 1507 4606 61666-

553 4643 712 4722 nnin'lnts,
744 4649 774 4712 et
806 4645 851 4712 sic
873 4645 913 4712 ab
944 4645 1125 4714 boatinlbus
1148 4653 1251 4714 essent
1283 4645 1426 4732 lapidati;
1458 4647 1507 4714 661

553 4747 694 4830 dicendo,
719 4753 804 4836 quod
827 4753 867 4818 de
892 4753 972 4830 Dea,
995 4757 1026 4818 et
1050 4751 1094 4818 sic
1118 4753 1260 4820 Christus
1282 4751 1413 4818 haberet
1434 4771 1506 4838 pro-

464 4927 466 4932 ,
553 4857 704 4942 positum,
726 4857 801 4942 quia
813 4859 942 4924 loannes
959 4857 1121 4942 perbibuit
1135 4857 1350 4924 testimonium
1364 4857 1403 4924 tle
1419 4859 1506 4924 Cirri-

553 4969 600 5032 sto
617 4963 645 5030 in
668 4981 725 5032 suo
740 4963 910 5050 baptismo,
928 4963 1102 5032 sectandum
1124 4963 1202 5032 illud
1220 4963 1341 5030 loannis
1357 4963 1467 5048 quinto
1479 4963 1505 5032 6:

623 5281 744 5336 ¹Hornil.
764 5285 807 5336 33.
827 5283 855 5334 16
878 5283 971 5334 1166116.
995 5283 1044 5350 Sl,
1068 5285 1113 5336 23.
1139 5283 1198 5348 (Op.
1221 5281 1386 5348 imperfect).
1412 5285 1508 5335 Toxlus

552 5373 684 5438 originalis
701 5377 762 5436 post
780 5371 899 5426 61666666
919 5371 991 5422 addit
1008 5383 1057 5424 nec
1071 5369 1233 5440 6616616666
1250 5369 1348 5424 actalius
1365 5369 1465 5424 6661666
1478 5371 1508 5424 616

552 5459 620 5526 atio,
639 5473 723 5530 pcrnrn
741 5455 1067 5526 :pentecontarcos
1086 5463 1146 5524 6666
1159 5455 1288 5510 tramitem
1306 5455 1442 5522 subiungit
1462 5457 1508 5512 166-

551 5545 622 5602 666166
644 5545 879 5602 6666666666666666166
898 5543 1125 5614 6666666666666.
1147 5545 1194 5596 Pro
1213 5543 1362 5614 sanctitatae
1381 5545 1432 5596 GH
1452 5545 1507 5614 666-

551 5635 691 5690 nt'cationa.
810 5639 813 5644 '

621 5721 631 5752 ²
652 5725 728 5778 l'ers.
746 5725 791 5776 30.
813 5729 840 5776 66
863 5723 907 5774 3-1.
925 5749 962 5760 -
979 5721 1037 5776 Duo
1066 5737 1143 5790 seqq.
1166 5723 1296 5800 16616666
1314 5721 1393 5776 Ε6611.
1415 5723 1462 5788 10,
1481 5725 1507 5776 5.

476 5841 479 5848 ·
552 5811 608 5874 tubi
626 5827 675 5878 pro
689 5815 822 5880 66666666,
850 5811 922 5878 quod
946 5811 1026 5864 etiarn
1048 5805 1186 5878 11666666,
1214 5809 1291 5864 dard.
1315 5811 1436 5876 1166666
1462 5815 1508 5878 Ly·

550 5917 629 5956 66666
648 5899 1109 5970 6616116661,6616666666666666661
1129 5901 1249 5954 6611666.
1274 5901 1315 5964 13,
1340 5903 1359 5954 6.

620 5989 630 6022 ³
651 5991 706 6046 Lib.
726 5991 757 6044 V.
777 5995 803 6046 in
822 5995 884 6044 Luc.
899 5991 944 6054 aa,
965 5993 988 6044 3.
1010 5989 1508 6058 (666666666616166666666666666-

551 6111 586 6120 -
598 6083 720 6148 Seqcritur
739 6083 800 6136 Luc.
815 6081 862 6142 19,
881 6083 924 6134 St.
935 6109 973 6120 -
984 6073 1110 6146 Superius
1122 6095 1170 6146 pro
1190 6079 1375 6148 6666666666661
1395 6079 1443 6134 ΑΟ
1456 6083 1507 6134 Dii

550 6169 711 6238 6616666666.

619 6255 631 6286 ⁴
651 6259 930 6322 Α666661.,11.Ε166616.
951 6271 974 6310 c.
986 6259 1012 6310 2.
1032 6257 1065 6326 (c.
1088 6259 1154 6328 li.):
1171 6259 1236 6310 Nam
1255 6259 1360 6310 omnino
1379 6259 1508 6310 adversus

549 6345 726 6404 contentiosos
743 6331 784 6400 est
800 6345 996 6412 reluctandum,
1018 6361 1068 6398 non
1089 6351 1116 6398 ut
1136 6345 1168 6398 ad
1188 6361 1233 6398 eos
1258 6345 1305 6412 qui
1331 6345 1508 6412 redarguunt,

549 6435 599 6488 sed
614 6433 662 6500 qui
678 6435 840 6502 redarguere
864 6439 1008 6500 apparent;
1028 6437 1167 6488 nonenim
1188 6435 1317 6496 dicimus,
1336 6433 1509 6500 6666611661-

548 6535 620 6584 zare;
635 6537 730 6590 quare,
743 6529 773 6576 ut
784 6537 838 6576 non
850 6523 1001 6586 videantur,
1020 6523 1176 6576 emendandi
1196 6529 1282 6576 sunt...
1300 6523 1356 6576 Non
1370 6523 1508 6586 66666661-

548 6609 637 6674 argui,
657 6611 705 6662 sed
722 6611 804 6664 videri
824 6609 948 6676 redargui
972 6611 1120 6662 cavendam
1145 6615 1251 6664 661616.
1275 6607 1327 6664 Gir.
1348 6607 1413 6664 ibid.
1439 6621 1461 6660 c.
1481 6609 1507 6660 3.

549 6693 585 6760 (c.
605 6695 737 6762 66666161
758 6697 791 6750 de
816 6697 984 6762 responsione
1004 6697 1041 6752 'ad
1058 6697 1194 6752 1666666666
1217 6697 1274 6752 sive
1292 6711 1329 6754 ca
1346 6697 1416 6752 datis
1439 6701 1508 6766 (cort-

548 6781 653 6846 cessis),
671 6781 706 6838 de
723 6785 850 6850 66661616
869 6785 1002 6838 66666616.
1023 6786 1245 6850 detepuerat.
1265 6787 1290 6838 66
1305 6789 1354 6840 1166
1369 6785 1416 6854 (lit.
1433 6799 1455 6838 c.
1470 6783 1506 6852 6.)

548 6873 575 6916 66
593 6869 616 6916 S.
638 6869 744 6936 Tuom,
766 6873 789 6922 in
809 6873 841 6924 V.
865 6873 977 6940 iletaph.
997 6875 1056 6928 6666.
1082 6875 1105 6924 6.
1125 6875 1194 6928 Vide
1212 6879 1276 6928 tam.
1295 6877 1337 6928 Vl.
1356 6889 1418 6940 pag.
1439 6873 1506 6940 393,

547 6959 638 7004 nolam
659 6955 699 7006 tt.

1145 665 1339 734 colluunt.
1363 665 1401 730 lN
1423 659 1662 728 uvlututluu
1684 661 1800 728 tuella
1826 661 1857 728 C.
1883 661 1944 728 XX.

1586 837 1677 904 «Vos
1703 837 1832 904 misistis
1850 837 1888 904 ad
1913 839 2074 916 loannem,
2097 843 2128 904 66
2144 835 2210 922 6666
2232 833 2447 902 testimoniam
2462 851 2533 920 per-

1580 941 1682 1010 hibuit
1700 943 1821 1010 veritati
1840 971 1869 1008 tt.
1896 943 1971 1010 Nam
1985 943 2101 1012 dicitur
2123 943 2243 1010 loannis
2268 943 2385 1028 primo:
2407 943 2532 1010 «Testi-

1581 1049 1719 1116 monium
1752 1049 1912 1134 perbibuit
1935 1051 2063 1116 1666666
2093 1049 2216 1116 dicens:
2240 1047 2321 1132 Quia
2342 1049 2404 1118 vidi
2437 1047 2532 1136 Spiri-

1580 1163 1649 1222 tum
1664 1161 1804 1222 sanctum
1824 1157 1905 1224 sicut
1926 1155 2103 1224 columbam
2126 1155 2361 1224 descendentem
2384 1157 2420 1224 de
2450 1158 2532 1224 caela

1580 1267 1810 1328 almanentem
1835 1279 1929 1348 super
1956 1279 2081 1342 eum»;
2108 1287 2124 1320 «
2142 1265 2171 1328 et
2207 1279 2265 1346 ego
2289 1261 2352 1328 vidi
2385 1269 2414 1330 et
2448 1261 2532 1328 testi·

1579 1367 1719 1434 rnonium
1747 1367 1908 1452 perhibui,
1933 1367 2009 1454 quia
2038 1367 2091 1432 bic
2114 1373 2160 1432 est
2192 1367 2284 1434 Filius
2309 1369 2362 1434 Del
2386 1395 2413 1434 a.
2447 1369 2531 1436 Unde

1579 1471 1684 1540 Glossa
1699 1473 1726 1538 ⁷:
1757 1499 1772 1530 «
1788 1473 1888 1554 Quem
1911 1471 2099 1540 confitemini
2125 1473 2161 1540 de
2186 1473 2270 1540 caelo
2288 1475 2438 1542 babuisse
2459 1491 2532 1558 pro-

1578 1575 1732 1660 phetiam,
1758 1575 1833 1642 mibi
1857 1577 2019 1660 perbibuit
2041 1577 2269 1660 testimoniam,
2292 1579 2387 1674 etan
2407 1579 2532 1646 111666-

1561 1681 1679 1762 distis,
1716 1683 1748 1750 in
1782 1699 1845 1768 qua
1880 1689 2031 1768 potestate
2068 1683 2144 1750 baec
2178 1685 2287 1760 faciam
2313 1713 2342 1750 6.
2381 1685 2530 1768 Quoniam
2555 1699 2685 1746 soranum.

1578 1805 1666 1872 ergo,
1690 1795 1726 1856 ut
1750 1789 1864 1856 dicitur
1883 1789 2004 1854 loannis
2024 1789 2161 1872 primo⁸,
2192 1807 2280 1856 «nan
2306 1797 2374 1858 erat
2389 1791 2441 1858 ille
2456 1791 2530 1872 166,

1578 1897 1632 1962 sed
1655 1903 1692 1962 ut
1715 1895 1927 1964 testimonium
1952 1893 2134 1980 perbiberet
2154 1895 2195 1962 de
2216 1897 2334 1964 lumine
2349 1923 2382 1978 »,
2408 1897 2530 1964 arabita-

1578 2007 1660 2068 tores
1684 2001 1722 2068 de
1748 2001 1870 2068 tanciae
1893 1999 2097 2068 remittuntur
2122 1999 2158 2066 ad
2180 2001 2456 2068 considerationem
2483 2003 2529 2066 ta-

1578 2125 1711 2186 666666
1730 2125 1819 2186 nam,
1838 2105 1920 2174 sicut
1936 2105 2050 2172 dicitur
2075 2105 2196 2172 loannis
2214 2107 2338 2190 quinto,
2363 2131 2379 2164 «
2392 2105 2445 2170 1116
2462 2113 2529 2170 6666

1577 2213 1707 2280 1666666
1727 2215 1842 2282 ardens
1866 2219 1897 2280 et
1916 2217 2024 2282 lucens
2039 2237 2076 2294 »;
2100 2221 2132 2278 et
2152 2211 2358 2278 dubitatores.
2371 2211 2407 2278 de
2433 2211 2529 2278 Verba

1577 2321 1781 2402 remittuntur
1813 2321 1849 2388 ad
1883 2339 2010 2398 nocant:
2038 2319 2159 2386 loannis
2192 2319 2310 2404 primo:
2339 2343 2355 2376 α
2374 2317 2436 2404 Ego
2466 2335 2529 2384 nox

1576 2429 1737 2496 clamantis
1761 2431 1791 2494 in
1817 2429 1941 2494 deserto
1955 2453 1986 2492 6.
2515 2483 2520 2492 .

1664 2537 1695 2600 6.
1712 2537 1813 2620 (Vens.
1838 2535 1892 2616 6.).
1909 2533 2014 2600 Tertio
2030 2503 2186 2618 qnantum
2200 2533 2241 2596 ad
2263 2529 2529 2596 Pharisaeorum
2550 2545 2678 2642 ,idcina

1575 2637 1776 2704 cloloca‘tatera
1801 2637 1836 2704 t'n
1867 2635 2135 2722 subterfupt'anda
2168 2629 2387 2720 subiungitur:
2413 2637 2456 2700 rit
2483 2633 2532 2700 6116
2582 2663 2636 2694 rum.

1574 2741 1761 2826 6666666666
1775 2743 1869 2806 66666
1890 2739 2088 2818 aedicantes,
2106 2741 2197 2828 6666,
2216 2741 2250 2806 66
2263 2741 2466 2806 6666666666·
2486 2741 2529 2806 De

1574 2845 1673 2922 caela,
1697 2845 1872 2912 confitendo
1894 2845 2075 2922 ceritatem;
2093 2845 2178 2908 dicet
2192 2845 2298 2910 nobis:
2324 2845 2436 2926 Qctara
2450 2865 2529 2930 6666

1573 2967 1638 3012 aon
1655 2949 1842 3016 credidistis
1866 2949 1894 3014 et
1906 2949 1943 3014 ⁹?
1958 2947 2121 3032 arguendo
2135 2947 2251 3014 scilicet
2266 2955 2406 3014 nostram
2424 2949 2528 3016 66666-

1574 3051 1764 3132 666666666666,
1788 3073 1851 3138 qua
1874 3055 1993 3120 scilicet
2013 3053 2081 3118 viro
2107 3053 2228 3120 caelesti
2251 3055 2379 3122 eredere
2402 3073 2529 3122 recusa-

1573 3159 1664 3238 bant,
1697 3159 1870 3226 secundum
1899 3159 1979 3226 illud
2008 3157 2152 3226 llattbaei
2185 3159 2367 3226 undecimo:
2395 3161 2526 3228 «Venit

1573 3265 1700 3332 loannes
1731 3283 1794 3330 nan
1823 3265 2016 3332 manducans
2048 3283 2148 3350 neque
2181 3263 2307 3346 bibens,
2339 3273 2370 3334 et
2399 3267 2526 3334 dicunt:

1572 3371 1776 3440 Daemonium
1801 3371 1940 3438 babet».

1661 3481 1691 3544 7.
1715 3477 1816 3562 (Vers
1842 3479 1896 3562 6.).
1916 3475 1952 3544 Si
1976 3483 2083 3544 atttcat
2102 3475 2528 3548 61666666666611616666666-
2547 3499 2632 3544 conte
2661 3467 2663 3472 ’

1572 3583 1647 3662 666,
1660 3583 1751 3670 plebs
1773 3583 1933 3652 66666666
1949 3583 2112 3670 lapidata
2125 3603 2200 3662 noa,
2228 3585 2426 3654 abhorrendo
2441 3607 2528 3654 anan·
2559 3559 2616 3598 sm

1571 3691 1756 3756 dacttatean.
1782 3691 1858 3756 Nam
1877 3691 2051 3774 blasphemi
2067 3689 2223 3776 lapidandi
2243 3699 2331 3760 erant
2355 3693 2527 3762 secundum

1570 3797 1699 3880 Legem;
1725 3795 1850 3862 Levitici
1874 3795 2022 3886 vigesimo
2047 3801 2160 3880 qcrarto
2174 3795 2220 3862 1⁰:
2248 3823 2264 3856 «
2282 3799 2365 3866 Educ
2380 3799 2526 3884 blaspbe-

1570 3919 1660 3970 mum
1684 3907 1775 3968 extra
1793 3907 1908 3992 castra,
1932 3907 1964 3968 et
1985 3909 2102 3986 ponant
2123 3919 2245 3984 ornnes,
2263 3905 2317 3990 qui
2343 3907 2528 3986 audierant,

1570 4025 1684 4076 manus
1706 4027 1780 4074 suas
1800 4025 1894 4092 super
1919 4013 2013 4092 caput
2033 4009 2117 4088 eius,
2141 4013 2173 4076 et
2195 4009 2310 4096 lapidet
2330 4029 2403 4078 eum
2426 4011 2529 4078 omnis

1569 4115 1707 4198 populas
1724 4141 1752 4180 a.
1771 4151 1812 4164 —
1832 4115 1922 4180 Certi
1934 4121 2012 4180 6666
2030 4115 2133 4194 enirn,
2154 4115 2308 4184 laannent
2326 4115 2526 4204 Propitetatn

1570 4239 1656 4298 6666,
1680 4225 1809 4306 6666166
1841 4219 2101 4288 evidentissimam
2125 4223 2336 4302 sanctitatem,
2360 4225 2400 4290 ob
2429 4241 2527 4308 quam

1570 4325 1610 4392 de
1625 4325 1737 4392 loanne
1751 4325 1867 4392 dicitur
1887 4325 2268 4396 tlattnaeiandecino11:
2291 4357 2304 4390 6
2321 4329 2400 4414 Quid
2417 4329 2528 4396 existis

1569 4433 1603 4498 in
1625 4433 1786 4500 desertum
1809 4433 1937 4500 videret
1963 4435 2172 4518 Prophetami
2196 4435 2310 4516 Etiam,
2337 4435 2526 4516 6116666666,

1570 4543 1603 4606 66
1617 4539 1688 4624 6166
1712 4557 1806 4624 quam
1823 4539 2008 4624 6666666666
2027 4565 2055 4604 a.
2081 4539 2166 4606 Unde
2182 4557 2280 4626 supra
2295 4541 2406 4608 tertio:
2435 4541 2526 4606 «66-

1569 4645 1728 4714 istimante
1750 4645 1835 4710 omni
1852 4645 1968 4730 populo
1988 4645 2029 4712 de
2050 4645 2176 4726 Ioanne,
2202 4663 2240 4714 ne
2256 4647 2337 4714 farte
2360 4645 2426 4732 ipse
2444 4655 2527 4714 esset

1569 4751 1731 4832 Christus3
1754 4751 1836 4818 dixit
1860 4753 2008 4818 loannes:
2035 4753 2096 4836 Ego
2125 4751 2247 4834 baptizo
2275 4771 2328 4818 vos
2350 4771 2451 4836 aqua,
2473 4769 2527 4818 66-

1569 4857 1633 4924 niet
1658 4857 1767 4924 fortior
1790 4875 1841 4924 me
1863 4861 1932 4940 post
1958 4873 2025 4936 me,
2047 4857 2139 4922 cuias
2161 4873 2224 4922 non
2240 4875 2310 4924 sum
2337 4857 2450 4942 dignus
2466 4857 2527 4924 sal-

1571 4979 1647 5030 vere
1670 4961 1836 5048 corrigiam
1859 4963 2142 5028 calceamentorum
2164 4959 2232 5028 eius
2248 4987 2279 5026 s.

1643 5281 1731 5332 ε’1166
1751 5295 1811 5332 cam
1834 5281 1943 5344 Vulgata
1963 5279 2055 5332 omittit
2075 5275 2145 5332 666666
2162 5283 2229 5344 6661,
2249 5285 2275 5332 66
2291 5277 2404 5332 subinde
2416 5285 2475 5342 post
2488 5279 2526 5332 De

1571 5369 1644 5422 caeto
1663 5369 1735 5422 addit
1753 5371 1813 5422 6666
1821 5389 1833 5434 ,·
1852 5367 1886 5418 de
1904 5367 2013 5420 lectione
2029 5367 2117 5432 codd,
2138 5365 2526 5434 quaeexllattlr.·21,25.est‚

1571 5457 1616 5506 cir.
1637 5455 1665 5508 B.
1686 5453 1785 5506 Albert.
1797 5483 1833 5492 ψ-
1846 5455 1972 5518 Superius
1991 5453 2103 5508 ACDH
2123 5455 2244 5506 ornittnnt
2257 5455 2318 5508 66166
2332 5457 2407 5508 catate
2420 5453 2529 5522 6666661

1571 5549 1596 5596 66
1613 5543 1778 5612 interrogant,
1796 5547 1842 5608 nt,
1861 5541 1989 5612 prtidpaid
2009 5541 2202 5612 respondeant,
2222 5543 2427 5608 66666666661666,
2441 5549 2465 5596 66
2477 5557 2526 5608 pro

1571 5645 1633 5686 6666
1652 5631 1740 5686 66166166
1759 5629 1917 5686 substituunt
1937 5631 1993 5686 ideo
2014 5631 2109 5688 subdit.

1643 5719 1746 5774 6Veis.
1767 5721 1815 5784 33,
1835 5729 1894 5788 post
1910 5737 1990 5788 quem
2013 5723 2041 5786 6,
2062 5725 2103 5776 36.
2123 5729 2148 5776 66
2166 5721 2210 5774 36.
2228 5749 2264 5760 -
2282 5721 2407 5786 Superius
2427 5733 2473 5784 pro
2494 5717 2527 5772 ab

1571 5809 1722 5866 6666666666
1740 5809 1790 5864 CG
1809 5809 1843 5864 ab
1862 5809 1996 5866 66666666.

1568 5913 1569 5916 ’
1643 5897 1653 5928 ⁷
1671 5899 1773 5952 Scilicet
1790 5897 1932 5952 6666666666
1952 5899 1991 5968 (ex
2007 5899 2094 5966 Beda,
2114 5899 2148 5952 V.
2165 5899 2193 5950 in
2210 5899 2274 5954 Luc.
2291 5899 2339 5962 20,
2358 5895 2405 5964 5.).

1642 5985 1747 6042 8Vers.
1770 5991 1793 6040 8.
1815 6017 1848 6026 *-
1867 5989 1924 6040 Duo
1945 6003 2017 6056 seqq.
2036 5989 2087 6040 loci
2105 5995 2166 6042 siant
2185 5991 2255 6042 lacn.
2273 5987 2304 6052 5,
2326 5987 2367 6038 35.
2387 5991 2411 6038 et
2433 5987 2459 6050 1,
2480 5985 2523 6036 23.

1642 6075 1707 6130 ilte
1725 6079 1804 6130 etiam
1824 6079 1906 6140 Beda;
1931 6077 1989 6130 ilat.
2009 6091 2070 6154 cum
2094 6079 2206 6142 Vulgata
2229 6075 2277 6130 6166.
2296 6103 2332 6114 -
2351 6073 2468 6126 Subinde
2492 6074 2527 6125 al·

1571 6165 1671 6230 legatur
1691 6167 1777 6218 liattir.
1797 6165 1843 6226 16,
1865 6167 2058 6220 16.-616666
2078 6163 2273 6220 iraterla'neurt'c:
2294 6161 2374 6228 0666,
2389 6159 2413 6214 66
2426 6159 2526 6214 61666666-

1571 6255 1708 6308 6666.·.616
1726 6253 1815 6318 caclo,
1834 6253 1901 6306 sicut
1919 6269 2013 6308 sertim
2032 6261 2083 6320 666,
2102 6253 2183 6310 616666.Ι
2204 6251 2295 6318 Quare
2317 6265 2381 6318 6666
2398 6263 2454 6304 666
2472 6261 2526 6304 666-

1571 6339 1673 6396 6666666
1694 6339 1749 6406 6116,
1776 6343 1839 6396 mibi
1865 6343 2041 6396 testimonium
2069 6343 2235 6408 perhibenti?
2259 6339 2290 6394 St'
2315 6343 2403 6394 661666
2430 6337 2526 6392 diicat-

1571 6443 1651 6484 tnns:
1670 6431 1715 6484 En
1733 6429 1895 6496 1666666666,
1916 6433 1940 6484 61
1958 6447 1988 6484 ex
2009 6433 2104 6484 invidia
2126 6433 2199 6484 istius
2216 6429 2307 6484 loanni
2326 6427 2526 6496 6616666666-

1571 6521 1704 6582 terimus,
1718 6517 1794 6586 pteas
1815 6519 1943 6574 6666666666
1961 6529 2010 6574 666.

1642 6607 1664 6638 ²⁰
1684 6607 1868 6662 166616.-
1889 6611 2015 6676 Superius
2033 6625 2082 6676 pro
2100 6607 2305 6664 arcanduct'tatetn
2328 6607 2374 6674 (ita
2397 6607 2457 6678 do)
2484 6609 2526 6662 alii

1571 6697 1648 6748 codd.
1666 6703 1692 6750 et
1709 6697 1768 6750 Vat.
1786 6695 1965 6764 6666666666,
1986 6695 2160 6750 Dasccunda
2177 6709 2255 6748 manu
2273 6693 2454 6764 blasphemiae
2463 6711 2526 6768 666-

1571 6783 1694 6838 666666666
1712 6797 1729 6838 6.

1642 6871 1662 6904 ²1
1683 6875 1759 6928 Vers.
1776 6875 1809 6936 93
1829 6871 1925 6926 deinde
1943 6875 2004 6926 166.
2023 6873 2054 6940 3,
2075 6871 2116 6924 lii.
2134 6877 2159 6924 66
2183 6871 2220 6926 16.
