5900 8266
482 571 547 640 632

481 747 558 814 dum
575 747 649 814 iacit
663 747 746 832 quod
764 747 903 814 maxime
917 753 1076 832 acceptat3
1092 747 1289 832 apocalypsis
1307 749 1440 814 terti01:

487 877 504 910 a
521 853 548 918 si
575 853 646 940 quis
668 853 831 936 aperuerit
852 853 928 918 mibi
965 853 1109 932 ianuam,
1134 853 1259 918 intrabo
1280 853 1320 918 ad
1349 853 1441 919 illum

481 964 515 1025 et
530 959 666 1026 coenabo
682 977 754 1024 cnm
773 959 825 1024 illo
840 985 870 1024 n.
889 959 974 1026 Unde
989 957 1114 1024 Glossa:
1138 985 1153 1016 a
1169 959 1340 1024 illinistrui
1361 959 1442 1024 Con-

480 1063 575 1130 ditori
599 1065 669 1150 qui,
684 1065 753 1132 eius
770 1063 1015 1132 misericordiam
1037 1063 1238 1130 considerans
1263 1069 1293 1130 et
1308 1063 1377 1130 eins
1392 1063 1443 1128 iu-

481 1169 562 1236 dicia
585 1171 823 1254 pertimescere,
846 1171 885 1236 de
908 1169 975 1236 suis
998 1171 1170 1236 virtutibus
1193 1187 1225 1236 se
1250 1163 1396 1234 humiliat
1407 1195 1439 1236 ».

482 1277 519 1342 Et
541 1277 615 1360 quia
639 1277 811 1360 posthanc
836 1275 1108 1360 compunctionem
1135 1273 1279 1360 sequitur
1302 1273 1440 1354 deuotio,

480 1381 551 1448 ideo
576 1381 695 1448 subdit:
723 1381 854 1466 depost
878 1379 959 1446 duee
981 1387 1019 1446 tu
1040 1379 1269 1470 munducabis
1289 1387 1319 1444 ει
1336 1379 1439 1458 bibes,

481 1503 539 1570 per
550 1491 678 1570 gustum
694 1485 874 1552 suauitatis
891 1495 1051 1552 ueteruue.
1070 1483 1176 1550 Glossa
1193 1485 1221 1550 2ε
1244 1483 1439 1570 «Postquam

387 1617 390 1628 ε
481 1595 537 1656 ιεε
560 1591 789 1674 praedicatione
812 1597 844 1656 et
865 1591 1105 1676 compunctione
1122 1589 1259 1658 reiectus
1275 1607 1340 1670 ero,
1363 1595 1440 1656 tunc

480 1697 606 1764 tandem
629 1699 766 1766 aeternis
789 1715 874 1764 meae
891 1699 1068 1788 sapientiae
1091 1697 1224 1782 dapibus
1234 1697 1392 1774 ,reficieris
1408 1721 1439 1776 »3

482 1803 667 1870 Psaimns³:
705 1805 849 1870 «itanum
879 1803 1033 1870 consolari
1064 1803 1168 1870 anima
1200 1821 1285 1882 mea,
1317 1819 1437 1870 memor

482 1909 528 1974 ini
551 1909 606 1976 Dei
630 1915 662 1976 et
683 1909 855 1976 delectatus
879 1927 950 1974 sum
967 1935 982 1968 »
1012 1913 1089 1990 etc.;
1113 1909 1301 1976 etiterum:
1334 1909 1440 1976 «Fue-

482 2021 558 2080 runt
582 2017 658 2080 mibi
681 2016 838 2098 lacrymae
872 2031 973 2094 meae¹
993 2033 1092 2100 panes
1113 2015 1163 2082 die
1187 2033 1222 2082 ac
1244 2022 1337 2084 nocte
1352 2041 1384 2096 »3
1408 2021 1440 2082 et

481 2125 568 2206 post:
599 2121 661 2188 «in
688 2139 763 2188 voce
796 2121 1018 2188 exsultationis
1047 2129 1080 2188 et
1112 2121 1315 2190 confessionis
1343 2141 1440 2190 sonus

481 2229 637 2314 epulantis
653 2255 682 2310 »3
709 2235 738 2296 et
761 2229 895 2298 iterum:
917 2231 1136 2298 «Convertisti
1153 2233 1313 2318 planctum
1336 2251 1439 2300 meum

338 2341 465 2440 §ffliffi
482 2337 514 2404 in
538 2337 687 2422 gaudium
713 2337 788 2404 mibi
806 2365 822 2398 »
851 2343 909 2404 ete.
934 2339 995 2404 Hoc
1020 2345 1125 2406 autem
1157 2345 1257 2404 totum
1282 2337 1356 2406 iacit
1379 2341 1440 2406 Do-

336 2455 403 2502 aiea
482 2443 588 2512 minus
608 2443 649 2510 ad
675 2443 885 2510 bumilitatem
917 2443 1182 2524 conservandam,
1214 2463 1294 2530 quae
1319 2451 1438 2512 cetera-

482 2567 554 2616 rum
588 2551 741 2616 virtutum
778 2557 824 2616 est
858 2549 969 2630 radix,
992 2551 1189 2616 conservatio
1223 2555 1254 2616 et
1288 2551 1438 2618 custodia.

482 2655 552 2722 ideo
575 2663 606 2722 et
638 2657 751 2722 Paulus
784 2653 844 2722 iarn
879 2655 1038 2740 perlectus
1073 2655 1195 2722 dicebat
1223 2655 1378 2722 secundae
1402 2657 1440 2722 ad

481 2761 659 2828 Corinthios
680 2761 864 2826 duodecimo
876 2761 906 2824 ag
926 2785 942 2818 t<
956 2761 997 2826 Nc
1014 2759 1196 2844 magnitudo
1213 2759 1440 2824 revelationum.

482 2868 612 2934 extollat
634 2851 702 2944 me,
726 2865 818 2932 datus
852 2873 900 2932 εει
926 2865 1005 2932 mibi
1037 2865 1183 2930 stimulus
1220 2863 1323 2930 carnis
1352 2881 1440 2930 meae

481 2973 612 3058 angelus
644 2981 769 3048 satanae
785 2995 816 3048 »;
848 2977 879 3038 ει
910 2971 1114 3038 Ecclesiastici
1148 2969 1255 3036 tertio:
1285 2995 1301 3026 «
1318 2971 1440 3052 Quanto

482 3095 615 3162 magnus
639 3095 689 3156 es,
716 3075 849 3142 humilia
876 3081 908 3142 ιε
937 3075 970 3140 in
998 3073 1164 3154 erunibus,
1188 3079 1220 3140 ει
1242 3091 1350 3140 coram
1374 3073 1439 3138 ileo

481 3181 621 3250 invenies
644 3181 776 3266 gratiam
790 3205 819 3256 »3
846 3197 918 3244 nam
944 3179 1148 3246 Ecclesiastici
1172 3179 1293 3246 decimo
1316 3185 1439 3246 octavo:

488 3313 504 3346 a
521 3287 598 3352 Cum
621 3283 887 3352 consummaverit
911 3285 1023 3364 bomo,
1049 3289 1123 3352 tunc
1148 3283 1317 3370 incipiet».

572 3393 624 3456 ab.
650 3391 749 3476 (Vers.
776 3393 804 3458 9.
835 3391 909 3460 lot.
934 3389 1077 3456 Secundo
1101 3397 1254 3474 quantum
1280 3391 1318 3456 ad
1334 3409 1440 3456 ueces-

342 3507 465 3606 ''ffiffissstffi
482 3497 612 3562 situtem
635 3497 819 3574 serviendi,
844 3515 937 3582 quam
958 3497 1120 3574 assumit,
1138 3497 1256 3564 subdit:
1281 3495 1441 3584 Numquid

431 3593 436 3604 ’
481 3603 633 3690 pralium
657 3601 751 3670 dubet
773 3621 865 3668 seruo
899 3601 963 3680 ilii,
986 3601 1067 3690 quie
1091 3599 1169 3688 feeit
1191 3601 1300 3690 quoe5
1325 3601 1356 3668 ei
1377 3601 1439 3668 im-

482 3709 685 3796 peruueruti
718 3709 792 3774 Nora
818 3715 922 3794 puto,
958 3707 989 3774 id
1021 3713 1084 3788 est,
1115 3715 1211 3792 puio,
1246 3707 1332 3794 qnod
1364 3727 1437 3774 non.

484 3815 607 3880 Glossa:
635 3841 652 3874 a
669 3813 748 3898 Quid
775 3813 906 3894 mirum,
929 3813 954 3880 si
978 3811 1052 3880 iacit
1085 3831 1195 3880 servus
1224 3813 1308 3898 quod
1331 3813 1440 3892 debet,

486 3919 578 3988 cuins
602 3927 648 3986 ast
671 3919 813 3986 laborare
839 3927 868 3988 et
893 3921 1012 3988 servire
1037 3919 1214 3988 assideant
1238 3919 1439 3988 Ecclesiastici

486 4027 647 4112 trigesimo
671 4027 781 4094 tertio:
811 4051 827 4084 α
845 4027 977 4092 Servum
997 4025 1150 4092 inclinant
1173 4025 1369 4110 operationes
1394 4043 1440 4090 as-

334 4147 467 4192 sianum·
487 4133 595 4200 siduae
611 4159 640 4198 s.
666 4171 710 4180 -
734 4133 771 4198 Et
791 4141 878 4212 nota,
904 4131 987 4218 quad
1010 4131 1164 4198 Dominus
1177 4133 1282 4200 dicere
1304 4131 1440 4210 videtur,

488 4239 571 4324 quod
595 4239 741 4306 dominus
763 4257 824 4306 non
851 4239 945 4306 habet
968 4257 1059 4324 agere
1091 4239 1223 4324 gratiam
1245 4255 1355 4318 servo,
1379 4257 1441 4304 non

486 4345 570 4432 qnod
594 4343 662 4414 eius
691 4361 789 4432 opera
816 4365 881 4414 non
909 4351 1063 4430 acceptet,
1088 4363 1161 4412 curn
1188 4345 1312 4412 dicatur
1338 4345 1440 4410 Eccle-

486 4453 601 4520 siastici
624 4453 786 4538 trigesimo
809 4453 946 4520 tertiol:
971 4477 985 4510 a
997 4453 1029 4516 Si
1052 4457 1100 4518 εει
1122 4449 1178 4518 tibi
1196 4469 1308 4518 servus
1331 4449 1440 4530 tidelis,

484 4559 524 4626 sit
547 4559 602 4624 tibi
625 4561 715 4644 quasi
739 4559 843 4624 anima
866 4563 937 4638 tua,
963 4557 1052 4646 qnasi
1077 4559 1207 4624 fratrem
1226 4555 1269 4624 sio
1286 4575 1358 4624 eum
1376 4563 1440 4622 tra·

484 4671 548 4746 cta,
571 4667 719 4752 qnoniam
742 4665 775 4732 in
799 4665 950 4750 sangnine
974 4665 1096 4732 animae
1118 4663 1305 4750 comparasti
1322 4681 1395 4732 enm
1410 4687 1439 4744 »;

485 4771 621 4840 sed-boc
644 4771 777 4852 dicitur,
801 4771 875 4858 quia
899 4771 983 4858 quod
1006 4771 1079 4840 lacit
1105 4769 1202 4856 magis
1226 4777 1273 4838 εει
1298 4770 1440 4838 debitum

555 5107 659 5164 ιιἐιε.
679 5113 723 5162 20.
740 5137 775 5148 -
794 5103 884 5164 Glossa
913 5125 969 5176 seq.
999 5117 1040 5164 εει
1065 5109 1209 5164 ordinario
1238 5113 1280 5176 (ex
1303 5111 1396 5176 Beda),
1414 5113 1440 5162 in
1470 5079 1473 5084 ἱ

484 5199 558 5252 cirins
576 5199 627 5250 line
648 5201 745 5250 iterim
764 5203 833 5250 textu
854 5197 972 5260 originali
990 5199 1062 5250 addit
1070 5215 1082 5258 ι,
1092 5197 1215 5250 Μιειειει·
1226 5197 1297 5250 euim
1309 5211 1327 5250 a
1341 5197 1443 5256 minori

484 5289 556 5340 aiutu
573 5285 681 5340 dicitur.
700 5285 784 5338 Codd.
803 5287 823 5336 Α
834 5277 884 5338 cb
903 5287 1006 5350 legunt:
1023 5285 1182 5340 diiambum
1200 5283 1347 5350 conditori,
1366 5285 1438 5354 qui...

484 5371 657 5428 colcsiderout
678 5377 729 5428 ei...
755 5371 948 5440 pertimescunt
976 5375 999 5426 et
1027 5371 1058 5426 de
1082 5371 1140 5428 suis
1168 5371 1316 5440 *ea‘mutibus
1340 5387 1368 5428 se
1393 5373 1439 5428 bu·

484 5461 599 5516 miliani.
784 5527 785 5532 η

554 5545 564 5578 2
584 5551 686 5602 Scilicet
704 5547 885 5602 interlinearis
907 5549 946 5616 (ex
966 5549 1058 5618 Beda).

555 5635 565 5666 ³
584 5641 678 5692 esaim.
695 5637 744 5702 76,
763 5639 789 5692 3.
807 5651 863 5704 seq.
882 5665 918 5676 -
936 5639 1053 5692 Subinde
1072 5641 1219 5704 allegantur
1242 5641 1283 5692 Ρε.
1302 5637 1350 5708 ii,
1370 5639 1392 5692 i.
1414 5641 1437 5692 6.

484 5737 509 5780 ει
528 5729 567 5780 Ρε.
588 5729 635 5794 22,
659 5729 699 5781 12.

554 5813 565 5844 ⁴
584 5815 708 5878 versi,
729 5817 754 5868 in
773 5831 826 5884 qno
847 5817 935 5882 piures
953 5817 1041 5880 codd,
1053 5821 1082 5870 ut
1100 5815 1196 5880 ACD,
1211 5815 1332 5870 omittunt
1346 5817 1437 5872 calmis

477 5901 566 5960 'meua
584 5933 619 5944 -
637 5907 695 5958 Duo
715 5921 789 5974 seqq.
807 5905 858 5958 ioci
884 5911 944 5958 sunt
973 5909 1048 5960 Eeoii.
1068 5909 1098 5972 3,
1119 5907 1164 5960 20.
1184 5911 1209 5958 ει
1230 5907 1276 5970 ιιι,
1297 5907 1320 5958 5.
1340 5935 1373 5944 -
1394 5909 1439 5960 Su-

483 5995 572 6058 perias
585 6007 633 6058 pro
647 5997 800 6050 ceterorum
818 5993 950 6048 virtutum
964 5997 1021 6048 Vat.
1036 5997 1211 6048 aeternorum
1230 5993 1378 6062 uirtutum,-
1393 5995 1438 6048 eir.

484 6087 569 6134 tamen
590 6083 615 6134 S.
633 6083 741 6148 Bonam,
761 6083 818 6134 Vita
848 6081 903 6134 sive
927 6083 1049 6148 Legenda
1067 6083 1095 6134 S.
1112 6083 1254 6146 Francisci,
1276 6097 1298 6134 c.
1327 6085 1351 6134 6.
1372 6083 1439 6134 Vide

484 6171 561 6222 etiam
581 6171 714 6232 bernard,
742 6171 853 6222 Tractat.
881 6171 916 6222 de
941 6169 1060 6224 moribus
1088 6177 1114 6224 et
1138 6171 1224 6222 oiiieio
1251 6171 1438 6236 episcoporum

486 6259 559 6328 (alias
577 6259 656 6324 Epist.
678 6259 745 6326 22),
764 6273 788 6312 ε.
806 6259 830 6310 5.
851 6273 878 6310 n.
898 6259 946 6324 ti,
966 6259 1010 6312 ubi
1031 6259 1079 6310 ait:
1100 6261 1127 6310 in
1147 6264 1245 6311 tantum
1265 6265 1304 6310 est
1328 6259 1440 6328 [bamili.

485 6347 534 6418 tas]
554 6349 707 6410 necessaria,
727 6351 754 6398 nt
773 6345 873 6412 absque
893 6347 940 6400 ista
960 6349 1016 6398 iliae
1028 6361 1077 6400 nec
1091 6361 1149 6400 εεεε
1162 6349 1271 6400 virtutes
1290 6347 1437 6400 videantur.

484 6429 587 6502 Nempe
603 6441 630 6488 ut
648 6433 751 6488 castitas
769 6449 816 6486 sen
835 6433 930 6508 caritas
959 6433 1047 6496 detur,
1075 6433 1207 6486 humilitas
1227 6439 1356 6500 meretur;
1375 6447 1438 6500 quo·

484 6525 554 6578 niam
573 6521 720 6578 bancalibus
739 6525 810 6576 Deus
827 6521 875 6576 dut
892 6523 1013 6592 prolium
1032 6521 1095 6592 [iac.
1115 6523 1145 6588 i,
1166 6521 1215 6590 6.].
1228 6523 1364 6576 Humilitas
1376 6535 1440 6586 ergo

484 6615 593 6666 virtutes
613 6613 675 6664 alias
693 6613 795 6678 accipit.
814 6613 907 6664 Servat
926 6619 1059 6676 acceptas,
1079 6613 1142 6680 qnia
1162 6625 1213 6664 non
1226 6613 1367 6678 requiescit
1385 6613 1439 6676 Spi-

484 6703 549 6754 ritus
569 6703 684 6766 Domini,
701 6703 752 6754 nisi
771 6715 852 6766 super
871 6699 991 6768 quietum
1008 6703 1034 6754 ει
1052 6699 1182 6754 humilem
1202 6699 1269 6768 [isai.
1290 6701 1338 6764 66,
1359 6703 1383 6754 2.
1403 6715 1440 6754 εε·

485 6791 602 6842 arandum
621 6783 811 6856 Septuaginta]
831 6791 954 6840 servatas
974 6795 1152 6854 eonsummat;
1171 6803 1236 6842 laum
1254 6787 1343 6842 uirtus
1362 6787 1389 6842 iu
1403 6789 1440 6842 in-

482 6875 625 6944 firmitate,
644 6879 694 6928 boc
712 6883 751 6928 est
764 6877 790 6928 in
804 6875 954 6936 bumilitate,
971 6875 1114 6944 perficitur
1131 6875 1175 6944 [ll.
1193 6875 1251 6928 Cor.
1270 6879 1313 6942 12,
1334 6877 1369 6946 2.]
1389 6883 1437 6930 ειε.

1062 573 1258 640 COMbiENT.
1280 573 1319 640 IN
1341 571 1578 640 uvtnesnibnl
1602 571 1719 638 Locis
1745 571 1775 636 C.
1801 571 1888 638 XVll.

1506 767 1599 832 qnam
1624 747 1760 826 donum,
1783 747 1883 832 magis
1912 743 2030 812 iustitia
2061 743 2205 810 tentionis
2237 761 2329 828 quam
2361 745 2460 828 gratia

1505 853 1798 938 supererogationis.
1825 853 1860 920 lit
1886 853 1944 918 boc
1965 849 2104 938 maxime
2128 857 2302 922 veruinast
2324 847 2355 916 in
2380 849 2458 930 Deo;

1505 957 1587 1024 vinde
1611 957 1664 1022 lob
1689 957 1846 1042 trigesimo
1871 957 1980 1042 quinto
1994 955 2020 1020 ⁷:
2042 981 2059 1012 (ι
2072 955 2183 1034 Porri),
2200 955 2224 1020 si
2243 953 2324 1020 inste
2346 955 2459 1040 egeris,

1505 1061 1732 1148 qniddonabis
1757 1063 1802 1142 ei,
1826 1073 1883 1132 aut
1904 1063 1979 1150 quid
2009 1063 2047 1128 de
2078 1079 2174 1126 manu
2199 1065 2253 1126 tua
2276 1061 2405 1144 recipiet
2423 1071 2460 1128 »ι

1505 1169 1590 1234 Unde
1612 1169 1737 1234 Glossa:
1767 1195 1782 1226 (ι
1799 1171 1829 1236 Si
1853 1171 1949 1238 boum
1970 1171 2011 1236 ab
2038 1167 2164 1235 homine
2189 1185 2279 1234 servo
2305 1187 2367 1234 non
2389 1171 2459 1234 uni-

1504 1271 1621 1350 forme,
1645 1273 1699 1338 sed
1723 1273 1890 1360 multiplex
1913 1273 2124 1342 ministerium
2139 1273 2237 1356 exigit
2260 1291 2318 1340 nec
2333 1277 2457 1358 gratum

1505 1381 1614 1456 babet;
1647 1385 1766 1462 quanto
1795 1381 1980 1464 magisnec
2015 1399 2087 1460 vos,
2112 1379 2164 1466 qui
2195 1375 2265 1444 siue
2297 1399 2346 1444 ure
2377 1377 2460 1446 uidit

1502 1485 1649 1572 potastis,
1665 1501 1727 1550 non
1754 1483 1848 1552 nnius
1872 1503 1965 1552 usum
1990 1487 2093 1572 operis
2110 1486 2158 1554 vel
2178 1483 2292 1552 laboris
2309 1503 2459 1552 exercere

1503 1591 1640 1670 debetis,
1663 1591 1717 1660 sed
1741 1609 1864 1676 semper
1888 1593 1976 1660 novis
2012 1593 2124 1660 studiis
2152 1579 2268 1680 augere
2300 1591 2405 1678 priora
2422 1601 2460 1660 »ι

1505 1699 1533 1766 Si
1557 1697 1641 1766 enim
1664 1715 1776 1766 verum
1800 1697 1886 1762 istud
1908 1705 1956 1764 est
1985 1697 2018 1762 in
2041 1699 2187 1778 homine,
2210 1717 2304 1768 servo
2327 1699 2459 1766 alterius

1504 1805 1655 1884 bominis,
1679 1803 1755 1890 qnia
1776 1801 1904 1870 servitia
1928 1803 1996 1870 eius
2018 1805 2118 1888 magis
2141 1811 2213 1870 sunt
2237 1805 2340 1872 debita
2365 1825 2459 1892 quarn

1504 1917 1608 1996 graia;
1637 1911 1695 1978 boc
1717 1909 1819 1978 mulio
1841 1909 1950 1976 verius
1970 1915 2019 1974 est
2040 1909 2073 1972 in
2105 1909 2250 1990 bomine,
2273 1927 2366 1976 servo
2388 1911 2458 1990 bei;
2480 1925 2582 1968 omnraa

1505 2021 1572 2082 tum
1589 2017 1662 2104 quia
1674 2015 1778 2084 omnia
1790 2021 1866 2082 snut
1883 2013 1923 2080 ub
1942 2013 2031 2100 ipso:
2047 2013 2142 2080 isaiae
2157 2013 2308 2098 vigesimo
2324 2022 2414 2080 sexto
2429 2017 2458 2080 8:
2502 1981 2556 2022 Μ’

1510 2121 1650 2190 «Omnia
1664 2143 1761 2210 opera
1776 2127 1885 2188 nostra
1898 2119 1930 2188 in
1948 2119 2036 2188 nobis
2052 2125 2202 2206 operatus
2224 2137 2268 2198 εε,
2284 2119 2415 2188 Domine
2428 2145 2458 2200 »;

1505 2237 1535 2298 ει
1558 2229 1651 2314 primi
1676 2229 1932 2314 Paralipomenon
1955 2227 2103 2314 vigesimo
2120 2245 2218 2294 nono:
2250 2227 2347 2294 «Tua
2372 2235 2460 2308 sont,

1504 2337 1645 2416 Domine,
1661 2337 1780 2416 omnia,
1797 2341 1927 2422 atquae
1944 2335 1980 2404 de
1997 2353 2093 2402 manu
2109 2343 2164 2402 tua
2181 2335 2359 2420 accepimus
2375 2335 2460 2402 dedi-

1506 2461 1578 2510 mus
1595 2443 1650 2512 tibi
1666 2471 1698 2512 s,
1727 2471 1743 2504 «
1760 2445 1843 2510 Deus
1859 2443 1943 2510 enim
1959 2447 2023 2522 εει,
2039 2443 2094 2528 qui
2111 2447 2262 2526 operatur
2277 2441 2310 2506 in
2327 2441 2414 2508 vobis
2432 2449 2461 2508 ei

1504 2549 1585 2616 velie
1605 2557 1638 2614 et
1660 2551 1813 2632 perficere
1835 2566 1894 2632 pro
1909 2549 1990 2614 bona
2007 2547 2165 2614 voluntate
2183 2575 2213 2626 »,
2229 2547 2267 2614 ad
2285 2547 2461 2632 Philippen-

1505 2671 1553 2720 ses
1577 2653 1722 2720 secundo.
1748 2655 1828 2718 Tum
1851 2653 1926 2736 quia
1943 2653 2045 2718 omnia
2070 2659 2143 2718 sunt
2164 2653 2225 2716 sub
2252 2653 2342 2736 ipso;
2368 2653 2461 2718 isaiae
2480 2665 2523 2710 so
2538 2663 2592 2708 Deo·

1505 2757 1743 2842 quadragesimo
1757 2757 1785 2820 ⁹:
1810 2783 1826 2814 «
1841 2755 1917 2838 eris
1934 2755 2081 2838 appendit
2104 2755 2208 2820 tribus
2222 2755 2328 2838 digitis
2343 2756 2457 2822 molem

1506 2869 1608 2928 terrac
1637 2869 1665 2928 ει
1691 2861 1816 2926 libravit
1838 2861 1869 2926 in
1903 2861 2038 2944 pondere
2075 2867 2198 2926 montes
2231 2869 2263 2926 et
2297 2861 2391 2926 colles
2426 2863 2458 2928 in

1505 2971 1670 3032 stateram
1701 2967 1819 3046 «Εεεε,
1843 2971 1951 3050 gentes
1973 2965 2064 3052 quasi
2087 2967 2167 3034 stilla
2193 2965 2304 3034 situlae
2322 2969 2351 3034 et
2368 2969 2457 3052 quasi

1505 3079 1699 3138 momentum
1721 3079 1854 3138 staterae
1880 3079 2041 3156 reputatae
2066 3079 2139 3140 sunt
2156 3101 2186 3140 ».
2216 3099 2231 3132 (ε
2249 3073 2363 3140 Omnes
2385 3091 2460 3160 gen-

1504 3185 1550 3244 tes
1574 3179 1662 3262 quasi
1688 3197 1748 3244 non
1774 3179 1851 3258 siut,
1878 3179 1920 3244 sic
1946 3187 2020 3246 sunt
2042 3197 2147 3246 coram
2171 3199 2208 3246 eo
2224 3187 2257 3246 ει
2273 3179 2362 3264 quasi
2381 3181 2460 3246 nibil

1505 3293 1536 3352 ει
1557 3283 1651 3352 inane
1673 3293 1838 3370 reputatae
1860 3293 1933 3352 sunt
1958 3285 1982 3352 ei
2001 3313 2031 3352 a.
2057 3287 2151 3366 item,
2176 3285 2251 3372 quia
2267 3285 2370 3352 omnia
2387 3291 2460 3352 sunt
2479 3299 2572 3396 egone

1501 3399 1638 3478 propter
1650 3391 1776 3476 ipsarum
1793 3393 2036 3460 proverbiorum
2052 3393 2171 3460 decimo
2189 3393 2336 3460 sext010:
2359 3419 2376 3452 «
2388 3395 2461 3460 Pro·
2507 3365 2563 3398 Μ’

1505 3505 1575 3582 pier
1598 3497 1799 3580 semetipsum
1826 3497 1929 3564 ornnia
1954 3505 2100 3582 operatus
2125 3503 2171 3566 εει
2203 3499 2397 3564 Dominus».
2426 3499 2462 3564 Et

1504 3601 1573 3670 ideo
1597 3603 1761 3686 Apostolus
1784 3603 1904 3688 primae
1926 3605 1966 3670 ad
1988 3603 2166 3670 Coriutbios
2190 3605 2327 3670 decimo:
2356 3629 2373 3664 (ι
2390 3605 2460 3670 Sive

1504 3707 1720 3788 manducatis,
1732 3709 1797 3776 sive
1814 3709 1938 3790 bibitis,
1956 3711 2022 3778 sive
2036 3711 2121 3778 aliud
2138 3711 2214 3796 quid
2225 3711 2343 3790 facitis,
2355 3711 2461 3778 omnia

1505 3815 1536 3880 in
1561 3813 1692 3900 gloriam
1717 3815 1773 3880 Dei
1794 3815 1886 3884 facite
1902 3843 1932 3880 ε.

1595 3923 1647 3988 ai.
1670 3923 1776 3988 Tertio
1798 3930 1953 4008 quantum
1976 3923 2016 3990 ad
2031 3921 2250 3990 bumilitatem
2270 3923 2460 4010 spiritualis
2480 3935 2603 3982 conctusa-

1508 4027 1697 4106 seruitutis,
1722 4045 1816 4112 quam
1851 4029 2031 4108 concludit,
2054 4029 2232 4114 subiungit:
2260 4029 2314 4096 Sic
2336 4037 2365 4096 et
2389 4049 2460 4108 eos,

1509 4153 1587 4200 cuma
1607 4129 1752 4220 feceritis
1776 4135 1901 4214 omniu,
1924 4155 2010 4224 quoe
2039 4143 2215 4222 praecepto
2249 4135 2460 4216 sarcinolis,
2530 4149 2545 4152 ’·

1507 4257 1563 4326 per
1588 4239 1831 4324 commistionem
1862 4243 2079 4322 obedieutiue;
2102 4245 2178 4310 baec
2211 4241 2292 4310 enim
2318 4249 2362 4310 εει
2387 4261 2462 4308 vera

1505 4345 1842 4432 obedientiamque
1871 4351 1975 4414 omnia
2003 4347 2172 4433 implentur
2205 4347 2357 4414 mandata.
2384 4347 2459 4414 Nan]

1506 4451 1607 4518 iacobi
1631 4451 1769 4518 secundo
1783 4455 1823 4520 11:
1853 4447 2082 4540 «Quicumque
2107 4459 2214 4520 autem
2242 4459 2339 4520 totam
2362 4453 2462 4538 legem

1506 4555 1698 4636 servaverit,
1721 4557 1856 4626 oilendat
1871 4567 1976 4628 autem
1994 4561 2026 4626 in
2041 4579 2123 4640 uno,
2141 4561 2240 4626 iactus
2258 4567 2304 4626 est
2320 4559 2460 4626 omnium

1507 4681 1582 4732 reus
1597 4665 1627 4744 »ς
1654 4669 1683 4732 ει
1707 4663 1938 4734 Deuteronomii
1965 4667 2112 4762 pigesimo
2142 4665 2286 4750 septimo:
2309 4665 2462 4732 «iiaiedi-

1506 4777 1593 4852 ειεε,
1616 4771 1671 4856 qui
1695 4789 1757 4836 non
1781 4777 1946 4858 permanet
1968 4773 1999 4840 in
2031 4773 2228 4840 sermonibus
2252 4773 2340 4858 Legis
2362 4771 2462 4838 huius

1575 5107 1688 5162 ⁵Codd.
1708 5107 1821 5162 CDGH
1841 5107 1927 5176 quod‚·
1948 5113 1994 5160 eir.
2022 5109 2047 5158 Β.
2067 5107 2164 5158 Aibert.
2182 5135 2219 5146 -
2235 5107 2326 5158 Glossa
2345 5119 2403 5174 seq.
2421 5113 2462 5158 ost

1504 5193 1686 5252 iuteriiucutis
1714 5195 1767 5264 (eir.
1793 5197 1923 5260 ambros,
1951 5197 2010 5248 iiiii.
2036 5197 2061 5246 in
2087 5197 2148 5248 Luc.
2167 5209 2189 5248 ε.
2212 5193 2252 5247 lt.
2272 5209 2296 5248 ε.
2320 5197 2459 5262 etseq),

1503 5287 1546 5338 eui
1565 5283 1732 5348 subiungitur
1751 5285 1826 5338 Eeeli.
1847 5287 1890 5350 33,
1910 5285 1952 5338 ai.

1574 5371 1680 5424 svers.
1700 5375 1745 5436 3i,
1766 5375 1792 5426 in
1815 5389 1869 5440 quo
1899 5371 1980 5426 sico
1999 5373 2121 5428 omittunt
2147 5371 2262 5428 amimae.
2280 5401 2315 5414 —
2335 5375 2461 5440 Superius

1503 5465 1560 5516 ilat.
1582 5461 1676 5516 omittit
1703 5461 1836 5518 Douaiuus
1863 5461 1952 5518 dicere
1970 5461 2088 5530 uidetur,
2106 5465 2128 5514 G
2156 5465 2218 5528 legit
2236 5463 2308 5532 quod
2329 5463 2462 5518 domiuus

1502 5549 1588 5606 dimit:
1608 5551 1670 5606 Non
1686 5551 1766 5606 babet
1783 5559 1830 5606 ειε.
1850 5555 1958 5606 lnlerius
1976 5569 2025 5620 pro
2039 5553 2160 5608 leutiouis
2175 5555 2232 5606 vu.
2246 5553 2377 5608 substituit
2390 5569 2463 5608 mer-

1503 5639 1626 5696 euticius.

1573 5727 1584 5758 ⁷
1604 5731 1677 5782 Vere.
1697 5731 1724 5782 7.
1741 5757 1777 5770 -
1796 5731 1885 5784 Glossa
1905 5747 1961 5800 seq.
1979 5737 2019 5784 est
2036 5731 2177 5786 ordiuuriu
2198 5731 2237 5798 (ex
2257 5731 2337 5798 Beda)
2352 5731 2376 5782 in
2397 5735 2463 5786 Luc

1507 5819 1551 5884 ti,
1571 5821 1613 5872 ib.
1633 5821 1659 5872 in
1678 5819 1734 5884 ipsa
1753 5821 1878 5884 allegatur
1905 5823 1971 5872 ioan
1992 5821 2040 5886 ib,
2059 5821 2091 5884 5,
2109 5819 2156 5872 ubi
2178 5825 2238 5884 post
2262 5819 2331 5872 reiicit
2345 5821 2460 5890 potestis

1502 5911 1526 5960 G
1544 5923 1604 5960 enin
1622 5909 1692 5962 Beda
1706 5909 1780 5962 addit
1790 5909 1878 5978 fucere
1887 5929 1897 5974 ‚·
1916 5923 1965 5974 pro
1983 5923 2032 5964 εεε
2044 5913 2156 5976 protum
2168 5907 2245 5962 dubet
2259 5911 2280 5962 H
2293 5925 2353 5962 cnm
2367 5911 2458 5962 Glossa

1502 6001 1528 6046 ει
1547 5997 1616 6048 Beda
1637 6007 1683 6050 εει
1703 5995 1821 6064 prolium
1842 5995 1926 6062 hobel,
1941 6003 1968 6050 ει
1980 5995 2092 6050 subinde
2105 6001 2163 6050 ante
2176 6011 2223 6052 vos
2240 5997 2311 6050 Beda
2332 6003 2355 6050 et
2368 5999 2458 6050 Glossa

1502 6085 1624 6136 omittunt
1642 6097 1698 6138 uec.
1719 6087 1744 6136 ln
1774 6087 1824 6136 dne
1850 6087 1992 6136 Glossaelt
2017 6085 2090 6138 addit
2114 6097 2163 6140 uec
2189 6097 2236 6138 εεε
2257 6085 2372 6148 iacietis,
2394 6085 2459 6154 quiu

1504 6173 1566 6226 bem
1584 6171 1704 6226 seruistis
1725 6173 1824 6240 (Glossa
1844 6173 1969 6242 seruilis).

1574 6255 1679 6314 8Vers.
1699 6261 1744 6322 ι2;
1766 6263 1811 6312 ειε.
1838 6275 1916 6326 supra
1945 6277 2004 6326 pag.
2026 6263 2091 6328 261,
2109 6269 2170 6316 nota
2192 6265 2234 6314 ia.
2252 6289 2288 6302 ··-
2306 6263 2363 6314 Duo
2383 6273 2463 6328 seqq.

1503 6349 1553 6400 loci
1571 6353 1632 6400 sunt
1651 6349 1668 6400 l.
1686 6349 1795 6412 varaiip.
1814 6349 1864 6412 29,
1886 6349 1926 6400 ii.
1946 6357 1973 6402 et
1989 6351 2053 6404 Pirii.
2076 6355 2106 6414 2,
2129 6341 2169 6404 13.

1574 6431 1682 6488 9ιἐεε.
1700 6437 1746 6498 12,
1765 6435 1861 6488 deiude
1889 6451 1917 6488 v.
1946 6439 1987 6490 ib.
2017 6445 2042 6490 et
2061 6439 2104 6490 -17,
2123 6465 2159 6478 -
2177 6439 2303 6504 Superius
2332 6451 2379 6504 pro
2407 6433 2459 6490 sub

1504 6521 1562 6592 ipsa
1581 6525 1603 6576 G
1620 6523 1655 6578 ab
1673 6521 1745 6592 apso,
1766 6525 1824 6578 Vnt.
1844 6537 1892 6592 per
1912 6523 2010 6592 msam.

1575 6611 1599 6642 ¹⁰
1619 6613 1690 6664 i'ers.
1712 6613 1740 6678 i,
1758 6619 1818 6676 post
1837 6627 1917 6678 quem
1936 6615 1953 6666 l.
1973 6613 2034 6670 Cor.
2055 6617 2098 6680 iii,
2116 6617 2160 6670 31.

1576 6701 1598 6730 ¹¹
1617 6703 1692 6754 Vers
1716 6703 1762 6762 iti,
1782 6703 1823 6754 eui
1853 6703 2013 6756 subnectitur
2033 6707 2106 6758 Dent.
2135 6707 2182 6768 27,
2204 6709 2250 6772 26,
2271 6705 2315 6758 ubi
2336 6717 2383 6770 pro
2399 6715 2465 6772 per·

1503 6795 1596 6844 mouet
1612 6797 1636 6842 ει
1652 6787 1757 6862 pudicit
1777 6791 1859 6844 ACD
1874 6791 2057 6860 permanserit
2077 6799 2102 6844 et
2115 6793 2271 6862 perfecerit.
