5908 8266
1187 533 1226 602 IN
1248 531 1846 602 60411447491088.,8981416346
2453 527 2519 600 743

805 623 876 678 hort·
2166 623 2227 678 ECC

520 713 611 776 plores
627 711 724 764 domos
742 715 780 766 est
800 713 955 766 curiositatis
974 717 998 764 et
1020 711 1164 774 reprehen·
1251 711 1290 752 -'-
1306 709 1398 764 444444
1412 715 1474 764 sunt
1484 707 1707 762 communicanda
1725 709 1770 762 1111
1789 709 1841 762 366
1877 709 1951 764 milio
1970 713 2093 776 naturae3
2110 711 2233 764 dormitio
2252 713 2342 766 salutis
2359 715 2400 764 est
2416 709 2519 764 dormi-

521 797 697 852 4441411121
723 813 750 852 4.
769 801 786 854 4
803 829 840 840 --
859 797 1164 864 habeturperproprie-
1200 797 1245 850 26.
1265 797 1320 850 483
1341 799 1373 850 32
1393 827 1428 838 -
1446 797 1494 852 Dei
1523 809 1575 850 non
1604 795 1681 850 debet
1703 797 1784 848 vendi
1805 797 1841 850 Vl
1877 795 1914 848 tio
1931 797 2044 862 gratiam
2063 797 2187 852 dormitio
2216 801 2306 854 mortis
2333 805 2370 852 est
2393 799 2519 854 dormitio

521 889 602 938 tatem
620 887 809 954 possessionis
827 887 870 940 rel
887 899 936 952 per
954 887 1069 954 quietem
1090 885 1164 938 inha·
1200 885 1251 938 294
1273 887 1305 938 48
1674 899 1675 902 ’
1744 929 1746 934 ,
1876 885 1972 950 441444
1990 885 2141 938 413844.
2161 887 2189 938 11
2207 889 2368 940 -Soninus
2389 887 2413 940 in
2432 887 2519 940 acutis

522 971 655 1028 bilitionis
674 973 707 1026 ad
727 975 890 1028 manendum
912 973 963 1026 264
983 973 1015 1024 84
1253 975 1377 1030 -Deus
1397 975 1469 1028 4044
1487 989 1536 1028 444
1551 971 1726 1028 4444444444
1740 985 1842 1026 meren·
1877 971 2088 1038 aegritudinibus
2105 971 2208 1024 honum
2225 971 2332 1040 signum
2350 975 2460 1028 444398
2479 977 2516 1028 22

528 1095 533 1100 -
574 1089 611 1100 -
627 1061 816 1126 4444444444
829 1061 973 1128 negligitur
984 1063 1102 1126 reparari
1115 1075 1164 1128 per
1199 1063 1270 1118 tilius
1295 1065 1326 1118 Vl
1354 1065 1405 1118 469
1430 1065 1677 1118 24-9444404
1696 1061 1841 1116 44114444
1875 1087 1912 1100 -
1929 1059 2046 1112 Mortuus
2063 1061 2119 1112 Deo
2139 1063 2238 1112 4444441
2258 1061 2355 1114 dormit
2373 1061 2408 1116 44.
2426 1063 2457 1114 21

521 1149 657 1212 pigritiam
677 1151 708 1202 vl
729 1151 761 1202 86
779 1165 806 1202 4.
825 1151 947 1202 414-14
966 1149 1047 1202 domo
1064 1151 1164 1214 444414-
1199 1167 1247 1206 sm
1267 1155 1400 1206 contemni
1418 1151 1480 1208 4444.
1541 1187 1544 1194 ,
1652 1173 1655 1176 ·
1928 1147 1982 1200 Dos
1998 1173 2034 1186 -
2061 1149 2178 1214 Quatuor
2207 1147 2281 1202 dotes
2309 1147 2426 1214 corporis
2455 1153 2517 1202 sunt

520 1235 589 1288 lante
602 1251 654 1290 non
667 1241 705 1290 est
718 1235 816 1292 honuni
833 1249 1016 1290 necsecurum
1031 1237 1165 1292 esseitid.
1252 1267 1289 1280 -
1306 1243 1430 1296 concessa
1454 1247 1561 1308 propter
1586 1239 1774 1304 negligentium
1797 1237 1842 1292 de·
1876 1235 1992 1306 claritas,
2013 1233 2166 1300 sublimitas,
2186 1235 2301 1302 agilitas,
2329 1235 2411 1288 virtus
2429 1235 2517 1290 activa

565 1331 611 1364 '·-
627 1325 670 1378 Ad
687 1325 798 1378 domum
818 1325 905 1378 luctus
921 1325 985 1378 utile
1001 1331 1042 1380 est
1061 1327 1100 1380 ire
1118 1329 1162 1382 Vll
1199 1329 1295 1382 sidium
1312 1335 1341 1382 44
1365 1329 1523 1382 abusionem
1546 1331 1696 1382 auferentur
1715 1325 1793 1380 eliam
1812 1327 1841 1380 in
1877 1325 1911 1378 111
1929 1325 1980 1378 447
1999 1337 2028 1378 v.
2052 1321 2174 1376 istite
2192 1325 2217 1376 4.
2237 1321 2350 1392 Corpus.
2368 1325 2451 1378 -ln
2469 1325 2517 1378 do·

522 1411 573 1464 214
594 1413 627 1466 94
645 1417 760 1476 -post
781 1419 893 1466 mortem
914 1417 1017 1466 aeterna
1038 1421 1076 1468 est
1090 1421 1164 1470 4444-
1200 1419 1331 1484 praesenti
1351 1419 1392 1472 Vll
1413 1417 1465 1470 486
1484 1417 1518 1470 37
1532 1445 1565 1456 -
1578 1417 1660 1470 utenti
1673 1417 1776 1484 dantur,
1787 1429 1840 1470 non
1874 1415 1947 1466 tibus
1964 1411 2066 1466 animae
2085 1417 2109 1464 et
2126 1411 2244 1476 corporis
2258 1413 2375 1466 consistit
2387 1415 2517 1478 gaudium

521 1505 561 1554 cte
579 1499 676 1554 dicitur
692 1499 792 1554 domus
809 1501 969 1556 aeternitatis
986 1503 1020 1556 Vl
1041 1503 1074 1556 94
1100 1505 1164 1558 4.5
1200 1505 1283 1558 utenti
1308 1509 1465 1560 euteruntur
1490 1519 1540 1572 per
1562 1505 1682 1558 divinum
1712 1497 1839 1558 iudiciuin
1874 1505 1982 1570 plenum
2003 1501 2052 1556 464
2074 1503 2105 1556 38

504 1661 506 1664 Ι
572 1613 611 1628 ·-
628 1587 675 1640 Dei
692 1593 734 1640 est
759 1589 872 1642 Ecclesia
900 1589 933 1644 111
963 1591 995 1644 42
1020 1607 1047 1646 r.
1066 1591 1109 1646 17.
1127 1593 1164 1644 95
1200 1593 1250 1646 486
1271 1595 1305 1646 39
1928 1593 2051 1646 Dasmini
2070 1619 2106 1630 -
2123 1595 2163 1644 est
2180 1603 2307 1644 nummos
2331 1593 2415 1644 certae
2434 1605 2516 1658 quau·

521 1673 583 1728 4.7
602 1703 636 1714 ·-
655 1675 682 1726 44
698 1689 752 1742 qua
782 1679 808 1730 lit
838 1679 939 1732 curatio
957 1679 1109 1748 paralytici,
1127 1681 1163 1734 si·
1252 1679 1392 1734 -444144
1406 1679 1573 1748 suscipienda
1592 1687 1653 1734 sunt
1670 1695 1731 1734 cum
1744 1683 1840 1736 timore
1875 1679 1966 1744 litatis,
1985 1679 2087 1732 hahens
2104 1679 2247 1744 imaginem
2262 1679 2333 1744 regis
2350 1679 2394 1732 Vll
2413 1677 2515 1730 387l5

522 1763 627 1828 gnificat
645 1763 788 1818 Ecclesiam
800 1767 846 1820 Vll
862 1769 955 1820 42364
975 1795 1007 1808 ·-
1022 1769 1164 1822 Columnae
1199 1775 1226 1820 et
1247 1781 1344 1832 magna
1370 1769 1520 1822 4444444144
1547 1769 1592 1822 Vll
1619 1769 1670 1822 269
1700 1769 1733 1822 25
1750 1769 1839 1824 —De
1875 1797 1911 1808 -··
1927 1769 1976 1822 Per
1994 1769 2088 1822 decern
2105 1769 2246 1822 drachmas
2272 1769 2450 1834 intelliguntur
2466 1781 2516 1820 no·

443 1927 444 1930 Ἴ
521 1853 802 1918 domussuntsoptem
816 1855 985 1910 Sacramenta
1001 1853 1113 1910 4444.·-·
1127 1857 1164 1908 la·
1199 1853 1278 1908 donis
1289 1853 1384 1908 divinis
1406 1857 1515 1922 4444440
1535 1857 1671 1910 manifeste
1683 1859 1840 1922 efferuntur,
1874 1871 1935 1910 vem
1956 1859 2062 1912 ordines·
2079 1859 2238 1922 Angelorum
2259 1865 2283 1912 et
2301 1859 2382 1912 honio
2396 1857 2517 1910 decimus

521 1955 573 1994 444
593 1941 687 1994 domus
717 1943 1164 2010 4441944444444444444444444·
1199 1941 1320 1996 444444114
1346 1943 1392 2008 qui
1416 1943 1467 1994 sihi
1485 1957 1517 1994 ea
1544 1943 1703 2008 attrihuuut;
1729 1945 1839 2012 quidam
1874 1943 2516 2012 44441.-44444441904444451139-444

523 2029 682 2084 4414444444.
1085 2077 1086 2082 ,
1199 2031 1335 2082 manifeste
1348 2031 1531 2096 humiliantur3
1549 2033 1659 2096 quidam
1676 2033 1774 2096 partini
1791 2035 1839 2086 tiu·
1874 2033 1929 2084 dita
1949 2041 1986 2084 est
2006 2035 2120 2084 humana
2146 2039 2237 2086 natura
2264 2035 2336 2100 lapsu
2354 2035 2406 2088 387
2426 2033 2460 2086 46
2477 2057 2517 2074 ·-

530 2107 541 2150 f
570 2149 610 2158 -
628 2119 773 2184 44144444
799 2121 936 2172 ierusalem
967 2131 1097 2184 supernae
1118 2117 1163 2170 Vll
1199 2117 1332 2170 miliantur
1358 2117 1456 2180 gratias
1474 2119 1589 2184 agend0,
1614 2119 1712 2182 partim
1729 2123 1839 2172 alterutr-
1875 2117 2101 2172 14444444414444
2130 2123 2272 2174 drachmae
2297 2123 2328 2176 lit
2344 2121 2513 2186 reintegratio

524 2207 576 2258 385
599 2207 628 2258 13
648 2207 750 2258 -Per
769 2209 878 2260 domum
893 2207 1043 2270 intelligitur
1055 2219 1164 2270 congre·
1200 2213 1241 2260 444
1266 2209 1419 2262 exsultando
1445 2207 1533 2270 inepte
1556 2207 1603 2258 261
1628 2207 1840 2258 39--1144444
1874 2207 1977 2258 numeri
2012 2207 2153 2258 electorum
2177 2207 2227 2258 388
2251 2211 2281 2260 48
2299 2237 2338 2250 -
2354 2211 2403 2262 Per
2420 2209 2519 2262 drach-

524 2293 595 2360 gatio
612 2293 740 2346 iustorum
760 2295 810 2348 399
833 2293 953 2346 44-44
973 2307 1026 2360 444
1044 2291 1164 2346 Christus
1199 2309 1259 2348 rum
1278 2297 1409 2348 donorum
1426 2293 1566 2350 multitudo
1586 2295 1672 2347 multis
1685 2295 1731 2346 tuit
1748 2295 1840 2348 ruinae
1874 2307 1947 2346 main
1966 2293 2145 2346 manifestatur
2161 2293 2245 2358 pietas
2264 2295 2356 2348 Deiad
2377 2297 2514 2348 hominem

526 2387 625 2444 manet,
644 2387 683 2434 est
700 2381 861 2446 septiformis
880 2381 930 2434 476
952 2383 980 2434 11
1162 2399 1163 2402 ’
1199 2385 1302 2438 occasio
1322 2387 1372 2438 262
1395 2385 1444 2448 32,
1465 2383 1497 2436 33
1523 2411 1556 2420 -
1585 2381 1775 2436 miraculorum
1799 2389 1840 2436 est
1875 2381 1926 2432 337
1950 2381 1980 2432 15
1999 2411 2034 2420 -
2051 2381 2183 2446 significet
2202 2387 2346 2436 creaturam
2359 2381 2515 2438 rationalem

574 2471 783 2534 -disciplinae
809 2477 850 2524 est
875 2471 973 2524 doinus
998 2469 1164 2522 ohedientiae
1200 2471 1331 2526 honorum
1352 2477 1377 2526 et
1396 2471 1527 2524 malorum
1544 2467 1582 2524 44.
1599 2471 1632 2522 34
1876 2469 1965 2524 divina
1982 2469 2098 2534 imagine
2116 2469 2268 2534 insignitam
2284 2469 2346 2524 4444.

524 2575 570 2616 seu
591 2559 680 2624 religio
699 2561 741 2612 1111
762 2561 812 2612 488
834 2559 867 2612 44
884 2591 922 2598 -
938 2559 1165 2612 ohedientiaeest
1251 2561 1364 2614 -llsui
1377 2561 1512 2614 donorum
1521 2559 1662 2624 respondet
1673 2561 1775 2612 tructus
1786 2561 1839 2624 glo·
1928 2557 2516 2626 1144444444-40441444444444440444111

525 2649 670 2716 religion
689 2649 777 2702 4119
884 2663 908 2682 ³
1199 2649 1650 2702 444111132864-14144440
1673 2647 1772 2702 iudicio
1795 2663 1840 2700 ra·
1877 2647 1926 2700 429
1949 2647 1991 2698 29,
2485 2663 2489 2698 1

576 2767 613 2778 -
629 2737 760 2804 significat
779 2737 966 2792 conscientiam
992 2739 1110 2806 quietam
1129 2737 1163 2790 Vl
1196 2741 1236 2794 444
1262 2739 1398 2792 44444444
1424 2745 1465 2792 444
1493 2737 1626 2792 bonorum
1654 2737 1839 2792 universorum
1928 2723 2043 2798 Dutuau'o
2063 2747 2220 2788 -summa
2244 2741 2283 2790 est
2309 2737 2333 2788 44
2352 2737 2406 2790 Deo
2425 2735 2514 2788 11199

525 2827 1165 2882 2244111167142-144044040444444-
1200 2829 1251 2882 334
1272 2829 1304 2880 69
1567 2833 1568 2838 ’
1875 2841 1902 2878 4.
1919 2823 1937 2876 7
1956 2851 1991 2864 -
2018 2823 2059 2876 illa
2088 2825 2144 2876 sola
2169 2831 2215 2876 cor
2243 2825 2391 2878 humanum
2417 2825 2514 2878 satiare

524 2917 574 2968 tiae
593 2915 785 2984 quiescendum
802 2923 844 2980 est
866 2917 901 2970 Vl
926 2919 960 2968 22
978 2919 1041 2970 48
1207 2951 1208 2954 =
1253 2947 1290 2956 --
1307 2917 1439 2984 quaedam
1460 2921 1551 2972 sunta
1582 2915 1677 2982 Spiritu
1706 2921 1795 2970 sancto
1814 2923 1840 2970 et
1876 2919 1976 2982 potest,
1995 2913 2029 2966 44
2052 2927 2135 2982 quani
2161 2915 2259 2966 lactum
2283 2921 2324 2966 est
2347 2913 2425 2978 174.
2446 2915 2460 2966 4
2478 2939 2517 2954 -

577 3033 613 3042 —
631 3003 1164 3072 44444444446044441444444,404144
1201 3023 1263 3062 cum
1282 3005 1379 3072 Spiritu
1400 3011 1488 3060 sancto
1509 3011 1535 3060 et
1551 3019 1687 3074 nunquam
1708 3005 1766 3060 sine
1790 3019 1838 3074 ec,
1875 3003 1920 3056 Dei
1941 3003 2056 3056 animatu
2082 3003 2241 3068 impinguat,
2267 3001 2378 3056 inebriat
2399 3007 2424 3056 et
2450 3003 2517 3056 4414·

525 3093 858 3158 4144440044441404414444
878 3095 921 3146 1111
941 3095 990 3146 428
1013 3095 1046 3146 62
1064 3093 1164 3158 -spi
1201 3097 1332 3164 quaedam
1350 3109 1485 3162 nunquam
1505 3095 1839 3164 comeo,-quaedampos·
1876 3095 1926 3146 4444
1946 3089 1998 3144 644
2018 3107 2043 3144 4.
2062 3091 2095 3144 36
2114 3119 2150 3130 -
2168 3089 2214 3142 Dei
2232 3089 2320 3144 deseri
2338 3091 2415 3144 debet
2434 3105 2450 3144 a
2467 3105 2517 3144 44-

524 3183 629 3234 rituales
647 3179 818 3244 designantur
838 3197 885 3248 per
904 3179 1026 3236 ecclesias
1043 3181 1164 3236 materia·
1200 3191 1261 3240 sunt
1273 3197 1338 3236 esse
1349 3197 1416 3240 cuni
1435 3197 1468 3236 eo
1484 3185 1529 3236 rel
1547 3181 1607 3236 sine¹
1622 3197 1654 3236 eo
1671 3183 1785 3236 111515
1804 3183 1838 3236 53
1875 3179 1988 3234 lentibus
2007 3179 2158 3248 promoveri
2178 3179 2204 3232 in
2230 3191 2315 3246 regno
2341 3177 2514 3234 4444441444.

524 3269 561 3320 les
581 3267 630 3320 476
653 3269 679 3320 44
1253 3299 1288 3310 ·-·
1306 3273 1354 3324 Dei
1372 3277 1413 3324 est
1430 3271 1542 3340 Spiritus
1561 3277 1667 3326 sanctus
1686 3273 1785 3326 111294
1805 3273 1839 3322 48
1876 3297 1911 3310 -
1929 3269 2008 3322 trahit
2032 3269 2068 3320 ad
2087 3271 2177 3332 gulam
2204 3273 2227 3320 et
2247 3269 2279 3322 44
2298 3269 2426 3322 luxuriam
2447 3269 2462 3320 4
2482 3269 2515 3320 44

434 3371 438 3380 ·
531 3407 534 3412 ,
565 3357 668 3408 ‘Dorou
686 3369 863 3418 -praeseus
881 3357 1019 3410 modicum
1036 3361 1075 3410 est
1094 3371 1164 3410 coni·
1251 3389 1289 3400 .-
1299 3359 1412 3424 Spiritus
1421 3359 1502 3414 sancti
1514 3365 1573 3412 sunt
1583 3365 1682 3424 septem
1694 3359 1734 3410 Vll
1747 3359 1839 3412 37757
1876 3355 2424 3422 -Asperisimmisremtasuntduteiain
2441 3371 2517 3422 4444·

525 3445 661 3510 paratione
684 3445 833 3498 futurorum
860 3445 904 3498 Vll
932 3443 983 3496 484
1010 3445 1044 3498 27
1073 3473 1108 3486 ·-
1136 3449 1164 3498 10
1200 3445 1450 3512 -Spiritussancti
1461 3459 1514 3498 non
1527 3451 1566 3498 est
1577 3445 1733 3498 eliciendum
1743 3445 1840 3498 111275
1877 3445 2008 3500 444444404
2026 3445 2078 3498 294
2096 3447 2131 3498 32
2153 3473 2190 3484 -
2207 3443 2272 3498 Utile
2293 3445 2458 3500 miscendum
2477 3449 2518 3498 est

526 3531 670 3586 maioribus
688 3533 765 3584 donis
791 3533 875 3584 minor
901 3531 979 3586 debet
996 3547 1054 3586 esse
1073 3547 1164 3586 nume·
1202 3527 1290 3590 29-
1307 3539 1334 3586 41
1351 3533 1451 3598 gratiae
1469 3533 1583 3600 Spiritus
1607 3533 1691 3586 sancti
1717 3535 1839 3588 dicuntur
1877 3533 1948 3588 dulci
1966 3531 2047 3584 5434
2202 3539 2204 3542 ’
2420 3603 2421 3606 ¹

526 3635 586 3686 rus,
606 3623 633 3672 44
653 3617 739 3680 debita
759 3635 883 3680 mensura
902 3625 1022 3674 servetur
1040 3621 1092 3672 446
1111 3623 1146 3672 44
1202 3625 1258 3674 4444
1277 3623 1386 3674 llumina
1400 3623 1451 3674 354
1464 3623 1497 3674 56
1511 3649 1546 3662 ·-
1559 3621 1669 3686 Spiritus
1682 3623 1765 3674 sancti
1778 3627 1840 3674 sunt
1928 3621 2131 3674 1944444444-
2149 3619 2218 3674 allud
2231 3621 2343 3674 citerius
2354 3621 2516 3688 praetendit,

577 3737 612 3746 -
631 3707 697 3760 14144
716 3709 786 3762 4044
802 3715 912 3762 naturae
937 3713 1106 3776 computatur
1124 3723 1164 3760 sa·
1202 3711 1300 3778 gratiae
1321 3707 1370 3760 454
1391 3725 1417 3760 4.
1437 3707 1841 3774 14-44444414444444440-
1877 3707 2085 3762 aliud‘interius
2111 3707 2221 3762 intendit
2240 3707 2272 3760 111
2303 3707 2347 3762 111
2366 3717 2407 3762 ’4.
2437 3711 2451 3762 2
2478 3737 2516 3746 -

525 3797 565 3850 lus
585 3803 610 3850 et
626 3797 750 3850 tortitudo
774 3799 803 3850 l'l
824 3797 857 3850 49
876 3813 906 3866 q.
923 3797 938 3848 4
958 3827 992 3838 -
1006 3801 1074 3850 14144
1092 3797 1162 3852 4044
1202 3815 1266 3854 num
1285 3797 1386 3864 gratiae
1404 3811 1563 3864 praeparere
1581 3811 1631 3852 nos
1649 3797 1778 3852 dehemus
1796 3797 1840 3850 1111
1877 3797 1959 3850 animi
1981 3803 2103 3850 causatur
2123 3811 2138 3848 a
2156 3797 2251 3848 timore
2269 3799 2337 3850 male
2348 3797 2517 3862 humiliante,

526 3887 645 3946 torturae
663 3891 831 3950 computatur
854 3887 1017 3952 prosperitas
1034 3891 1059 3938 et
1088 3887 1164 3954 quies
1202 3889 1252 3944 329
1274 3887 1306 3938 67
1460 3921 1461 3924 ·
1877 3887 1917 3940 441
1936 3885 1969 3938 ab
1991 3899 2082 3938 amore
2102 3886 2170 3938 male
2189 3885 2344 3938 accendente
2363 3887 2406 3938 Vll
2427 3885 2511 3938 3494

435 3985 436 3988 ’
525 3971 588 4028 thiu.
1253 4003 1288 4016 -
1308 3975 1419 4040 Spiritus
1439 3975 1523 4028 sancti
1535 3979 1661 4028 rorantur
1680 3975 1787 4040 spiritus
1804 3977 1839 4028 Vl
1877 4003 1911 4016 -·-
1929 3975 1958 4026 40
1976 3973 2115 4028 serviendo
2135 3973 2324 4028 condemnatur
2342 3973 2393 4028 414
2409 3975 2439 4026 41

530 4103 532 4110 ,
579 4075 706 4114 -omne
719 4067 756 4114 est
770 4063 1002 4118 dattiinaDeon
1017 4063 1068 4116 287
1082 4063 1161 4116 59-
1203 4065 1252 4119 157
1266 4079 1292 4118 4.
1305 4065 1496 4128 23-444444
1513 4063 1624 4130 Spiritus
1637 4063 1716 4118 sancti
1729 4067 1840 4116 suntne·
1928 4063 2016 4118 Durius
2041 4091 2078 4104 -
2102 4063 2221 4118 redditur
2250 4067 2330 4118 homo
2362 4061 2395 4116 uh
2423 4061 2514 4130 impie·

528 4151 594 4202 Tam
612 4147 680 4202 bona
709 4153 827 4206 torturae
850 4167 930 4220 quarn
956 4157 1063 4206 naturae
1082 4165 1163 4220 quain
1202 4153 1313 4208 cessaria
1322 4151 1582 4218 adpropagalionem
1592 4153 1755 4218 spiritualem
1765 4151 1839 4206 6493
1877 4151 2513 4206 441411159447-1144194444444114444·

528 4239 993 4310 444444444140441944494.4
1155 4283 1157 4286 .
1204 4281 1205 4284 ,
1253 4271 1287 4282 ·-
1306 4241 1410 4308 44414144
1421 4241 1506 4294 444444
1519 4255 1548 4294 ex
1561 4241 1769 4296 consideratione
1779 4253 1840 4306 444·
1877 4239 2010 4296 444513
2030 4239 2064 4292 48
2082 4269 2118 4280 -
2137 4241 2540 4308 444444444411444444441111λ

576 4355 613 4366 »-
632 4327 680 4394 Qui
701 4329 782 4382 dunat
799 4343 832 4382 ex
850 4331 942 4382 maiori
970 4331 1048 4382 corde
1075 4329 1164 4396 04440·
1201 4331 1281 4384 sionis
1308 4331 1353 4382 Vll
1382 4331 1433 4382 377
1463 4331 1496 4384 67
1516 4357 1549 4370 -
1569 4331 1668 4382 timoris
1696 4331 1838 4396 parvulum
1877 4331 1928 4382 569
1950 4331 1980 4384 12
1999 4355 2035 4370 -·
2054 4331 2103 4398 Qui
2123 4333 2233 4396 peccant
2252 4331 2436 4396 perduritiam
2454 4335 2515 4384 suut

525 4415 583 4468 sius
601 4415 681 4468 donat
699 4415 742 4468 Vll
763 4417 850 4470 5244
1026 4481 1027 4484 ¹
1057 4433 1073 4480 χ
1202 4419 1310 4472 lacitex
1329 4417 1538 4472 consideratione
1556 4417 1647 4472 iudicii
1664 4415 1728 4472 4444.
1829 4461 1834 4470 s.
1877 4419 1944 4476 aridi
1961 4417 1996 4471 Vl
2015 4417 2067 4470 345
2086 4417 2121 4470 14
2390 4467 2400 4472 ,,
2500 4429 2501 4432 ’

578 4529 614 4542 -
630 4505 696 4556 40144
715 4505 835 4560 venerari
852 4507 897 4558 441
913 4511 1024 4570 propter
1040 4505 1162 4568 excellen·
1234 4507 1317 4560 Doris
1341 4533 1377 4544 -
1404 4505 1589 4570 interpretatur
1616 4505 1839 4558 medicamentum
1928 4505 1984 4558 Dux
2003 4533 2037 4544 -··
2056 4505 2084 4560 44
2101 4505 2202 4570 4444144
2214 4519 2276 4558 euni
2289 4509 2349 4572 plus
2363 4505 2454 4572 diligit,
2467 4507 2514 4574 qui

526 4591 707 4656 1444444144,
724 4595 766 4646 vel
784 4599 894 4660 propter
911 4595 1089 4648 excellentiam
1106 4607 1162 4646 mu·
1200 4593 1375 4662 generationis
1394 4593 1426 4646 Vl
1448 4593 1492 4646 471
1517 4607 1542 4646 4.
1564 4593 1596 4646 19
1877 4599 1943 4658 4444.
1955 4595 2045 4658 lugam
2064 4607 2188 4648 reversus
2212 4595 2316 4648 nostem
2340 4595 2439 4648 lortiter
2456 4609 2515 4662 pre·

526 4681 609 4746 neris,
628 4681 670 4732 441
689 4689 797 4746 propter
815 4683 987 4748 indigentiam
1013 4683 1162 4748 recipientis
1253 4683 1433 4736 1104444444·-
1452 4685 1491 4736 est
1510 4681 1639 4748 pigritiae,
1650 4683 1752 4750 culpae,
1767 4683 1854 4748 quie
1877 4683 1938 4746 mit,
1955 4697 2034 4748 quam
2065 4696 2127 4736 eum
2152 4683 2199 4750 qui
2225 4667 2362 4750 44444444
2381 4685 2447 4748 fugit
2469 4685 2515 4742 Vll

527 4769 557 4822 44
578 4767 629 4822 aii
650 4783 674 4822 v,
695 4769 728 4820 44
1200 4773 1240 4836 iis,
1260 4771 1352 4826 moris
1371 4771 1404 4824 ui
1423 4771 1475 4824 ses
1496 4771 1530 4822 44
1547 4755 1584 4808 -’
1601 4769 1698 4838 quietis
1724 4779 1764 4826 esi
1781 4769 1839 4824 04-
1877 4771 1928 4826 sse
1950 4769 1982 4822 it

1446 4991 1533 5136 a

579 5305 713 5356 Earomma
730 5303 912 5370 -dixerunt,
925 5303 1056 5360 Christum
1071 5307 1165 5360 441114-
1203 5305 1273 5358 hitur
1299 5303 1327 5356 in
1351 5303 1439 5358 Beatis
1463 5303 1515 5358 549
1544 5305 1620 5356 6-
1639 5309 1677 5356 est
1705 5303 1797 5360 civitas
1815 5303 1841 5356 in
1932 5327 1968 5342 -
1986 5303 2150 5370 triumphans
2162 5303 2361 5370 significabatur
2382 5317 2430 5370 per
2450 5307 2517 5356 teni-

526 5393 564 5444 ria
584 5405 692 5456 prorsus
717 5395 842 5448 sumsisse
866 5395 1004 5448 exordium
1024 5393 1056 5448 Vl
1077 5393 1164 5446 2475
1204 5394 1304 5446 excelso
1325 5391 1387 5446 4444.
1405 5421 1443 5432 -
1460 5393 1556 5448 4444144
1574 5393 1665 5446 4144144
1684 5393 1841 5446 rationalir·
1880 5395 1953 5458 plum
1971 5393 1999 5446 44
2016 5393 2154 5448 ierusalem
2177 5393 2208 5446 Vl
2228 5393 2278 5446 168
2299 5407 2326 5446 4.
2344 5393 2360 5444 8
2379 5391 2516 5444 --trium¹

526 5507 561 5522 ··-
589 5493 642 5532 444
668 5481 846 5536 intellexerunt
875 5483 1052 5536 aeternitatem
1085 5482 1164 5536 114414
1204 5483 1298 5536 miletis
1317 5487 1343 5536 et
1360 5483 1491 5548 templum
1510 5481 1608 5534 ratione
1628 5483 1767 5534 sanctitatis
1779 5479 1841 5536 4444.
1880 5485 1963 5546 phars
1982 5491 2020 5534 est
2039 5483 2151 5548 ligurala
2170 5481 2196 5536 in
2207 5483 2346 5536 ierusalem
2363 5483 2403 5534 Vll
2417 5481 2466 5534 592
2486 5483 2515 5534 18

527 5567 588 5624 itio.
619 5615 621 5620 .
713 5617 714 5620 ,
1203 5599 1237 5608 -
1256 5571 1396 5636 Templum
1414 5571 1544 5624 Ecclesiae
1559 5567 1656 5624 debent
1674 5569 1782 5638 praelati
1802 5585 1842 5624 ae
1879 5597 1915 5610 -
1933 5573 2001 5624 inter
2018 5571 2178 5624 militantem.
2197 5573 2222 5624 et
2244 5571 2449 5636 triumphantem
2478 5575 2517 5632 est

579 5659 696 5710 Eretriis
716 5685 748 5694 -
770 5664 936 5722 comparator
959 5659 1035 5712 lunae
1052 5657 1088 5712 Vl
1112 5659 1162 5712 139
1204 5657 1310 5712 disscare
1323 5657 1743 5726 verbopraedicationis,ornare
1757 5671 1842 5712 44444·
1880 5659 2002 5714 444144ῑὶ4
2027 5665 2130 5726 septem
2156 5663 2271 5714 aetatum
2300 5663 2325 5714 et
2351 5663 2445 5714 octava
2462 5661 2516 5712 iam

527 5763 553 5802 4.
573 5749 589 5800 6
606 5773 643 5786 ·-
665 5745 813 5812 Aliquando
838 5747 1008 5812 congregatio
1034 5747 1164 5802 Ecclesiae
1203 5747 1246 5810 plo
1265 5747 1488 5810 conversationis,
1502 5747 1635 5798 custodire
1646 5747 1779 5812 vigilantia
1792 5747 1841 5798 sol·
1880 5749 2000 5800 inchoata
2017 5745 2079 5802 1444.
2091 5747 2181 5800 —Ad
2199 5747 2403 5814 triumphantem
2423 5761 2514 5814 44444·

529 5837 623 5892 dicitur
648 5831 766 5888 mundus
792 5833 845 5886 645
872 5849 900 5888 4.
923 5835 956 5884 18
980 5861 1016 5872 -
1034 5837 1074 5888 cst
1091 5847 1164 5886 mare
1202 5831 1342 5886 licitudinis
1358 5833 1497 5898 pastoralis
1516 5831 1549 5888 to.
1567 5833 1584 5884 7
1643 5853 1644 5856 ¹
1880 5837 1951 5888 nitur
1968 5835 2115 5888 festinando
2126 5837 2164 5890 ad,
2181 5837 2278 5890 honum
2293 5843 2319 5890 41
2329 5837 2517 5902 triumphando

528 5929 637 5994 propter
655 5921 696 5976 sui
714 5921 899 5976 fecunditatem
924 5927 952 5974 et
976 5921 1164 5986 plenitudinem
1256 5949 1290 5960 —
1309 5921 1422 5974 militans
1442 5921 1638 5986 signiticahatur
1655 5933 1704 5986 per
1725 5921 1842 5972 taberna·
1881 5927 1968 5976 contra
1988 5923 2085 5976 malurn
2105 5919 2168 5978 4444.

528 6017 579 6070 566
599 6015 615 6066 2
635 6041 669 6052 -·-
687 6011 835 6078 significata
853 6011 902 6062 luit
917 6023 966 6074 per
977 6011 1071 6064 Esther
1083 6009 1164 6064 5466
1203 6007 1842 6062 0414444444444011146848-444144444
1934 6029 1967 6048 -···
1986 6009 2160 6074 degentibus
2186 6017 2344 6076 congregata
2363 6017 2401 6066 est
2420 6025 2517 6078 sponsa

496 6135 497 6138 =
527 6099 573 6146 -'
590 6102 741 6166 designatur
770 6113 818 6166 per
844 6097 911 6152 Petri
938 6099 1088 6152 naviculam
1121 6099 1164 6152 Vll
1204 6097 1354 6162 intelligitur
1374 6111 1422 6162 per
1441 6095 1557 6150 areolam
1585 6101 1695 6162 propter
1712 6095 1844 6150 arctitudi·
1881 6095 1975 6152 Christi
1995 6097 2027 6150 111
2048 6097 2100 6152 237
2120 6099 2152 6152 52
2172 6105 2265 6152 ——est
2283 6101 2517 6166 sponsarlgniVll

528 6175 581 6248 652
599 6191 632 6242 43
651 6219 686 6230 --
706 6189 799 6244 dicitur
819 6199 931 6254 regnum
959 6187 1093 6242 caelorum
1113 6187 1163 6240 179
1203 6199 1264 6238 nem
1283 6185 1449 6252 humilitatis,
1466 6199 1516 6250 per
1542 6197 1632 6238 aream
1656 6189 1766 6250 propter
1790 6185 1843 6238 lati·
1882 6185 1935 6238 336
1953 6185 1986 6238 13
2006 6211 2040 6224 -
2060 6185 2105 6240 1144
2119 6185 2364 6242 444444164444144
2381 6187 2433 6242 522
2452 6189 2517 6240 8-

527 6281 561 6334 53
581 6307 615 6318 -
633 6285 672 6332 est
690 6291 801 6342 regnum
821 6275 868 6328 Dei
888 6273 939 6328 545
959 6277 992 6328 22
1204 6275 1323 6328 tudinem
1349 6273 1465 6326 caritatis
1493 6273 1590 6326 111189
1619 6273 1651 6326 44
1670 6301 1707 6310 -
1729 6271 1844 6326 militans
1881 6279 1920 6326 41
1934 6287 1998 6326 uror
2009 6271 2113 6342 Christi,
2126 6275 2414 6342 quaesepraeperarit
2426 6275 2460 6330 ad
2473 6291 2519 6330 nu-

581 6395 614 6404 -
632 6363 1047 6420 4404444404444111954.7.
1068 6365 1159 6416 12861
1205 6367 1243 6416 est
1262 6363 1375 6428 figurata
1400 6363 1427 6414 in
1454 6365 1581 6416 Emmaus
1603 6363 1654 6416 594
1676 6363 1763 6416 tu·-
1780 6361 1844 6414 mili·
1881 6361 1949 6428 ptius
1967 6361 2019 6416 513
2039 6361 2072 6416 37
2090 6389 2127 6404 ·-·
2143 6363 2303 6428 desponsata
2321 6371 2361 6418 est
2378 6361 2517 6418 Christoin

527 6485 561 6496 -
582 6457 620 6506 est
639 6455 735 6506 doinus
761 6453 807 6506 Dei
834 6453 866 6506 42
887 6459 913 6506 4.
933 6453 976 6506 17.
998 6455 1040 6506 Vll
1061 6453 1110 6506 499
1130 6453 1164 6506 72
1203 6455 1262 6504 1444
1273 6455 1313 6504 444
1324 6455 1416 6506 hortus
1434 6451 1593 6520 voluptatis,
1607 6449 1653 6506 ubi
1665 6455 1786 6506 crescunt
1805 6463 1844 6506 se-
1882 6451 1967 6506 cernis
1986 6451 2146 6506 assumtione
2165 6451 2200 6506 Vl
2218 6451 2269 6505 274
2291 6455 2323 6506 12
2341 6451 2517 6506 -1114144444

526 6573 562 6586 .-
581 6547 618 6594 est
638 6541 728 6594 civitas
747 6541 1164 6608 44444,4010444414044441111
1204 6539 1275 6594 mina
1294 6539 1422 6594 virtutum
1444 6539 1495 6592 346
1514 6539 1548 6592 89
1568 6569 1604 6578 -
1622 6539 1733 6594 militaus
1751 6545 1790 6594 est
1807 6553 1843 6594 re
1882 6541 1955 6596 nium
1973 6539 2069 6596 Christi
2086 6547 2114 6596 et
2129 6541 2257 6596 1340144444
2268 6541 2298 6596 44
2311 6543 2334 6596 in
2349 6539 2518 6596 tabernaculo

518 6629 689 6686 ’54315·-
708 6633 746 6682 est
764 6631 855 6686 civitas
875 6629 1016 6686 11441178
1034 6647 1063 6686 v.
1084 6631 1165 6686 l5-
1205 6635 1289 6694 gnuni
1307 6627 1353 6680 Dei
1373 6629 1407 6682 Vl
1439 6629 1489 6682 445
1508 6623 1533 6682 4.
1554 6629 1624 6680 5-
1647 6629 1761 6684 militans
1778 6629 1845 6684 lesti-
1882 6629 2012 6684 Ecclesiae
2028 6629 2081 6684 545
2101 6633 2118 6686 3
2135 6659 2172 6672 -
2189 6631 2328 6686 Ecclesiam
2348 6629 2445 6698 accipit
2455 6645 2520 6684 uxo·
2580 6689 2581 6692 ,

528 6727 568 6776 est
587 6718 714 6784 templum
731 6719 871 6774 fundatum
890 6719 915 6772 44
927 6719 1061 6786 Apostolis
1079 6725 1104 6774 et
1122 6721 1166 6772 Pa·
1204 6723 1250 6770 nat
1267 6715 1301 6770 ad
1319 6719 1431 6784 patriani
1450 6723 1475 6770 et
1493 6721 1601 6784 superat
1626 6723 1766 6786 potestates
1782 6731 1845 6772 coit·
1883 6731 1941 6772 rem
1964 6725 1996 6774 ut
2020 6721 2099 6774 irater
2126 6719 2220 6774 Christi
2243 6719 2289 6788 qui
2313 6719 2381 6786 gerit
2402 6719 2458 6774 eius
2477 6731 2524 6774 cu·

527 6807 659 6872 triarchis,
677 6805 875 6862 aedificatoria
893 6809 981 6878 iustis,
1001 6823 1167 6864 consumma·
1204 6809 1295 6864 trarias
1315 6809 1358 6862 Vll
1379 6809 1431 6864 592
1451 6809 1483 6880 48
1532 6831 1533 6834 ¹
1785 6855 1788 6860 .
1839 6833 1840 6836 ¹
1884 6821 1950 6874 444,
1961 6815 1992 6866 41
2003 6815 2112 6876 generet
2123 6809 2190 6862 lilios
2200 6809 2348 6874 spirituales
2365 6809 2405 6866 llll
2420 6809 2469 6866 513
2485 6809 2526 6866 ti*
