5900 8266
477 551 542 616 tto

476 719 642 808 aliquando
657 725 780 806 oportet
794 721 918 806 egredi,
933 719 1101 806 aliquando
1116 721 1252 806 ingredi,
1269 719 1434 804 aliqnando

476 829 658 906 ascendere,
679 827 848 914 aliquando
869 827 1077 906 descendere,
1107 827 1189 894 sicut
1220 827 1297 894 uidit
1328 825 1433 904 Iacob,

476 933 603 1000 Genesis
624 931 775 1018 vigesimo
797 939 907 1000 ochra
920 935 942 996 1.

565 1037 617 1100 76.
644 1035 729 1102 lstud
754 1041 859 1102 autem
893 1035 1093 1120 Evangelium
1124 1035 1288 1102 consuevit
1310 1033 1369 1118 legi
1403 1033 1433 1100 in

335 1141 671 1256 {girarrohssumtione
702 1141 856 1226 Virginis,
885 1141 979 1206 sire2
1013 1141 1088 1226 quia
1118 1139 1189 1204 finis
1220 1139 1288 1204 eius
1319 1137 1432 1204 blariae

354 1213 458 1308 aditi·
476 1247 595 1330 optime
609 1247 769 1330 congruit,
792 1263 863 1312 cnm
887 1245 1019 1312 dicitur:
1046 1243 1215 1330 Optimam
1229 1253 1359 1330 partem
1376 1243 1433 1310 cte-

311 1317 375 1362 Ratio
384 1319 463 1372 prima.
506 1353 513 1366 .
572 1351 612 1366 ..
719 1353 724 1366 .

476 1359 525 1440 pit
546 1351 609 1420 aa
632 1353 765 1432 Μαννα,
789 1371 873 1438 picae
890 1371 957 1418 aaa
979 1347 1155 1436 auferetur
1177 1351 1220 1416 alt
1242 1369 1292 1416 ea.
1318 1351 1432 1434 Quam-

473 1459 525 1526 ris
553 1459 636 1524 enim
668 1459 728 1526 hoc
756 1459 796 1524 ad
824 1453 961 1524 litteram
991 1459 1110 1524 dictum
1142 1457 1237 1524 fuerit
1269 1457 1307 1524 dc
1339 1459 1433 1524 llario

477 1565 668 1650 llagdalene‚
691 1563 799 1632 uerius
814 1571 918 1630 tamen
942 1569 989 1630 est
1004 1563 1043 1630 de
1066 1563 1158 1630 heata
1176 1561 1303 1648 Virgine
1328 1563 1431 1630 llario.

477 1671 562 1738 llnde
590 1671 768 1738 Bernartius
785 1669 814 1736 ³:
846 1675 863 1728 r
890 1669 1056 1756 Optimam
1085 1675 1218 1756 partam
1241 1669 1341 1758 etegit
1370 1669 1434 1738 stu

478 1777 600 1844 illaria.
626 1777 794 1862 Optimum
817 1777 926 1862 plane;
952 1777 1033 1842 hona
1047 1777 1222 1844 fecunditas
1244 1777 1432 1864 coniugalis,

477 1883 588 1948 melior
603 1891 708 1948 autern
725 1881 850 1948 resides
861 1881 1037 1966 virginalis,
1053 1901 1185 1968 prorsus
1202 1891 1305 1952 autem
1319 1885 1434 1968 optima

477 1995 525 2056 est
539 1989 713 2056 fecunditas
730 1989 888 2074 virginea,
905 2007 960 2056 seu
976 1989 1109 2058 fecunda
1127 1991 1304 2076 virginitas;
1321 1991 1434 2056 llariac

478 2095 675 2182 priuilegium
704 2101 765 2176 est,
797 2113 859 2162 non
886 2095 1013 2164 dabitur
1043 2097 1152 2176 alleri,
1183 2097 1259 2182 quia
1284 2115 1350 2162 una
1373 2115 1434 2160 au-

477 2199 604 2288 feratur
619 2201 662 2266 ah
681 2221 722 2268 aa
736 2229 768 2268 ».
786 2239 827 2252 --
845 2203 914 2272 Siue
929 2203 1041 2280 etiam,
1056 2203 1131 2286 quia
1148 2203 1178 2266 in
1195 2203 1254 2266 lroc
1273 2197 1434 2282 Errangelio

478 2308 668 2374 describitur
692 2309 724 2374 in
746 2309 870 2376 duabus
896 2307 1058 2374 sororibus
1082 2305 1231 2390 perfectio
1262 2305 1381 2370 activae
1406 2309 1434 2370 ct

478 2413 748 2498 contemplativae,
766 2431 903 2500 quarum
928 2419 1064 2494 utraque
1088 2411 1149 2474 fuit
1164 2407 1195 2474 in
1220 2407 1347 2494 Virgine
1362 2425 1434 2492 per-

478 2519 654 2586 fectissime.
677 2521 766 2606 Quod
790 2521 870 2584 enim
896 2517 1004 2584 datum
1028 2515 1088 2581 fuit
1110 2515 1178 2580 istis
1201 2513 1326 2580 duabus
1349 2533 1434 2582 soro-

479 2627 567 2692 ribus
590 2643 647 2710 per
670 2633 792 2710 partes,
816 2623 930 2690 hiarino
955 2629 1055 2688 totum
1079 2621 1187 2686 datum
1212 2621 1272 2688 fuit
1301 2627 1333 2688 et
1355 2623 1434 2688 into-

479 2749 543 2816 gre.
575 2731 663 2798 Unde
693 2731 942 2814 Hieronymum:
974 2751 989 2784 a
1012 2725 1130 2792 Ceteris
1160 2725 1269 2792 datum
1300 2733 1348 2794 est
1378 2745 1434 2814 per

479 2841 600 2918 partes,
622 2833 735 2900 Mariae
758 2839 864 2898 autern
890 2849 921 2896 so
954 2837 1049 2896 totam
1075 2833 1170 2898 simul
1202 2833 1314 2898 infudit
1338 2833 1434 2918 pleni-

480 2941 555 3006 tudo
578 2941 696 3026 gratiae
713 2965 742 3004 ».
768 2975 811 2986 —
840 2937 922 3018 Sive,
946 2937 1022 3022 quio
1044 2937 1097 3004 hic
1118 2939 1224 3024 agitur
1249 2939 1288 3006 de
1319 2939 1434 3024 duplici

480 3045 595 3112 Christi
618 3043 829 3128 susceptione:
854 3043 1025 3130 corporati
1044 3049 1076 3110 et
1106 3043 1296 3130 spirituali:
1322 3065 1434 3130 eorpo-

479 3151 549 3216 rali
563 3169 582 3214 a
597 3149 720 3216 Martha
734 3149 764 3214 in
783 3151 918 3234 hospitio
935 3151 1047 3214 domus
1063 3151 1245 3228 exterioris3
1262 3149 1437 3232 spirituali

479 3277 496 3324 a
521 3259 615 3322 llaria
635 3257 667 3322 iu
686 3255 821 3340 hospitio
842 3253 954 3322 domus
977 3255 1146 3322 interioris.
1165 3257 1200 3322 ut
1224 3255 1299 3322 haec
1315 3255 1434 3340 duplex

479 3361 660 3448 susceptio⁵
683 3361 909 3448 perfectissime
930 3361 991 3430 fuit
1022 3361 1053 3428 in
1078 3363 1187 3442 Μανία,
1218 3379 1298 3448 quaa
1331 3363 1434 3448 ipsum

479 3469 617 3554 suscepit
646 3469 677 3534 in
702 3467 848 3534 thalamo
869 3469 1037 3554 corporis,
1070 3469 1149 3535 aluit
1178 3475 1210 3536 et
1241 3469 1374 3536 nutrivit
1406 3475 1434 3536 et

479 3575 622 3640 educavit
645 3579 676 3640 et
692 3573 800 3640 sedulo
822 3573 1029 3654 ministrarit3
1046 3575 1182 3660 suscepit
1207 3573 1299 3640 etiam
1316 3573 1349 3640 in
1364 3571 1434 3640 tita-

481 3681 566 3748 tamo
583 3681 708 3760 cordis,
726 3681 828 3766 ipsum
845 3681 991 3760 ridendo,
1009 3681 1178 3760 credendo,
1202 3681 1349 3762 amando,
1365 3681 1435 3748 imi-

480 3785 582 3852 tando.
609 3787 644 3852 Et
666 3805 707 3852 ex
725 3793 870 3874 ¹atraque
894 3787 1008 3852 horum
1034 3787 1124 3852 beata
1148 3787 1224 3868 fuit3
1248 3787 1332 3854 unde
1355 3787 1436 3852 intra

480 3893 645 3958 undecimo
668 3895 698 3958 6:
734 3895 886 3958 «Beatus
920 3899 1047 3974 uenter,
1085 3893 1138 3978 qui
1170 3901 1200 3960 te
1235 3895 1371 3976 portarit
1396 3915 1434 3972 »3

485 4025 499 4056 r
517 3999 610 4078 Beati,
626 3999 680 4084 qui
698 3999 832 4066 audiunt
848 3997 980 4066 verbum
997 3999 1050 4064 Dei
1073 4005 1104 4066 et
1118 3997 1299 4066 custodiunt
1314 3997 1393 4064 illud
1406 4025 1434 4064 i.

420 4191 421 4194 Ἴ
482 4105 567 4170 Unde
592 4105 823 4190 Augustinusl:
854 4131 868 4162 κ
886 4105 1007 4170 heatior
1031 4105 1092 4170 fuit
1113 4105 1436 4188 llaria'percipiendo

482 4209 576 4276 fidem
599 4211 713 4276 Christi
737 4229 833 4294 quum
857 4209 1056 4294 concipiendo
1074 4229 1200 4276 carnem
1224 4209 1350 4276 Christi.
1374 4213 1436 4276 lila-

481 4323 569 4384 terna
594 4335 729 4402 namque
758 4315 977 4402 propinquitas
999 4317 1078 4384 nihil
1110 4315 1224 4384 llariae
1247 4315 1436 4402 profuisset,

481 4423 541 4490 nisi
563 4423 684 4492 felicius
707 4423 809 4510 ipsum
833 4429 936 4490 ruente
960 4441 1053 4510 quam
1079 4441 1173 4490 carne
1196 4429 1394 4510 gestasset».

569 4533 621 4596 77.
638 4531 709 4596 Sive
732 4531 840 4612 etiam,
857 4531 930 4614 quia
947 4531 997 4596 hic
1014 4531 1075 4596 tria
1091 4531 1355 4618 determinantur,
1379 4531 1437 4598 sci-

373 4643 462 4698 Quadr·
482 4637 552 4702 licet
575 4635 716 4704 diuinum
740 4633 937 4720 hospitium,
965 4635 1107 4702 diuinum
1131 4635 1374 4714 trtiuisterium,
1392 4637 1437 4702 di-

477 4743 589 4808 ·rinum
606 4741 876 4820 contubernium
893 4761 975 4828 quae
991 4741 1051 4806 tria
1067 4741 1197 4810 fuerunt
1214 4741 1437 4828 perfectissime

478 4845 512 4912 in
529 4845 656 4932 Virgine
679 4847 792 4912 llario:
812 4843 991 4932 hospitium
1008 4847 1039 4912 iu
1056 4847 1197 4924 castello,
1215 4845 1437 4912 ruiru'starium

442 4951 444 4956 '
481 4953 512 5018 in
536 4953 658 5020 llartha
680 4961 711 5018 et
734 4953 985 5020 contubernium
1008 4953 1041 5020 in
1063 4953 1169 5018 illaria.

569 5061 663 5128 Recta
684 5059 780 5144 Virgo
802 5059 899 5126 llario
918 5059 948 5124 in
974 5059 1172 5142 suscipiendo
1196 5057 1357 5124 Christum
1380 5059 1440 5124 fuit

342 5137 464 5236 iiiihiil‘
483 5165 651 5230 castollum
685 5163 839 5230 turribus
872 5165 1038 5230 uirtutum
1072 5161 1239 5230 rtrurtituui
1274 5169 1303 5228 et
1340 5163 1439 5230 eleua-

357 5245 450 5286 turribus

351 5277 567 5350 misrrumum
601 5271 690 5338 cuius
721 5269 822 5356 prima
853 5269 952 5336 turris
982 5269 1042 5334 fuit
1071 5265 1233 5354 fortitudo
1263 5267 1438 5334 districtio-

553 5681 562 5712 ¹
584 5685 659 5736 Vers.
678 5683 720 5734 la.
738 5709 774 5722 -
792 5683 860 5734 loan.
883 5683 927 5744 to,
947 5681 976 5734 9:
1001 5681 1056 5746 Ego
1076 5695 1134 5732 sum
1155 5681 1258 5734 ostium.
1285 5683 1333 5734 Per
1351 5695 1394 5734 me
1418 5683 1440 5734 si
1505 5709 1506 5714 .

483 5771 543 5838 quis
560 5771 700 5834 introierit,
715 5767 858 5824 salvabitur
870 5777 897 5822 et
909 5767 1076 5838 iupredirtur·
1096 5773 1120 5822 et
1133 5767 1286 5838 egredietur
1298 5777 1323 5824 et
1342 5783 1440 5836 prascua

467 5857 606 5912 'inveniet
623 5859 676 5914 Cir.
694 5861 818 5926 Cragon,
844 5861 936 5924 Regni.
961 5861 1083 5924 pastoral.
1109 5873 1134 5924 p.
1155 5861 1182 5912 ll.
1202 5873 1225 5912 c.
1244 5859 1439 5928 5;·Bernard.,

484 5951 567 6002 Serm.
587 5949 630 6000 iil.
649 5949 675 6000 iu
692 5947 765 6002 Cant.
787 5963 810 6000 n.
832 5953 858 6002 2.
875 5953 903 6000 et
920 5951 1002 6000 Serm.
1024 5949 1065 6000 57.
1086 5963 1113 6000 n.
1130 5951 1157 6002 9.
1175 5963 1249 6016 seqq.

553 6033 563 6066 ²
582 6039 632 6088 Pro
650 6035 737 6090 siocli
755 6037 888 6090 substituit
903 6039 1017 6106 propter
1035 6041 1161 6106 quatuor.
1180 6035 1284 6092 Primo.

554 6121 564 6154 ³
584 6127 669 6180 Serm.
689 6127 715 6180 t.
727 6127 752 6180 in
766 6129 879 6180 hssumt.
894 6127 924 6178 B.
936 6125 1031 6178 hieriae
1049 6127 1123 6190 Virg.
1143 6141 1169 6178 n.
1188 6127 1213 6178 5.
1229 6127 1289 6178 Post
1303 6125 1439 6196 Optimam

479 6213 562 6284 plaac
589 6221 672 6268 textus
695 6213 830 6280 originalis
855 6213 928 6268 addit
952 6213 1032 6282 quia,
1056 6215 1079 6266 ll
1104 6229 1169 6266 raro
1187 6219 1247 6278 post
1273 6213 1343 6268 duaa
1365 6215 1440 6268 addit

483 6301 612 6376 equidem.

553 6391 564 6422 ⁴
583 6391 663 6458 Epist.
680 6393 706 6444 3.
731 6393 765 6446 ad
790 6393 896 6446 Paulam
920 6397 947 6446 et
971 6391 1153 6458 Eustochium,
1172 6391 1207 6444 de
1226 6391 1392 6444 assumtione
1410 6391 1439 6442 B.

484 6481 577 6534 itariae
596 6481 670 6546 Virg.
689 6481 774 6550 (inter
792 6495 872 6546 opera
891 6481 1007 6548 Hieron.)
1028 6493 1049 6532 c.
1070 6481 1101 6544 5,
1119 6479 1167 6532 ubi
1184 6493 1234 6544 pro
1252 6477 1348 6532 ciatrem
1365 6483 1405 6532 ost
1416 6483 1441 6532 et

484 6583 533 6634 pro
551 6583 579 6624 sa
599 6573 681 6626 totam
695 6571 722 6622 Η
740 6583 801 6622 cum
821 6575 890 6622 textu
911 6571 1030 6636 originali
1046 6571 1207 6636 praestatur
1226 6573 1296 6622 etse
1315 6571 1378 6622 tota.

554 6655 648 6712 ⁶Cod.
668 6661 688 6712 G
713 6661 807 6712 omittit
830 6657 976 6728 susceptio,
999 6657 1086 6712 ACD
1109 6657 1199 6724 legunt
1224 6655 1258 6710 Et
1281 6655 1331 6712 itoc
1355 6653 1441 6726 dupii-

485 6745 558 6802 ciier·.
687 6745 690 6758 ¹

554 6831 566 6862 ⁶
585 6835 660 6888 Vers.
679 6835 723 6888 at.
742 6841 768 6888 et
787 6835 829 6888 28.

1085 547 1268 612 colludit
1271 597 1278 610 .
1301 545 1341 612 IN
1364 545 1601 612 EVANGELlUlll
1624 545 1740 612 LUCAE
1766 543 1795 608 C.
1813 545 1855 610 Χ.

1498 721 1570 798 nis,
1604 721 1645 788 de
1678 737 1740 804 qna
1775 717 1974 786 Canticorum
2012 721 2165 804 quartur:
2197 721 2321 788 «Sicut
2352 721 2453 792 turris
2470 745 2544 792 runa
2561 753 2604 808 pu.

1499 825 1596 892 David
1619 825 1734 892 collum
1760 831 1868 904 tuum,
1893 845 1971 910 quac
1992 827 2152 894 aedificata
2174 835 2221 894 est
2237 845 2310 894 curn
2333 843 2453 912 propu-
2515 813 2559 846 Μ’

1497 931 1656 1018 graculiS,
1680 931 1766 996 rnillc
1787 931 1887 1016 clypei
1910 931 2044 1014 pendent
2069 919 2109 1000 e'x
2141 951 2177 1000 ea
2195 959 2228 1012 a,
2258 917 2331 1016 quia
2358 931 2454 1018 Virgo

1497 1037 1705 1104 blarianullo
1727 1037 1801 1102 vitio
1826 1037 1926 1120 potuit
1952 1039 2102 1120 superari.
2121 1075 2173 1096 -.
2189 1025 2331 1104 Secunda
2351 1041 2453 1110 turris
2468 1063 2576 1114 steiana.

1497 1141 1657 1208 rectitudo
1680 1141 1903 1222 (thecelinae,
1927 1141 1965 1208 de
1988 1159 2051 1226 qua
2075 1141 2273 1208 Canticorum
2302 1141 2451 1226 septimo:

1504 1275 1521 1306 c<
1535 1249 1635 1316 Nasus
1657 1255 1731 1316 tuns
1755 1249 1837 1316 sicut
1859 1249 1961 1316 turris
1981 1249 2106 1326 libani,
2132 1265 2212 1332 quaa
2235 1247 2363 1332 respicit
2380 1263 2453 1318 con-

1497 1363 1546 1422 tra
1569 1357 1755 1424 Damascum
1775 1379 1810 1436 »3
1846 1357 1900 1424 uhi
1936 1345 2120 1442 intelligitur
2152 1353 2300 1420 discretio
2331 1351 2403 1420 boni
2435 1379 2454 1426 a

1497 1463 1589 1530 male.
1605 1463 1772 1530 ——Tertia
1792 1465 1893 1530 turris
1910 1461 1971 1528 fnit
1994 1461 2169 1530 multituda
2195 1459 2390 1540 deuotionis,
2413 1463 2453 1534 da
2471 1483 2552 1532 restra.

1497 1589 1560 1656 qua
1591 1569 1788 1636 Canticorurn
1826 1569 1958 1636 ultimo:
1991 1597 2008 1626 α
2032 1569 2093 1654 Ego
2124 1585 2266 1648 murUS,
2286 1571 2319 1632 et
2351 1567 2454 1638 ubera

1498 1693 1567 1744 mea
1590 1675 1671 1744 sicut
1702 1675 1798 1742 turris
1824 1701 1853 1752 ν,
1879 1681 2008 1762 propter
2037 1675 2234 1744 dulcedinem
2259 1671 2452 1758 devotionis

1497 1783 1530 1848 in
1553 1801 1615 1866 qua
1640 1781 1823 1848 excellebat
1846 1779 1931 1846 Unde
1955 1783 2034 1846 istae
2056 1789 2121 1846 tres
2146 1789 2252 1846 turres
2274 1781 2454 1854 aedificatae

1497 1888 1628 1953 fuorunt
1652 1903 1668 1950 a
1693 1885 1809 1968 Spiritu
1835 1891 1941 1948 sancto
1964 1901 2021 1966 per
2043 1885 2174 1968 gratiam
2193 1903 2286 1970 super
2312 1893 2376 1952 tres
2399 1903 2454 1968 po-

1499 1991 1610 2058 tentias
1634 1989 1776 2056 animae:
1808 1987 1910 2074 prima
1943 2007 2036 2074 super
2069 1987 2284 2068 irascibilem,
2318 1993 2454 2062 secunda

1498 2095 1815 2182 superrationalem
1846 2101 1877 2164 et
1904 2095 1998 2162 tertia
2031 2113 2128 2182 super
2158 2095 2453 2182 concupiscibilem.

1498 2239 1543 2250 ·-
1566 2203 1602 2266 Et
1625 2221 1666 2268 ex
1691 2201 1740 2266 his
1764 2203 1857 2288 Virgo
1883 2203 1941 2270 fuit
1961 2209 2099 2270 castrum
2126 2203 2269 2270 idoneum
2292 2203 2332 2266 ad
2355 2207 2455 2272 susci-

1499 2307 1648 2392 piendum
1670 2309 1782 2398 Filium
1805 2309 1904 2376 Patris
1926 2309 2093 2390 dilectum,
2117 2309 2168 2396 qui
2201 2315 2268 2376 erat
2290 2307 2393 2374 virtus
2423 2321 2455 2380 et

1499 2413 1650 2498 sapientia
1671 2415 1806 2494 Patris⁹‚
1832 2415 1906 2500 quia
1929 2417 2025 2502 Virgo
2039 2413 2242 2502 fmtissirua,
2264 2415 2455 2502 prodeatis-

1497 2517 1587 2584 sima
1609 2527 1643 2584 et
1664 2519 1885 2588 deuotissima.

1589 2629 1641 2692 78.
1664 2629 1757 2694 Recte
1779 2629 1872 2694 ctiam
1904 2629 1939 2694 in'
1960 2629 2181 2694 ruirtistruruto
2213 2627 2272 2694 fuit
2298 2625 2528 2716 Martianus,
2543 2653 2621 2698 rums.

1498 2751 1581 2818 quae
1600 2733 1733 2800 Domino
1758 2733 1948 2800 ministrarii
1969 2731 2106 2816 fideliter
2123 2739 2153 2800 et
2176 2731 2344 2800 itrtmiiitar
2360 2741 2392 2800 et
2406 2739 2456 2804 ui·
2471 2707 2621 2806 aiiiiraanriia.

1498 2839 1614 2904 riliter.
1642 2839 1689 2904 Sic
1713 2845 1742 2904 et
1767 2839 1871 2914 illaria,
1897 2855 1968 2902 cum
2000 2845 2082 2902 esset
2104 2839 2216 2914 hister,
2240 2837 2313 2902 fecii
2336 2855 2369 2902 se
2399 2857 2455 2908 an-

1499 2945 1600 3016 cillam
1625 2947 1657 3010 et
1671 2943 1864 3022 ministram,
1890 2943 2061 3010 secundum
2085 2942 2160 3010 illud
2179 2959 2275 3028 supra
2290 2943 2393 3028 primo
2408 2947 2454 3016 ¹⁰:

1504 3077 1521 3108 a
1537 3051 1628 3130 Ecce,
1652 3049 1766 3118 ancilla
1786 3049 1924 3128 Domini,
1949 3049 2004 3116 fiat
2026 3049 2100 3116 mihi
2124 3049 2296 3118 secundum
2321 3049 2455 3124 verbum
2516 3055 2521 3060 ''

1500 3163 1591 3220 tuum
1606 3181 1638 3220 s.
1661 3157 1746 3222 Unde
1771 3155 1928 3242 designata
1945 3155 2004 3220 fuit
2027 3173 2083 3238 per
2106 3155 2192 3222 illam
2207 3157 2322 3222 honam
2342 3159 2455 3226 mulie-

1498 3281 1567 3328 rem
1590 3261 1724 3346 hhigail,
1741 3281 1837 3348 quae,
1860 3279 1933 3328 curn
1958 3261 2089 3330 aDarid
2111 3268 2274 3346 peteretur
2289 3263 2323 3328 in
2346 3265 2455 3334 coniu-

1499 3367 1603 3454 gium,
1628 3367 1740 3434 obtulit
1770 3385 1800 3434 se
1833 3367 1871 3434 ad
1896 3367 2120 3448 ministerium;
2145 3367 2236 3454 primi
2262 3369 2379 3454 Regum
2408 3373 2456 3438 vi-

1499 3475 1617 3560 gesimo
1642 3475 1751 3558 quinto
1766 3475 1808 3540 1¹:
1839 3475 1961 3554 «Ecce,
1984 3473 2100 3540 famula
2124 3481 2177 3542 tua
2202 3475 2240 3542 sit
2264 3475 2391 3562 ancilla,
2419 3487 2456 3548 ut

1499 3583 1582 3648 lauet
1614 3579 1710 3664 pedes
1739 3597 1904 3648 servorum
1931 3589 2064 3648 'tuorum
2091 3609 2121 3646 ».
2157 3583 2238 3648 Talis
2270 3581 2328 3646 fuit
2358 3583 2454 3670 Virgo

1499 3685 1596 3752 blaria
1617 3703 1694 3772 prae
1717 3685 1813 3752 nimia
1842 3685 2033 3766 humilitate
2057 3689 2142 3754 unde
2164 3687 2204 3754 de
2227 3705 2261 3754 sa
2282 3687 2350 3772 ipsa
2374 3689 2456 3758 dice-

1499 3793 1570 3860 bat:
1599 3793 1779 3878 «Respexit
1801 3793 2010 3862 humilitatem
2033 3795 2161 3862 ancillae
2188 3813 2264 3862 suae
2278 3819 2310 3858 a.
2335 3793 2370 3860 et
2396 3799 2457 3866 hoc

1499 3903 1546 3964 est
1564 3897 1650 3982 quod
1664 3897 1737 3964 dicit
1754 3899 1947 3982 Augustinus
1961 3899 2001 3964 12:
2030 3925 2045 3954 r
2063 3901 2190 3964 blariam
2213 3899 2318 3982 operis
2333 3901 2457 3967 exhibi-

1499 4003 1584 4068 tione
1606 4009 1638 4068 et
1660 4003 1731 4068 fidei
1763 4003 1950 4086 rigidissima
1976 4003 2107 4070 ilaritate
2134 4003 2307 4070 ministram
2339 4003 2456 4072 Christi

1499 4105 1609 4186 fuisso,
1635 4107 1749 4186 omnia,
1768 4107 1822 4192 qui
1845 4125 1918 4174 sane
1934 4107 2028 4192 sapit,
2052 4109 2205 4192 intelligit.
2222 4097 2346 4192 Absque
2360 4109 2457 4178 dubio

1500 4211 1584 4278 enirn
1613 4213 1824 4280 ministratrix
1853 4213 1883 4280 ei
1913 4213 2049 4290 exstitit,
2074 4231 2154 4300 quae
2185 4215 2271 4280 hunc
2301 4213 2334 4280 in
2364 4221 2457 4282 utero

1500 4317 1596 4402 gessit
1617 4323 1776 4402 partuque
1807 4317 1971 4402 profusum
1995 4317 2075 4384 aluit
2102 4325 2135 4384 ei
2157 4317 2252 4398 fovit,
2279 4327 2390 4402 atque,
2420 4325 2458 4386 ut
2501 4399 2503 4402 ¹

1502 4425 1702 4510 Evangelium
1727 4423 1787 4506 ait,
1811 4427 1848 4492 iu
1877 4425 2047 4512 praesepio
2081 4425 2255 4492 reclinanti
2276 4433 2348 4492 eta
2378 4425 2457 4492 facie

1500 4531 1629 4598 Herodis
1652 4531 1775 4616 fugiens
1796 4531 1830 4598 in
1852 4531 2024 4616 Aegyptum
2048 4531 2178 4598 accessit
2203 4539 2232 4598 et
2261 4547 2384 4598 ornnem
2408 4531 2457 4596 in-

1501 4637 1629 4702 fantiam
1653 4635 1721 4702 eius
1745 4637 1795 4722 pio
1818 4637 1927 4702 matris
1952 4635 2064 4704 affectu
2084 4641 2132 4702 est
2153 4643 2321 4722 prosecuta
2336 4663 2365 4714 ν.

1592 4743 1643 4806 73.
1667 4743 1759 4810 Recte
1775 4741 1867 4808 etiarn
1892 4741 1922 4806 in
1940 4739 2157 4808 cattabttamtc
2180 4741 2245 4808 sive
2263 4741 2292 4808 in
2318 4749 2457 4808 auritum-
2472 4761 2535 4824 νεα,
2551 4763 2574 4806 u
2588 4775 2624 4806 a.

1498 4849 1623 4934 plaudo
1648 4849 1708 4914 fuit
1736 4849 1858 4930 Maria.
1885 4849 1960 4912 Nam
1991 4847 2075 4930 ipsa,
2102 4845 2184 4912 sicut
2213 4847 2313 4912 altera
2343 4845 2457 4924 llario,
2481 4815 2613 4912 fiififfii.

1502 4953 1594 5020 iusta
1605 4953 1767 5020 Christum
1784 4953 1899 5032 stabat,
1919 4951 2091 5020 secundum
2108 4951 2184 5016 illud
2201 4951 2322 5018 loannis
2337 4951 2458 5018 decimo

1502 5077 1587 5124 nouo
1600 5059 1644 5122 1³:
1673 5085 1689 5116 «
1707 5059 1835 5124 Stabant
1856 5059 1944 5122 iuxta
1970 5075 2095 5123 crucem
2120 5059 2189 5122 lesu
2212 5059 2307 5122 Μαῖαν
2336 5057 2404 5124 eius
2427 5065 2459 5124 et

1503 5181 1593 5230 soror
1620 5163 1727 5230 llatris
1751 5163 1836 5242 eius,
1851 5163 1948 5228 llario
1969 5161 2142 5246 Cleophae,
2164 5169 2196 5228 et
2218 5161 2314 5230 llario
2336 5163 2459 5248 llagda·
2501 5247 2503 5252 ,

1503 5269 1619 5336 leno».
1646 5269 1715 5352 lpsa
1743 5285 1880 5354 namque
1909 5267 2004 5352 Virgo
2034 5267 2106 5344 fuit,
2141 5287 2221 5352 quae
2239 5269 2397 5362 ¹rrtaaima
2428 5269 2460 5334 ai

1574 5679 1585 5710 ²
1604 5681 1674 5734 Lihr.
1696 5683 1728 5734 do
1742 5683 1837 5734 Sancta
1849 5681 2019 5746 virginitate,
2031 5695 2052 5734 c.
2068 5683 2092 5734 3.
2104 5695 2132 5734 n.
2150 5683 2175 5734 3.
2189 5683 2249 5734 Post
2262 5695 2371 5736 caruem
2387 5681 2460 5734 Citri-

1502 5771 1539 5826 sti
1555 5775 1640 5824 textus
1658 5771 1791 5836 originalis
1809 5773 1885 5836 plura
1904 5771 1984 5824 addit.

1575 5857 1587 5888 ⁸
1604 5861 1679 5912 Vers.
1700 5859 1724 5912 t.
1736 5887 1772 5898 -
1787 5861 1844 5914 Dtto
1862 5873 1937 5926 seqq.
1956 5857 2004 5912 loci
2024 5857 2151 5910 habentur
2167 5857 2241 5910 Cant.
2254 5857 2283 5924 7,
2296 5857 2323 5910 t.
2335 5863 2360 5908 at
2374 5859 2402 5920 8,
2417 5857 2459 5908 iil.

1574 5945 1586 5978 ⁹
1603 5947 1655 6002 Cir.
1673 5951 1692 6000 l.
1711 5947 1771 6002 Cor.
1790 5951 1818 6012 t,
1838 5947 1881 6002 ii.
1899 5963 1978 6012 supra
1997 5959 2060 6012 pag.
2080 5947 2125 6012 96,
2147 5953 2209 5998 nota
2228 5945 2253 5998 t.
2272 5947 2405 6010 allegatus.

1574 6033 1597 6066 ¹⁰
1615 6039 1691 6088 Vers.
1714 6037 1756 6088 38.
1775 6065 1808 6074 -
1829 6037 1955 6100 Superius
1973 6035 2031 6088 roci
2048 6035 2139 6090 Μαῖαν
2155 6035 2214 6088 Vat.
2232 6033 2353 6100 praefigit
2371 6031 2427 6086 Dei.
2455 6085 2457 6088 .

1575 6121 1597 6154 ¹¹
1616 6127 1692 6178 Vers.
1712 6125 1754 6190 ll.
1774 6153 1806 6164 -κ
1827 6127 1950 6192 Sequitur
1967 6127 2030 6176 Luc.
2050 6125 2080 6186 l,
2098 6121 2140 6174 lc.

1575 6207 1598 6240 ¹²
1616 6211 1686 6264 Lihr.
1707 6211 1740 6264 de
1765 6213 1930 6264 Assumtione
1949 6213 1977 6262 B.
2003 6211 2097 6262 Mariae
2116 6211 2192 6274 Virg.
2213 6209 2289 6278 (iuter
2309 6223 2391 6274 opera
2407 6207 2461 6262 Au·

1504 6299 1585 6368 gost.)
1604 6313 1627 6350 c.
1646 6301 1674 6366 t,
1695 6299 1740 6352 ubi
1760 6305 1843 6352 uritis
1860 6301 1994 6364 originalis
2015 6313 2062 6366 pro
2080 6313 2146 6354 saue
2164 6299 2296 6352 substituit
2314 6311 2413 6352 sauum
2435 6303 2461 6350 et

1503 6401 1584 6458 opere
1600 6389 1786 6444 ministratrice
1803 6403 1853 6454 pro
1872 6389 2058 6442 raiuhtrutria
2078 6387 2102 6442 ei
2120 6387 2244 6456 (ACDG
2270 6385 2342 6454 quod
2365 6385 2391 6440 ei
2411 6385 2461 6440 mi·

1504 6475 1680 6544 uistr·atria),·
1700 6477 1770 6530 circa
1792 6477 1872 6530 linem
1897 6479 1955 6544 ipse
1978 6477 2053 6542 ponit
2072 6475 2209 6532 abscondit
2232 6489 2281 6540 pro
2300 6475 2412 6530 accessit
2435 6481 2461 6528 et

1504 6565 1598 6618 omittit
1611 6565 1668 6634 pio.
1687 6567 1819 6630 allegatur
1832 6567 1895 6620 Luc.
1911 6569 1940 6632 2,
1953 6565 1978 6618 t.
1991 6571 2018 6618 et
2035 6565 2169 6630 respicitur
2183 6565 2272 6618 hlaith.
2286 6565 2301 6616 2
2307 6603 2317 6630 ,
2333 6565 2373 6616 tu.
2387 6581 2462 6634 seqq.

1498 6653 1550 6722 (de
1568 6657 1630 6718 fuga
1649 6655 1674 6706 iu
1694 6653 1865 6722 Aegyptum).

1508 6781 1510 6786 .
1577 6739 1599 6772 ²³
1617 6743 1692 6794 Vera
1712 6743 1754 6796 25.
1767 6769 1801 6782 -
1815 6743 1942 6806 Superius
1955 6757 2001 6808 pro
2016 6739 2043 6794 iu
2061 6739 2237 6796 cohabitari-tio
2258 6745 2316 6796 Vat.
2330 6743 2357 6796 ia
2370 6743 2462 6798 cobae-

1505 6829 1602 6896 reado,
1616 6835 1643 6882 et
1655 6831 1728 6894 ponit
1745 6829 1825 6882 iacta
1838 6841 1947 6884 crucem
1958 6829 2046 6882 stabat
2059 6841 2106 6892 pro
2120 6829 2202 6884 tuata
2216 6829 2352 6886 Christum
2363 6829 2460 6886 stabat.
