5900 8266
456 553 527 618 atu.

455 727 651 812 plorantibus
676 725 707 792 iu
731 725 941 792 consolatione
969 729 1003 790 et
1035 743 1109 792 cum
1136 725 1317 814 lugentibus
1347 745 1414 794 am-

455 833 542 912 bula;
569 851 631 898 non
654 836 686 898 te
701 831 805 916 pigeat
821 831 948 898 visitare
962 829 1126 898 infirmum
1137 859 1170 898 a.
1187 835 1273 900 Hunc
1298 833 1413 918 piguit,

455 939 546 1024 quia,
573 957 644 1006 cum
667 943 752 1006 esset
773 955 867 1006 secus
890 937 994 1004 locum
1018 943 1050 1004 et
1065 937 1200 1018 videret,
1215 939 1319 1006 noluit
1340 939 1414 1006 visi·

456 1047 531 1108 tare.
558 1045 617 1108 lsle
640 1059 703 1108 non
738 1049 808 1110 erat
830 1043 944 1110 similis
964 1043 1010 1108 illi
1034 1043 1165 1122 Tobiae,
1190 1051 1305 1128 qvtarlo
1318 1045 1338 1124 1,
1364 1045 1416 1112 do·

455 1149 535 1216 couti
560 1147 659 1214 lilium
685 1165 796 1216 satam:
827 1173 842 1208 «
857 1149 925 1216 Noli
956 1153 1100 1218 avertero
1131 1149 1243 1216 faciem
1265 1141 1351 1216 tuam
1376 1149 1415 1216 ab

455 1253 520 1318 ullo
542 1271 729 1338 paupere».
763 1253 817 1320 llic
846 1261 993 1320 autema
1015 1273 1154 1340 paupere
1178 1255 1280 1334 nudo,
1305 1255 1415 1322 vulne-

456 1365 525 1426 rato
548 1359 642 1426 etde
664 1359 780 1444 populo
817 1379 876 1428 suo
907 1361 1023 1430 avertit
1046 1363 1154 1428 oculos
1187 1379 1269 1428 suos.
1298 1363 1332 1428 Et
1355 1363 1416 1428 boc

456 1473 524 1534 erat
545 1465 645 1552 magis
668 1467 918 1552 reprehensibile
952 1467 983 1534 in
1019 1467 1236 1534 sacerdotibus
1259 1475 1290 1534 et
1315 1467 1416 1534 levitis

456 1591 552 1658 quam
587 1573 619 1636 in
649 1571 717 1638 aliis
755 1573 910 1660 personis
938 1573 1176 1660 propterquod
1198 1573 1314 1640 dicitur
1337 1573 1416 1642 Osee

456 1683 546 1744 sexto
561 1679 588 1742 2:
619 1675 894 1744 «Misericordiam
917 1679 1004 1746 volui
1025 1683 1059 1744 et
1079 1697 1142 1744 nou
1167 1679 1370 1758 sacrificium,
1385 1683 1417 1744 et

457 1783 617 1852 scientiam
641 1783 697 1848 Dei
717 1783 789 1866 plus
815 1801 909 1870 qivam
935 1785 1159 1864 holocaustam
1184 1783 1267 1852 unde
1290 1783 1349 1850 iste
1373 1783 1416 1848 le-

456 1891 627 1976 gisperitus
641 1889 757 1956 dieitur
778 1891 897 1958 dixisse
913 1891 1009 1958 blarci
1023 1891 1226 1958 duodecimo:
1250 1915 1263 1948 1
1280 1891 1416 1974 Diligere

456 1997 640 2080 proximum
662 2001 814 2080 tauquam
837 2013 873 2062 se
887 1995 992 2080 ipsum
1010 1997 1113 2062 udaius
1128 2001 1175 2062 est
1190 1995 1335 2062 clunibus
1361 1997 1416 2062 bo-

455 2101 717 2168 locautomatibus
742 2107 773 2168 et
797 2101 959 2168 sacrificiis
974 2129 1006 2170 1.

546 2211 597 2276 57.
623 2209 722 2296 (Vers.
751 2207 827 2292 331.
864 2209 1106 2278 Samaritanus
1140 2215 1252 2276 aretem
1279 2215 1337 2276 etc.
1364 2207 1416 2276 llic

299 2335 334 2380 m
347 2347 441 2400 perena
458 2317 550 2382 tertio
575 2317 642 2382 loco
664 2315 814 2382 subditur
833 2335 981 2400 persona
1004 2315 1198 2382 subveniens
1220 2335 1261 2380 en
1281 2315 1417 2380 clemen-

300 2391 443 2488 ⁵⁰niii¹ti¹i³
459 2423 518 2500 tia.
540 2423 633 2488 Circa
653 2441 750 2506 quam
773 2423 893 2508 duplex
916 2423 1047 2490 effectus
1066 2423 1299 2492 misericordiae
1314 2429 1417 2490 oslen-

347 2497 399 2540 ⁶⁰⁰'
458 2527 560 2608 ditur,
585 2527 703 2596 scilicet
732 2527 944 2614 strpportatio
975 2527 1185 2614 infirmitatis
1207 2535 1239 2596 el
1261 2527 1416 2596 relevatio

458 2635 689 2702 mendicitatis.

546 2741 650 2808 Primo
672 2741 771 2826 igitur
794 2745 951 2824 quantum
980 2743 1019 2806 ad
1043 2739 1313 2806 misericordiam
1334 2759 1417 2824 anp-

333 2863 438 2910 cnmum.
455 2855 645 2932 portantem
668 2845 898 2930 infirmitatem
923 2844 1014 2913 dicit:
1040 2845 1280 2912 Samaritanus
1307 2853 1417 2912 antem

458 2953 596 3040 qnidam
620 2953 682 3016 iter
698 2949 826 3038 faciens
840 2951 928 3018 venit
944 2971 1037 3016 secus
1054 2951 1152 3016 earn3
1170 2959 1209 3028 et,
1227 2952 1320 3018 111111
1340 2969 1417 3018 suae

305 3079 387 3142 111111
399 3073 446 3130 pre·
458 3057 655 3142 benignitatis
671 3075 708 3124 ac
723 3075 821 3142 opere
836 3057 996 3124 maximae
1017 3057 1162 3142 pietatis,
1187 3055 1302 3124 cidens
1329 3073 1416 3134 enm,

341 3135 400 3176 ‘³²¹⁵‘
458 3163 690 3230 misericordia
712 3169 823 3230 motas
845 3173 909 3244 est,
936 3163 978 3230 ita
1007 3169 1043 3230 ut
1071 3169 1176 3248 posset
1209 3163 1317 3232 dicere
1338 3163 1417 3230 illud

457 3271 510 3336 lob
532 3271 708 3356 trigesimo:
737 3271 892 3338 «Flebam
917 3271 1076 3356 quondam
1091 3289 1191 3356 super
1205 3289 1243 3338 eo
1261 3271 1316 3356 qui
1337 3271 1418 3336 alili·-

458 3385 527 3444 ctus
550 3383 634 3456 erat,
663 3383 696 3442 et
725 3379 975 3462 compatiebatur
1011 3377 1116 3444 anima
1142 3397 1212 3444 mea
1237 3377 1369 3462 pauperi
1385 3403 1416 3458 »3

458 3487 487 3548 et
512 3499 627 3548 rursus
648 3481 810 3566 trigesimo
833 3483 952 3566 primo:
981 3507 999 3540 <t
1014 3481 1059 3548 db
1080 3481 1210 3548 iuiantia
1225 3499 1296 3548 mea
1319 3481 1419 3550 crevit

458 3603 583 3652 mecum
606 3585 815 3652 miseratio».

548 3693 599 3758 68.
626 3691 726 3776 (1111.
753 3691 829 3778 aa).
854 3695 892 3760 Et
921 3691 998 3780 quia
1026 3711 1101 3762 vera
1126 3693 1340 3762 misericordia
1364 3715 1419 3780 ap-

302 3805 549 3914 optsspuu-paret
577 3799 607 3866 iu
643 3817 756 3884 opere,
787 3799 856 3868 ideo
889 3799 1011 3868 subdit:
1050 3803 1088 3868 m
1120 3803 1416 3892 appropinquans,

364 3883 393 3916 ¹³⁸
460 3925 518 3992 per
539 3907 703 3988 ellectum,
726 3905 777 3974 cui
802 3913 871 3974 erat
900 3901 1070 3994 proximus
1097 3925 1155 3992 per
1180 3907 1342 3988 adactum,
1368 3925 1419 3976 re·

459 4031 576 4082 vocans
596 4015 637 4080 ad
658 4015 813 4082 unitatem
824 4015 846 4094 4,
874 4015 1024 4102 alligauit
1039 4013 1181 4082 uulnera
1196 4015 1285 4094 eins,
1303 4013 1419 4102 infan-

459 4121 538 4186 dens
563 4119 667 4186 oleum
692 4129 718 4186 et
742 4120 879 4202 uinum,
901 4129 942 4188 ut
961 4123 1070 4188 oleum
1090 4121 1204 4188 leniret
1219 4121 1371 4202 dolorem,
1387 4129 1419 4190 et

452 4221 576 4292 ’1111111111
592 4231 755 4312 purgaret,
773 4233 804 4294 et
817 4225 965 4314 alligatio
983 4233 1193 4294 conservaret.
1210 4225 1247 4292 Et
1262 4227 1419 4312 hocopus

360 4341 361 4344 ’
459 4329 660 4402 1111111611
685 4333 775 4414 boni,
800 4333 974 4402 secundum
998 4333 1077 4400 illud
1093 4333 1299 4402 Ecclesiastici
1322 4333 1419 4420 trige-

460 4439 537 4506 simo
562 4445 669 4508 octavo
683 4441 713 4504 ⁵:
744 4465 761 4500 «
775 4439 809 4504 ln
833 4441 884 4508 bis
905 4457 1022 4508 curans
1038 4441 1193 4526 mitigabit
1213 4440 1371 4522 dolorem,
1388 4445 1420 4508 et

459 4547 690 4630 unguentarius
710 4545 804 4614 iaciat
826 4545 984 4632 pigmenta
1008 4547 1172 4614 suavitatis
1199 4551 1230 4614 et
1254 4547 1419 4614 unctiones

461 4651 603 4720 conficiet
627 4651 767 4720 sanitatis
782 4677 814 4732 »;
838 4653 1082 4720 Proverbiorum
1117 4653 1266 4740 vigesimo
1300 4651 1418 4738 primo:

467 4783 483 4818 1
501 4759 683 4826 Thesaurus
716 4759 933 4828 desiderabilis
966 4767 999 4828 et
1031 4763 1137 4828 oleum
1172 4761 1203 4828 in
1240 4761 1419 4828 habitaculo

461 4865 535 4934 iusti
551 4891 584 4934 »,
599 4903 644 4916 -·-
659 4867 697 4934 Et
711 4867 785 4952 quia
801 4885 864 4934 non
882 4867 982 4934 solum
998 4867 1165 4954 indigebat
1181 4867 1418 4948 medicamento,

419 4959 422 4964 λ
460 4991 573 5040 vermn
596 4973 690 5040 etiam
714 4973 861 5042 vehiculo
884 4981 914 5042 ct
938 4975 1074 5060 bospitio
1088 4981 1122 5042 et
1140 4975 1227 5054 cibo;
1252 4973 1321 5040 ideo
1343 4975 1420 5040 sub-

460 5077 523 5146 dit:
547 5083 590 5146 Et
611 5083 780 5164 imponens
804 5077 899 5146 illam
923 5079 960 5146 in
974 5081 1161 5146 iumentum
1184 5097 1420 5164 summumn-

461 5191 528 5254 lum
544 5186 585 5253 ad
606 5183 804 5266 vehiculum,
828 5185 926 5252 duait
943 5183 1178 5262 instabulum,
1202 5189 1358 5268 quantum
1381 5185 1420 5250 ad

459 5291 650 5378 hospitium,
674 5299 705 5358 et
725 5293 846 5358 earam
869 5289 1038 5376 eiusepit,
1064 5295 1217 5374 quantum
1242 5289 1279 5356 acl
1304 5289 1419 5356 cibum.

461 5401 496 5464 Et
520 5397 564 5464 sic
590 5397 729 5484 implevit
753 5395 830 5464 illud
854 5395 951 5464 Isaiae
977 5395 1239 5482 quinquagesimo
1268 5395 1419 5464 octavoi:

464 5505 618 5590 «Frange
641 5497 789 5570 esurienti
812 5521 928 5590 panem
953 5509 1045 5570 tuum
1068 5507 1100 5568 et
1124 5519 1239 5586 egenos
1262 5519 1421 5590 vagosque

460 5611 555 5686 indue
579 5611 610 5676 io
635 5609 763 5676 domum
785 5613 907 5674 tuam»
938 5615 1017 5682 etc„

529 6061 539 6094 ²
561 6067 636 6118 lars:
653 6065 678 6118 7.
697 6093 732 6106 -
754 6065 860 6118 lotarius
879 6077 928 6130 pro
956 6063 1043 6130 nudo,
1063 6061 1205 6118 uulnerato
1223 6067 1250 6118 et
1267 6061 1300 6118 de
1314 6061 1417 6132 populo

458 6169 508 6210 cuo
526 6155 586 6208 liat.
602 6153 685 6220 nudo,
704 6153 914 6220 catarracte
930 6151 1045 6222 proprio
1064 6167 1114 6208 suo
1133 6153 1230 6224 fratre.

528 6241 539 6272 ²
560 6247 640 6312 Vere..
653 6245 679 6298 c.
698 6271 732 6284 -
754 6243 878 6310 Sequitur
895 6243 972 6296 litare.
993 6243 1038 6306 11,
1060 6243 1101 6296 33.

514 6327 540 6374 *⁸
560 6321 643 6386 Codd.
661 6331 744 6386 dun
763 6343 839 6386 secus
857 6329 950 6396 nium,·
968 6331 1091 6382 itaetiam
1104 6333 1134 6384 Β.
1146 6331 1247 6384 tilbert.
1265 6331 1418 6382 immediate

458 6425 568 6486 postea
585 6421 639 6472 du
656 6419 808 6472 addidimus
835 6419 912 6472 canto
939 6433 1006 6474 suae
1023 6417 1194 6488 benignitatis
1211 6431 1245 6472 uc
1264 6431 1342 6486 opere
1361 6433 1416 6472 mu·

458 6507 550 6564 nimae
565 6507 681 6578 1111111111.
699 6535 735 6548 -
755 6505 873 6562 Subinde
891 6509 1034 6572 allegantur
1055 6507 1098 6560 lob
1119 6511 1166 6574 30,
1187 6509 1230 6562 25.
1252 6511 1276 6560 ct
1296 6507 1345 6570 31,
1366 6509 1407 6560 18.

528 6593 540 6624 ⁴
559 6599 594 6648 Ex
606 6597 629 6648 A
641 6595 825 6662 supplevimus
834 6609 888 6664 per
900 6595 1050 6664 effectam...
1061 6595 1095 6650 ud
1103 6595 1253 6662 unitatem·
1267 6595 1337 6648 idem
1349 6595 1416 6648 exbi-

458 6683 504 6738 bet
522 6685 558 6752 b,
577 6685 623 6738 sed
641 6685 786 6762 incongruo
800 6685 866 6748 loco,
881 6683 935 6736 scil.
948 6685 1026 6750 paulo
1039 6685 1161 6748 superius
1174 6689 1234 6748 post
1248 6681 1305 6738 ideo
1318 6679 1414 6736 subdit.

529 6769 540 6800 ⁶
560 6773 686 6838 versi,
705 6777 862 6838 postquem
882 6773 959 6826 Prov.
978 6774 1026 6838 21,
1046 6773 1088 6824 20.

530 6855 541 6886 ⁸
561 6861 636 6912 Vere.
653 6859 680 6910 7.
698 6889 732 6898 -
753 6859 881 6924 Superius
898 6873 948 6924 pro
965 6859 1157 6914 medicamento
1177 6859 1260 6914 CDH
1277 6857 1388 6914 medice.

1065 545 1320 616 1011111111111
1341 549 1581 618 evadentium
1606 553 1723 620 aucte
1747 555 1778 620 C.
1805 555 1838 620 X.

1569 729 1749 814 19111111.
1774 727 1854 812 31).
1878 729 2019 796 Secundo
2053 735 2207 814 quantum
2238 729 2277 796 ad
2307 729 2436 798 miseri·
2458 745 2590 792 secunaum.

1480 835 1631 900 cordiam
1654 835 1851 900 relevantem
1873 835 2115 934 mendicitatem
2136 833 2436 904 subclamatum
2524 847 2529 856 ’

1478 941 1530 1008 die
1553 939 1693 1026 proludit
1715 943 1802 1006 dnos
1823 939 1982 1006 denarios
2003 945 2033 1004 et
2048 941 2133 1006 dedit
2150 939 2347 1006 stabellario.
2363 943 2436 1006 Par-

1480 1063 1552 1114 ram
1574 1045 1739 1130 pecuniam
1761 1043 1913 1130 protulit,
1935 1045 2009 1130 quia
2033 1045 2173 1112 fortassis
2187 1063 2315 1128 parvam
2342 1045 2436 1112 babe-

1479 1153 1548 1230 bat,
1582 1151 1755 1218 secundum
1793 1151 1870 1218 illud
1900 1151 2013 1216 Tobiae
2049 1151 2205 1234 quartolz
2243 1151 2436 1234 «Quomodo

1480 1255 1638 1342 potueris,
1664 1263 1730 1324 esto
1752 1257 1941 1324 misericors.
1967 1257 1997 1322 Si
2019 1253 2156 1322 multum
2180 1255 2235 1320 tibi
2251 1253 2358 1336 luerit,
2381 1255 2435 1322 ab·

1480 1359 1635 1428 undanter
1672 1359 1797 1442 tribue;
1831 1363 1859 1428 si
1892 1367 2000 1428 autem
2033 1361 2202 1448 exiguum,
2239 1361 2331 1426 etiam
2368 1361 2436 1432 exi*

1481 1485 1578 1552 guum
1603 1467 1737 1534 libenter
1757 1465 1915 1552 impertiri
1939 1467 2031 1534 stude
2047 1495 2076 1534 1.
2094 1501 2137 1516 -
2153 1467 2189 1534 Et
2213 1465 2302 1552 quia,
2325 1485 2436 1554 quam-

1481 1573 1527 1640 vis
1551 1573 1674 1638 modica
1705 1579 1788 1638 esset
1821 1573 1974 1654 pecunia,
1997 1591 2110 1658 magna
2138 1579 2207 1640 erat
2232 1573 2435 1640 subveniendi

1480 1679 1641 1756 voluntas:
1666 1677 1736 1744 ideo
1758 1677 1879 1744 subdit:
1905 1681 1945 1744 Et
1968 1679 2034 1744 ait:
2069 1679 2196 1744 Caram
2222 1679 2311 1746 illias
2335 1677 2435 1762 nabe,

1481 1789 1510 1848 et
1532 1783 1758 1870 plaustrumque
1780 1783 2091 1868 supererogaveris,
2109 1803 2181 1870 epo,
2198 1803 2276 1850 cum
2296 1785 2435 1866 rediero,

1480 1891 1620 1956 reddam
1643 1889 1710 1956 tibi.
1731 1891 1774 1954 Ex
1794 1909 1857 1974 quo
1871 1895 2018 1974 apparet,
2037 1891 2120 1974 quod
2135 1887 2351 1956 misericordia
2369 1891 2436 1960 eius

1481 2001 1549 2062 erat
1580 1995 1720 2080 integra,
1755 2013 1818 2062 nou
1850 1995 1931 2062 sicut
1965 1995 2111 2074 illorum,
2144 1995 2183 2062 de
2217 1995 2334 2080 quibus
2359 1995 2436 2068 Osee

1481 2101 1596 2170 sexto⁸
1630 2101 1763 2170 dicitur:
1807 2101 2048 2170 «Misericordia
2079 2107 2184 2170 vestra
2221 2101 2302 2168 siout
2336 2101 2436 2176 nubes

1480 2209 1634 2278 matutina
1656 2215 1688 2278 et
1709 2209 1793 2278 sicut
1824 2229 1878 2278 ros
1909 2227 1999 2278 mane
2023 2209 2284 2296 pertransiens».
2309 2209 2355 2276 De
2375 2209 2436 2280 isto

1481 2325 1586 2384 autem
1611 2323 1734 2402 poterat
1755 2335 1829 2386 vere
1854 2317 1914 2386 dici
1937 2317 2013 2386 illud
2030 2317 2159 2384 Psalmi:
2182 2343 2196 2376 1
2216 2319 2293 2384 Tota
2314 2315 2365 2384 ciie
2380 2317 2436 2384 mi-

1481 2431 1606 2492 seretur
1629 2431 1659 2492 ct
1684 2425 1875 2506 commodat,
1892 2431 1925 2492 et
1939 2425 2153 2492 semen-illius
2177 2425 2207 2490 in
2224 2423 2437 2494 benedictione

1481 2529 1542 2596 erit
1557 2557 1587 2608 »,
1610 2536 1640 2597 11
1656 2547 1748 2610 vere,
1771 2531 1862 2614 quia,
1885 2531 2060 2596 secuudum
2076 2529 2162 2614 quod
2177 2529 2293 2596 dicitur
2307 2529 2438 2596 Prover-

1481 2635 1608 2702 biorum
1630 2635 1750 2704 decimo
1772 2655 1873 2716 nono,
1895 2663 1912 2696 c<
1925 2637 2105 2702 foeneratur
2126 2635 2258 2702 Domino
2276 2635 2329 2722 qui
2347 2635 2439 2704 mise-

1481 2749 1572 2808 retur
1595 2743 1761 2826 pauperis,
1786 2748 1817 2808 et
1847 2741 2093 2808 vicissitudinem
2117 2759 2205 2808 suam
2232 2743 2340 2808 reddet
2363 2743 2391 2806 ei
2408 2767 2437 2812 1.

1572 2847 1624 2912 60.
1648 2845 1750 2930 (Vens.
1774 2847 1826 2914 36.
1853 2845 1931 2930 ard.
1968 2847 2051 2928 chia
2073 2845 2193 2914 irarum
2219 2845 2322 2912 triam
2352 2847 2438 2914 uide·
2458 2863 2490 2908 m
2507 2863 2606 2908 doctrino

1483 2959 1540 3018 tur
1562 2959 1621 3020 etc.
1644 2953 1698 3046 Hic
1722 2959 1836 3038 quarto
1862 2953 1929 3020 loeo
1958 2953 2163 3040 subiungitur
2186 2955 2339 3020 doctrina
2362 2955 2438 3020 aad·
2461 2917 2607 3016 mining&

1481 3077 1673 3148 capuensem
1694 3061 1876 3146 parabola,
1892 3067 1926 3126 et
1939 3061 1999 3128 boc
2014 3067 2170 3146 qttantum
2185 3061 2223 3126 ad
2240 3061 2316 3128 duo:
2337 3061 2438 3148 primo
2504 3025 2555 3070 ἀπ’

1482 3171 1636 3250 quantum
1659 3165 1698 3232 ad
1721 3165 1940 3232 eruditionem
1963 3167 2160 3246 intellectus,
2191 3167 2328 3234 seeundo
2363 3185 2439 3238 vero

1482 3277 1636 3358 quantum
1659 3273 1698 3340 ad
1722 3271 1982 3340 enlcortationem
2004 3273 2150 3362 assertus.

1571 3379 1675 3444 Primo
1697 3377 1795 3464 igitur
1817 3389 1974 3464 quantum
1997 3379 2036 3446 ad
2066 3381 2286 3448 eruditionem
2319 3379 2439 3450 intelle·
2453 3395 2550 3440 traditio
2564 3397 2599 3442 iu-

1483 3493 1556 3550 etus
1576 3485 1706 3550 dicitur:
1735 3485 1816 3568 Quis
1838 3483 1959 3552 borum
1990 3485 2094 3554 trium
2126 3487 2258 3554 uidetur
2283 3487 2342 3554 tibi
2363 3507 2439 3574 pro·
2459 3449 2595 3556 unffi·

1482 3591 1595 3658 cintus
1618 3589 1724 3676 faisse
1747 3589 1798 3658 illi
1828 3591 1888 3680 qai
1919 3591 2035 3658 incidit
2058 3591 2094 3676 in
2117 3591 2370 3662 lacrumarum
2400 3597 2439 3664 ab

1483 3715 1518 3766 eo
1542 3697 1677 3784 quaerit,
1699 3705 1737 3766 ut
1758 3715 1801 3766 ex
1817 3717 1872 3766 ore
1886 3699 1955 3766 eius
1980 3698 2080 3766 eliciat
2105 3715 2211 3768 veram
2237 3701 2438 3784 seutentiam;

1484 3805 1566 3892 quod
1589 3803 1888 3874 1111111-1111111
1913 3805 2073 3890 sequitur:
2101 3809 2142 3870 111
2165 3805 2217 3872 ide
2240 3803 2350 3872 dicit:
2375 3805 2442 3890 Qtri

1482 3909 1559 4000 feeit
1578 3911 1849 3980 ncisericordium
1865 3911 1899 3976 iu
1917 3909 2020 3978 illum.
2039 3911 2097 3978 Sed
2114 3911 2157 3978 illi
2174 3913 2237 3978 duo
2252 3917 2343 3978 erant
2359 3913 2440 3982 eius·
2459 3925 2563 3970 Primum·

1482 4019 1553 4084 dem
1575 4017 1695 4104 gentis,
1718 4017 1776 4084 iste
1811 4017 2001 4104 alienigeua3
2034 4035 2109 4102 ergo
2138 4017 2293 4102 proximi
2324 4035 2439 4090 nomen

1483 4141 1545 4190 uon
1568 4125 1673 4190 solum
1705 4123 1889 4190 extenditur
1913 4123 1951 4190 ad
1974 4123 2186 4210 propinquae,
2210 4141 2321 4192 verum
2346 4123 2439 4192 etiam

1483 4231 1521 4298 ad
1545 4235 1723 4298 extraneos.
1748 4231 1832 4296 Unde
1866 4229 1992 4296 Bedai:
2020 4255 2038 4288 <c
2054 4231 2145 4296 quta
2175 4231 2310 4298 litteram
2340 4235 2441 4316 patet,

1483 4337 1568 4424 quod
1588 4337 1761 4422 alienigena
1785 4336 2031 4420 lerosolymitae,
2049 4337 2100 4404 cui
2123 4335 2370 4404 misericordiam
2383 4335 2442 4404 im·

1483 4443 1606 4528 pendit,
1631 4441 1808 4528 proximior
1828 4441 1889 4510 fuit
1914 4459 2007 4528 quam
2032 4443 2177 4510 sacerdos
2198 4447 2231 4510 et
2253 4441 2349 4510 levita
2367 4459 2442 4526 gen-

1483 4551 1523 4618 tis
1547 4549 1686 4618 eiusdem
1703 4575 1734 4616 1,
1758 4551 1845 4616 Patet
1868 4549 1980 4630 etiam,
2003 4549 2088 4636 quod
2115 4549 2319 4636 proaimitar
2343 4549 2441 4634 magis
2461 4569 2592 4616 Secundum.

1484 4655 1656 4724 attenditur
1680 4673 1774 4742 penes
1805 4655 1982 4722 naturalem
2015 4655 2212 4722 dilectionem
2245 4659 2276 4720 et
2300 4673 2441 4738 compas-

1484 4763 1603 4834 sionem
1627 4779 1722 4848 quam
1739 4777 1833 4848 penes
1850 4763 2005 4828 carnalem
2022 4761 2248 4846 cognationem.
2264 4757 2353 4828 Unde
2371 4761 2441 4828 dm-

1483 4869 1666 4936 brosius10:
1696 4895 1711 4926 «
1727 4867 1875 4954 Cognatio
1896 4885 1960 4934 non
1985 4867 2058 4934 facit
2078 4867 2277 4952 proximum,
2307 4867 2361 4934 sed
2382 4869 2441 4936 mi*

1484 4973 1672 5054 sericordia,
1695 4989 1776 5058 quae
1801 4971 2013 5038 misericordia
2030 4969 2202 5038 secuudum
2220 4977 2367 5038 naturam
2382 4979 2439 5042 est.

1484 5077 1566 5145 Nihil
1588 5077 1674 5144 enim
1695 5084 1759 5145 tans
1792 5077 1964 5144 secuudum
1990 5083 2135 5144 naturam
2160 5083 2207 5146 est
2231 5095 2325 5164 quarn
2351 5083 2442 5146 uatu-

1484 5201 1539 5252 rae
1562 5183 1673 5250 iuvare
1696 5189 1920 5252 consortem».
1955 5185 2043 5250 Patet
2064 5185 2158 5252 etiam
2181 5185 2324 5266 1111111,
2359 5189 2440 5272 quod
2461 5203 2565 5252 11111111.

1492 5289 1646 5356 «nomine
1680 5289 1829 5378 pronimi
1857 5289 2043 5374 intelligitur
2076 5291 2195 5372 omnis,
2231 5293 2285 5376 qui
2317 5293 2441 5360 miseri-

1486 5397 1590 5464 cordia
1614 5397 1742 5482 indiget,
1757 5397 1809 5464 vel
1830 5395 1886 5482 qui
1909 5397 2156 5464 misericordiam
2178 5399 2358 5485 impendere
2373 5407 2441 5486 pot-

1486 5507 1533 5568 est
1545 5527 1575 5582 »,
1592 5509 1625 5570 et
1636 5519 1694 5586 per
1709 5503 1769 5570 boc
1792 5503 2111 5572 «omnishomo11».
2127 5503 2223 5572 Etita
2246 5503 2441 5574 illuminatus
2462 5523 2593 5572 rotandum.
2679 5575 2682 5584 ,

1487 5615 1533 5678 est
1556 5607 1734 5676 intellectus
1763 5607 1935 5696 legisperiti
1964 5609 2102 5676 mirabili
2124 5611 2377 5678 manuductione.
2412 5613 2441 5678 Sl

1553 6061 1657 6116 ⁷Vecs.
1680 6063 1792 6116 1119.

1554 6151 1655 6204 ⁸Vers.
1677 6151 1829 6204 1.-11111
1849 6163 1923 6218 seqq.
1942 6151 1992 6204 loci
2018 6155 2079 6204 sum
2105 6153 2144 6204 Ps.
2171 6151 2218 6218 36,
2245 6151 2288 6204 16.
2315 6155 2341 6202 11
2360 6151 2439 6202 Prov.

1483 6241 1529 6308 19,
1550 6237 1590 6292 tt.
1609 6267 1644 6280 ·-
1664 6239 1791 6304 Superius
1809 6245 1869 6304 post
1886 6251 1989 6308 acapna
2008 6241 2067 6292 Val.
2085 6239 2160 6292 addit
2177 6241 2275 6292 11111111.

1553 6325 1650 6382 ⁹Libr.
1671 6329 1707 6384 lll.
1727 6329 1753 6382 in
1771 6331 1832 6382 Luc.
1855 6329 1902 6388 td,
1923 6327 1963 6380 36.
1985 6341 2050 6394 seq,
2069 6327 2116 6382 ubi
2132 6327 2232 6382 'eadem
2250 6325 2392 6388 sententia,
2413 6325 2439 6377 11-

1481 6421 1521 6470 cet
1540 6417 1595 6468 eliis
1614 6417 1717 6480 verbis,
1738 6419 1882 6482 protectum
1901 6415 2062 6470 verbotenus
2089 6417 2221 6470 iuvenitur
2240 6415 2265 6466 111
2285 6415 2376 6468 Glossa
2396 6427 2438 6466 or·

1481 6503 1589 6558 dinarii
1609 6505 1634 6558 iu
1651 6505 1713 6558 Luc
1735 6505 1782 6568 ltt,
1805 6505 1846 6558 36.

1553 6589 1575 6624 ¹⁰
1586 6593 1656 6646 Libr.
1670 6593 1722 6646 llll.
1736 6593 1761 6646 in
1772 6595 1835 6646 Luc.
1848 6607 1875 6646 n.
1887 6591 1937 6658 Sd,
1949 6593 1997 6646 ubi
2009 6607 2058 6658 pro
2071 6605 2139 6660 qaue
2153 6591 2340 6648 misericordia
2354 6597 2439 6648 textus

1480 6683 1616 6748 originalis
1634 6679 1698 6750 qnia
1715 6679 1913 6760 misericordia.
2063 6733 2069 6742 ,,

1553 6767 1919 6834 115111111111111111111111,1.
1943 6769 1978 6820 de
2002 6769 2087 6820 Docta
2114 6769 2200 6822 christ.
2227 6787 2249 6826 c.
2269 6773 2312 6826 et.
2341 6789 2367 6828 n.
2394 6769 2438 6823 at.

1481 6873 1552 6926 seq.;
1571 6859 1617 6912 cir.
1635 6871 1714 6924 supra
1736 6871 1800 6926 pag.
1818 6859 1880 6924 169,
1898 6861 1958 6910 nota
1981 6859 2004 6910 l.
