5900 8266
542 559 581 622 hh
1145 553 1338 622 COhlblENT.
1363 553 1401 620 ΙΝ
1425 549 1662 618 EVllNGELlUbl
1684 551 1802 616 LUCAE
1826 553 1857 618 C.
1881 553 1915 616 Il.

539 731 722 816 diligebant,
746 731 963 808 exsultabant;
989 729 1057 796 ideo
1080 733 1222 798 additur:
1251 731 1293 796 Ut
1313 729 1497 796 reoelentar

540 857 577 902 ea
602 835 714 902 miultis
740 835 894 904 cordibus
920 837 1139 922 cogitationes.
1178 837 1227 904 Sic
1260 841 1308 904 est
1338 835 1388 904 bio
1424 853 1496 902 con-

541 949 701 1020 secutum,
734 943 893 1028 quiahoc
926 949 1127 1008 consecutum
1169 949 1216 1008 est
1247 941 1287 1006 ad
1320 941 1496 1024 passionem

540 1045 675 1126 Christi,
696 1045 770 1130 quia
787 1045 930 1114 videlicet
943 1045 1129 1114 ludaeorum
1156 1045 1327 1114 carnalium
1346 1051 1374 1112 et
1400 1047 1497 1130 hypo-

541 1153 693 1217 critarum
708 1149 766 1216 l'uit
783 1151 885 1218 cordis
896 1151 1047 1236 iniquitas
1062 1151 1215 1230 reuelata3
1233 1151 1311 1216 Osee
1326 1151 1461 1234 septimo
1472 1153 1496 1216 1:

547 1255 650 1324 «Cum
685 1275 795 1326 sanare
824 1259 939 1324 vellem
974 1257 1081 1340 lsrael,
1115 1257 1251 1324 revelata
1275 1263 1321 1322 θεῖ
1351 1255 1498 1342 iniquitas

543 1361 690 1446 Ephraim
712 1369 745 1430 et
766 1363 924 1430 Samariae
939 1381 1046 1430 coram
1061 1381 1113 1430 me
1127 1387 1160 1442 »;
1178 1365 1267 1448 quia,
1287 1361 1368 1428 sicut
1381 1361 1498 1430 dicitur

540 1469 687 1535 Matthaei
707 1467 841 1546 decimo,
872 1467 983 1534 «nibil
1004 1473 1053 1534 θεῖ
1073 1473 1239 1552 opertum,
1255 1465 1350 1552 quod
1364 1485 1426 1534 non
1449 1485 1498 1534 re-

542 1573 684 1652 ueletur,
713 1579 746 1638 et
771 1573 1004 1652 absconditum,
1034 1573 1119 1660 quod
1148 1591 1210 1638 non
1241 1573 1359 1638 sciatur
1373 1599 1406 1636 ».
1436 1575 1498 1642 Hoc

541 1681 644 1744 autem
669 1679 808 1744 maxime
829 1679 888 1744 erit
914 1679 944 1744 in
971 1679 1100 1758 iudicio;
1123 1679 1245 1762 primae
1267 1677 1306 1744 ad
1322 1675 1500 1746 Corinthios

542 1789 678 1870 quarto:
717 1809 734 1842 «
749 1785 847 1852 Nolite
878 1791 949 1852 ante
986 1791 1110 1870 tempus
1138 1783 1298 1862 iudicare,
1332 1801 1499 1870 quousque

542 1889 645 1956 veniat
668 1891 835 1968 hominm,
863 1891 916 1976 qui
940 1891 1129 1956 illuminabit
1152 1889 1332 1956 abscondita
1357 1891 1500 1956 tenebra-

542 2011 615 2060 rum
638 1999 669 2060 θῖ
692 1993 900 2062 manifestabit
924 1993 1053 2062 consilia
1074 1993 1217 2080 cordium
1236 2021 1250 2052 t
1271 1999 1328 2060 etc.

632 2101 684 2164 79.
708 2101 786 2166 Nota
809 2101 1053 2184 spiritualiter,
1076 2101 1160 2186 quod
1188 2117 1230 2164 ex
1253 2097 1500 2168 consideratione

398 2223 508 2288 neppam
542 2205 695 2290 passionis
717 2203 831 2272 Christi
857 2205 948 2272 debet
969 2205 1086 2290 triplex
1104 2203 1226 2290 gladius
1241 2203 1413 2288 spiritualis
1435 2207 1501 2272 ani-

396 2279 519 2394 {libid
541 2327 626 2374 mam
647 2311 850 2392 pertransire.
875 2311 999 2392 Primus
1013 2319 1062 2376 est
1076 2309 1197 2392 gladius
1223 2309 1431 2374 discretionis
1449 2331 1500 2378 re-

385 2383 613 2482 ΒῙᾶῗέιῗῖῖἑῗψθῖθθ
634 2413 728 2500 diei:
752 2415 790 2482 ad
814 2413 960 2498 Ephesios
994 2415 1126 2480 sextae:
1156 2441 1172 2472 «
1187 2413 1224 2480 lit
1247 2413 1384 2500 gladium
1409 2415 1501 2500 spiri-

543 2527 613 2600 tua,
637 2521 720 2606 quod
739 2529 783 2588 est
801 2521 934 2586 uerbum
956 2521 1011 2586 Dei
1027 2545 1059 2584 n,
1076 2557 1122 2568 μ-
1136 2519 1299 2586 Secundus
1313 2527 1362 2584 θεῖ
1379 2521 1501 2604 gladius

542 2627 762 2692 districtionis
783 2623 889 2692 sceeri
911 2625 1051 2704 iarlicii;
1067 2625 1263 2710 Apocalypsis
1285 2625 1406 2710 primo:
1429 2629 1502 2694 rDe

542 2749 597 2798 are
621 2731 690 2798 eius
710 2731 832 2816 gladius
857 2735 993 2814 utraque
1022 2735 1114 2816 parte
1142 2737 1256 2798 acuitas
1279 2731 1386 2798 exibat
1401 2759 1433 2798 J),
1459 2769 1502 2782 -

543 2837 668 2904 Tertius
685 2845 730 2904 est
747 2837 869 2924 gladius
884 2837 1059 2902 divisionis
1073 2833 1217 2902 tronione·
1232 2837 1406 2914 desiderii;
1427 2839 1502 2904 llat-

542 2943 627 3010 thaei
648 2943 785 3010 deciano:
817 2969 831 3000 r
847 2943 911 3008 Non
949 2941 1017 3010 reni
1053 2941 1178 3010 mittere
1206 2959 1329 3026 paceni,
1361 2941 1415 3010 sed
1437 2943 1501 3028 gla-

542 3049 631 3112 dium
647 3073 678 3112 s,
703 3085 745 3096 -
766 3035 937 3114 pertransit
958 3055 1064 3114 autem
1091 3049 1211 3114 animas
1236 3047 1359 3132 primus
1380 3049 1502 3134 gladius

542 3171 599 3238 per
624 3173 738 3220 oerum
760 3151 879 3238 gideon
900 3153 939 3218 ad
962 3153 1120 3232 Hebraeos
1134 3153 1291 3238 quarto³z
1314 3155 1440 3220 «Virus
1454 3159 1502 3220 est

1649 729 1703 794 .8l.
1730 729 1770 792 b't
1793 733 1866 792 crat
1889 729 1990 792 Anno
2010 725 2221 814 prophetissa
2249 733 2307 792 eto.
2335 729 2405 792 Post
2431 731 2565 808 testi-up
2579 747 2664 800 aestima

1559 831 1700 898 monium
1726 849 1822 898 sexus
1847 831 1945 898 ririlis
1962 831 2106 916 sequitur
2120 831 2172 898 bic
2190 831 2404 899 testimonium
2419 851 2518 904 senus
2536 809 2574 842 ⁰¹⁰
2585 799 2660 854 ΑΜΕ·

1559 935 1741 1002 muliebris.
1766 937 1902 1002 Decebat
1924 937 2023 1014 enim,
2045 933 2162 1002 Christi
2183 935 2354 1000 adventurn
2379 937 2518 1002 testimo-

1560 1039 1651 1106 nium
1675 1041 1793 1108 habere
1814 1041 1855 1108 ab
1877 1041 1961 1106 omni
1985 1057 2100 1126 genere
2123 1057 2341 1124 personarum,
2368 1045 2406 1104 ut
2426 1039 2518 1108 inen-

1561 1145 1716 1212 cusabiles
1738 1147 1800 1212 sint
1823 1145 1875 1232 qui
1894 1165 1955 1210 non
1973 1145 2106 1212 credunt
2126 1145 2298 1230 Evangelio.
2323 1143 2409 1212 Unde
2428 1145 2520 1212 Chri·
2537 1159 2660 1254 {epitrope

1561 1257 1629 1318 stus
1654 1251 1764 1318 habuit
1789 1251 1998 1318 testimonium
2024 1249 2199 1336 angelicum
2223 1255 2253 1316 et
2277 1251 2471 1330 burrianum,
2486 1213 2670 1324 etehtiiiii‘i.

1561 1357 1677 1424 iterum
1701 1365 1856 1444 quantum
1879 1357 1920 1424 ad
1934 1357 2091 1440 simplices
2113 1363 2145 1422 et
2161 1355 2332 1440 perlectos,
2348 1363 2379 1422 et
2403 1357 2519 1426 iterum

1562 1461 1773 1546 perlectorum
1797 1461 1989 1546 inutraque
2024 1479 2121 1540 sexu,
2147 1465 2182 1526 ut
2206 1461 2406 1540 ostendatur,
2434 1465 2520 1546 quod

1562 1575 1697 1652 uterque
1715 1585 1810 1634 senus
1826 1567 1865 1634 ad
1881 1567 2125 1652 redemptionem
2145 1567 2316 1652 spectabat,
2336 1567 2416 1634 sicut
2430 1573 2520 1636 uter-

1562 1691 1625 1758 que
1649 1673 1811 1740 ceciderat.
1838 1675 1923 1742 llnde
1944 1679 1982 1738 ut
2004 1673 2084 1740 nihil
2106 1673 2185 1740 desit
2210 1673 2247 1740 ad
2273 1675 2454 1742 firmitatem
2477 1681 2520 1740 te-

1562 1779 1718 1858 stimonii,
1741 1779 1885 1846 Christus
1920 1787 2013 1846 natus
2048 1777 2159 1846 babuit
2174 1779 2403 1846 testimonium
2423 1781 2521 1866 septi-

1562 1883 1687 1972 forme,
1704 1885 1821 1952 scilicet
1846 1905 1863 1950 a
1886 1891 1999 1952 natura
2024 1885 2166 1964 coelesti,
2189 1885 2305 1952 seilicet
2321 1887 2426 1964 stella;
2445 1885 2521 1952 illat-
2579 1881 2580 1884 ’

1563 1991 1646 2058 thaei
1664 1991 1800 2060 secundo
1812 1993 1844 2058 ⁷:
1865 1993 2036 2058 «Vidimus
2051 1993 2171 2058 stellam
2188 1991 2256 2058 eins
2275 1993 2304 2056 iu
2320 1993 2480 2058 oriente».
2496 1993 2521 2058 A

1548 2099 1809 2184 ,strpercaelesth
1835 2099 1950 2164 scilicet
1967 2097 2119 2182 angelica3
2138 2115 2235 2182 supra
2250 2097 2372 2164 eodem:
2405 2125 2418 2158 u
2429 2099 2522 2164 Facta

1564 2211 1612 2270 θεῖ
1634 2221 1706 2272 cum
1730 2205 1845 2290 angelo
1872 2203 2043 2272 multitudo
2076 2203 2218 2272 caelestis
2239 2203 2431 2270 exercitus»
2462 2209 2520 2270 etc.

1564 2311 1596 2374 l·
1610 2317 1725 2376 natura
1746 2309 1956 2386 subcoelesti,
1989 2311 2108 2378 scilicet
2141 2309 2235 2376 otrih
2254 2309 2415 2394 simplici,
2439 2309 2523 2374 sicut

1564 2421 1723 2500 pastores;
1758 2433 1872 2500 supra:
1904 2417 1973 2482 «Et
1994 2417 2113 2482 reversi
2149 2425 2223 2484 sunt
2252 2423 2427 2502 pastores»
2464 2423 2521 2482 etc.

1572 2523 1671 2590 Virili
1682 2523 1840 2608 sapientie,
1857 2521 1938 2590 siout
1953 2523 2049 2608 blagi;
2068 2524 2213 2590 blattinaei
2231 2525 2382 2590 secundo:
2405 2523 2521 2602 «Ecce,

1565 2629 1642 2714 Magi
1668 2627 1706 2694 ab
1731 2627 1859 2696 Oriente
1879 2635 2061 2696 venerunt»
2093 2635 2151 2696 etc.
2176 2629 2280 2696 Sentii
2293 2629 2328 2696 in
2345 2649 2426 2698 sema
2450 2649 2523 2696 raa-

1565 2733 1711 2812 serotino,
1730 2733 1812 2800 sicut
1826 2735 1968 2812 Simeon;
1991 2753 2089 2820 supra
2102 2735 2127 2800 8:
2159 2735 2238 2800 «llic
2254 2735 2388 2802 venitin
2405 2737 2524 2822 Spiritu

1564 2839 1597 2906 in
1621 2841 1773 2924 templum
1791 2869 1819 2904 ».
1848 2839 1950 2908 Senili
1973 2841 2007 2908 in
2040 2861 2121 2908 sema
2144 2839 2302 2928 dictiaco,
2328 2851 2363 2908 ut
2388 2843 2457 2908 bic:
2483 2845 2523 2914 m

1565 2953 1638 3010 erat
1664 2947 1762 3012 ,lana
1776 2943 2005 3032 prophetissa,
2023 2945 2097 3032 filia
2113 2947 2265 3014 wliliannel
2280 2953 2338 3014 etc.
2355 2947 2523 3034 infantili,

1566 3051 1621 3136 qui
1639 3077 1656 3108 «
1668 3069 1730 3118 non
1742 3051 1912 3136 loquenda,
1929 3053 1983 3118 sed
1998 3051 2162 3118 moriendo
2172 3051 2302 3120 conlessi
2318 3061 2393 3120 sunt
2406 3079 2434 3134 »3
2449 3055 2525 3120 blat-

1565 3155 1649 3222 thaei
1674 3157 1839 3222 secundo:
1859 3183 1872 3214 r
1889 3157 2011 3224 blitteus
2027 3157 2138 3226 occidit
2155 3175 2261 3226 omnes
2278 3177 2421 3244 pueros»
2441 3165 2499 3226 etc.
2516 3187 2524 3240 3

543 3277 646 3326 sermo
670 3259 724 3326 Dei
749 3265 777 3328 et
803 3258 1023 3344 penetrabilior
1048 3259 1130 3324 omni
1154 3259 1301 3344 gladio».
1319 3297 1361 3308 —-
1385 3259 1502 3326 Secun-
1532 3263 1536 3348 l
1565 3271 1597 3330 et
1619 3269 1695 3330 tuna
1719 3265 1881 3348 impletum
1907 3269 1953 3332 θεῖ
1976 3265 2054 3332 illud
2074 3265 2205 3334 Psalmi:
2234 3291 2248 3322 «
2270 3265 2316 3332 En
2341 3283 2396 3334 ore
2425 3265 2526 3332 inlan-

542 3367 621 3446 (6θε,
644 3385 701 3450 per
724 3367 872 3452 rigorem
900 3365 1138 3448 poenitentiae,·
1174 3367 1331 3432 Psalmus:
1370 3391 1385 3424 r
1403 3365 1500 3430 Gladii
1532 3353 1535 3474 Ι
1566 3371 1644 3436 tium
1682 3377 1711 3438 et
1746 3371 1927 3438 lactentium
1962 3373 2118 3456 perfecisti
2154 3373 2278 3440 laudem
2297 3399 2327 3438 t.
2357 3373 2394 3440 Et
2424 3373 2526 3444 omnis

543 3471 694 3556 ancipites
716 3473 749 3538 in
770 3471 916 3538 manibus
941 3487 1051 3538 eorum
1065 3499 1093 3534 n.
1113 3509 1155 3518 -—
1173 3471 1311 3550 Tertius,
1328 3489 1384 3556 per
1401 3473 1502 3538 ardo

430 3669 431 3672 Ἴ
543 3599 613 3646 rem
639 3577 887 3656 benevolentiam
902 3577 1101 3644 Canticorum
1128 3577 1239 3644 tertio:
1260 3603 1275 3636 <c
1290 3577 1332 3642 En
1350 3578 1500 3645 lectulum

544 3685 715 3752 Salomonis
732 3711 763 3764 n,
786 3689 929 3768 etpost:
956 3683 1107 3750 «Omnes
1131 3689 1270 3752 tenentes
1296 3685 1455 3770 gladios».

634 3793 686 3856 80.
710 3791 825 3856 Contra
846 3789 933 3856 bunc
956 3787 1113 3874 triplicem
1133 3787 1269 3874 gladium
1288 3795 1333 3856 est
1350 3789 1431 3856 alius
1446 3791 1502 3856 tri-

381 3917 525 3982 manus·
543 3899 640 3982 plex:
664 3897 780 3964 scilicet
805 3895 926 3982 gladius
948 3895 1125 3972 rancorts;
1147 3895 1241 3978 primi
1265 3895 1384 3980 Regum
1408 3895 1503 3980 trige-

394 3969 525 4078 iiiiiiiao‘iw
544 4003 623 4070 simo
646 4003 789 4088 primol:
820 4027 834 4060 u
851 3999 993 4086 arripnit
1016 4001 1087 4066 Saul
1125 4001 1262 4088 gladium
1286 4019 1381 4066 suum
1405 4007 1438 4066 et
1460 4001 1503 4066 ir-

544 4107 609 4174 ruit
633 4125 728 4192 super
752 4125 824 4174 eum
839 4133 871 4172 22.
889 4143 930 4154 —
947 4105 1074 4174 Gladius
1088 4107 1323 4184 detrectabam
1347 4109 1503 4178 Psalmus:

551 4239 567 4272 «
581 4213 646 4280 Filii
670 4213 851 4292 hominum,
877 4211 985 4278 dentes
1009 4231 1120 4278 eorum
1143 4231 1233 4278 arma
1256 4219 1286 4280 et
1310 4213 1456 4300 sagittae,
1473 4223 1505 4282 et

544 4321 651 4408 lingua
674 4338 783 4388 eorum
810 4319 932 4408 gladius
953 4327 1111 4388 acutus».
1130 4357 1173 4366 -
1196 4321 1322 4396 Gladius
1345 4321 1503 4404 lacereris,

545 4429 599 4516 qui
617 4433 663 4498 est
679 4429 787 4496 divisio
805 4429 843 4496 ab
860 4427 979 4494 unitate
998 4427 1068 4494 bdei
1078 4453 1085 4510 ;
1100 4413 1343 4496 Prorerbiorum
1361 4429 1470 4516 quinto
1481 4431 1504 4512 ⁵,

545 4537 604 4604 sub
629 4537 812 4620 metaphora
834 4535 1026 4604 meretricis:
1058 4535 1260 4604 «Nouissima
1282 4537 1368 4606 illius
1397 4555 1505 4606 amara

545 4643 636 4728 quasi
671 4639 885 4720 absinthium,
907 4647 940 4708 et
962 4641 1070 4726 lingua
1100 4641 1170 4708 eius
1200 4649 1292 4710 acuta
1322 4641 1412 4726 quasi
1441 4643 1506 4728 gla-

545 4749 617 4816 dius
633 4747 738 4832 biceps
749 4773 783 4830 ,»;
802 4753 832 4816 et
846 4747 1003 4816 Psalmus:
1025 4747 1197 4816 «Gladium
1213 4749 1504 4834 evaginaverunt»,

500 4901 502 4904 -
546 4855 709 4940 sequitur:
740 4879 756 4912 u
770 4859 807 4918 ut
830 4853 989 4930 trucident
1013 4861 1116 4922 rectos
1139 4853 1234 4918 corde
1250 4881 1280 4918 ε.

636 4959 759 5026 Primus
780 4959 901 5044 gladius
935 4959 1106 5044 spiritualis
1138 4965 1185 5026 est
1212 4959 1380 5038 enitendum
1403 4959 1533 5030 Lucae,

398 5087 527 5132 notatum.
545 5065 697 5150 'vigesimo
718 5063 855 5130 secundo
868 5065 894 5128 6:
926 5089 942 5122 «
956 5065 1017 5146 Qui
1039 5081 1102 5130 non
1127 5065 1220 5130 babet
1238 5047 1350 5130 tendat
1369 5063 1507 5128 tunicam

550 5187 641 5236 suam
662 5175 696 5236 et
717 5173 800 5236 emat
824 5169 960 5254 gladium
979 5195 1011 5236 s.
1036 5169 1123 5236 illius
1142 5187 1218 5236 vero
1243 5173 1290 5236 est
1306 5169 1336 5236 in
1362 5167 1504 5252 reginam

546 5273 771 5354 remittendum
795 5275 916 5340 loannis
941 5275 1211 5342 decimooctaro:
1235 5301 1251 5334 «
1266 5275 1350 5340 llitte
1368 5273 1506 5360 gladium

547 5387 641 5448 tuum
662 5383 696 5448 in
718 5381 861 5468 raginam
878 5407 907 5446 s.
936 5383 969 5446 llt
995 5383 1075 5448 ratio
1097 5381 1196 5448 huius
1210 5389 1275 5460 est,
1293 5381 1368 5466 quia
1383 5379 1506 5464 primus

547 5487 658 5554 occidit
682 5489 777 5556 vitam
802 5491 975 5566 carnalem,
1002 5489 1158 5556 secundus
1187 5507 1263 5554 nero
1293 5489 1389 5554 vitam
1412 5487 1506 5572 spiri-

548 5593 675 5660 tualem.
1028 5589 1030 5594 ’

621 5903 722 5958 ¹llers.
746 5905 770 5958 l.
787 5933 824 5946 -
842 5905 899 5958 [ltro
917 5919 992 5972 seqq.
1020 5907 1069 5960 loci
1097 5913 1157 5958 suunt
1187 5909 1272 5962 llattb.
1303 5911 1349 5970 lb,
1379 5909 1422 5960 tt.
1442 5913 1465 5960 et
1491 5909 1508 5960 l.

548 5993 606 6048 Cor.
623 5995 652 6060 l,
665 5995 691 6046 5.
707 5995 806 6064 (paucis
820 5991 945 6054 innatatis).
957 6021 993 6034 -
1008 5995 1134 6058 Superius
1146 6007 1196 6058 pro
1208 5995 1272 6062 ptura
1291 5995 1412 6048 uidelicet
1430 5995 1476 6048 CF
1488 5999 1509 6048 G

515 6147 519 6154 ι
550 6081 613 6150 qarbu
633 6081 714 6150 uidet,
733 6081 819 6150 qaod,
839 6083 860 6134 D
881 6079 945 6152 qaia
962 6081 1083 6148 oidelar,
1103 6079 1189 6150 qaod,
1208 6085 1229 6134 H
1250 6081 1370 6136 uidelicet
1388 6081 1467 6150 qaod.

620 6167 726 6222 2ῖΐθῖε.
743 6169 783 6222 67.
803 6199 838 6212 -
857 6173 1009 6238 Sequuntur
1026 6169 1109 6236 Apnc.
1134 6171 1161 6234 l,
1177 6171 1218 6222 66.
1238 6175 1264 6222 θῖ
1280 6169 1369 6222 lllattb.
1397 6169 1447 6232 lb,
1466 6169 1510 6220 36.

548 6285 585 6298 -··
603 6258 712 6312 interius
729 6271 780 6322 pro
797 6257 971 6314 districtionis
991 6257 1079 6314 sceeri
1096 6257 1158 6324 (cb
1176 6255 1262 6322 sueri)
1281 6255 1377 6310 triclinii
1391 6257 1450 6310 ilat.
1470 6257 1510 6310 di·

549 6345 690 6400 soretioais
708 6345 793 6402 sceeri
812 6345 908 6402 indicii.

621 6431 633 6462 ⁸
652 6435 726 6488 Vers.
740 6435 750 6486 l
759 6439 784 6488 ’2.
795 6465 830 6498 ,-
839 6433 956 6490 Subinde
965 6436 1109 6502 allegentur
1121 6437 1159 6488 Ps.
1171 6435 1181 6486 l
1190 6435 1230 6500 ts,
1245 6437 1274 6500 63
1284 6433 1358 6488 Cant.
1372 6431 1434 6502 3,7.
1446 6437 1471 6484 θῖ
1484 6435 1509 6486 8.

621 6523 634 6552 ⁴²
653 6525 726 6578 Vers.
749 6523 772 6578 l.
789 6553 826 6566 -
845 6525 967 6592 Sequitur
986 6527 1026 6576 Ρε,
1046 6527 1096 6592 56,
1116 6523 1191 6576 6.-
1204 6525 1330 6588 Superius
1343 6539 1392 6588 pro
1406 6523 1509 6578 Contra

550 6613 651 6666 britto...
670 6611 770 6668 seilicet
786 6611 909 6682 gladians,
929 6613 1004 6682 quod
1022 6613 1170 6678 praebetD
1192 6613 1215 6664 in
1235 6627 1329 6680 marg„
1349 6613 1410 6666 Vnt..
1427 6609 1509 6668 Alius

551 6705 591 6754 est
607 6701 715 6770 plodins
732 6699 885 6770 spiritualis
902 6699 982 6756 etiam
1003 6699 1111 6768 amica,
1126 6699 1171 6754 scd
1183 6699 1324 6770 pessimus.
1343 6699 1455 6756 Primus
1467 6703 1509 6754 est

551 6787 666 6856 gladius.

623 6873 634 6904 ⁵
653 6877 726 6928 Vere.
748 6877 772 6928 6.
789 6905 826 6916 -
844 6877 901 6928 Duo
920 6889 996 6942 seqq.
1015 6875 1063 6928 loci
1083 6875 1211 6930 habentur
1229 6877 1271 6928 Ρε.
1289 6877 1337 6940 36,
1359 6877 1400 6928 ll,

1566 3485 1692 3556 natura,
1718 3477 1818 3544 omnis
1851 3495 1961 3552 sexus,
1986 3479 2087 3544 omnis
2117 3485 2202 3544 aetas
2233 3477 2356 3544 Christo
2385 3481 2526 3546 nascenti

1566 3581 1779 3648 testimonium
1804 3581 1978 3666 perhibuit,
2013 3583 2088 3668 qnia
2118 3583 2184 3668 ipse
2216 3583 2348 3652 debebat
2377 3601 2526 3670 reparare

1566 3687 1681 3752 omnia.
1704 3687 1791 3754 Unde
1807 3693 1838 3754 et
1862 3687 1968 3772 pueris
1984 3689 2014 3754 in
2041 3689 2157 3772 templo
2173 3689 2377 3756 clamantibus
2402 3697 2431 3756 et
2447 3689 2526 3756 Pha-

1567 3793 1677 3860 risaeis
1696 3793 1939 3860 reclamantibus
1962 3793 2080 3860 dictum
2106 3799 2152 3860 est
2172 3793 2252 3860 infra
2267 3793 2387 3860 decimo
2405 3813 2485 3860 nono
2497 3793 2525 3862 9:

1571 3925 1587 3956 <t
1606 3899 1633 3964 Si
1661 3899 1815 3964 tacuerint
1839 3899 1887 3976 bi,
1914 3899 2032 3984 lapides
2054 3899 2281 3966 clamabunt».

1657 4003 1699 4070 nd
1723 4003 1818 4070 buius
1854 4009 1957 4072 autem
1995 4003 2163 4072 testimonii
2196 4005 2290 4072 tidem
2323 4005 2526 4074 astruendam
2544 4021 2682 4084 streuui.

1567 4111 1629 4176 tria
1652 4111 1907 4178 introducuntur.
1933 4111 2070 4178 Primum
2096 4117 2142 4178 est
2162 4109 2391 4198 prophetantis
2415 4119 2527 4178 aacto-
2540 4085 2584 4172 unia?-
2597 4077 2681 4120 ‘mm'

1568 4217 1665 4282 rc'tas.
1689 4215 1868 4282 Secundum
1883 4225 1931 4282 est
1946 4215 2151 4300 testificantis
2167 4217 2347 4296 soractitos,
2370 4215 2469 4282 ibi1⁰z
2487 4219 2529 4288 b'c

1568 4321 1699 4390 riserat
1727 4343 1805 4390 otim
1826 4323 1899 4390 niro
1931 4343 1992 4390 sao
2022 4325 2123 4390 annis
2152 4333 2272 4408 septem
2296 4329 2353 4390 etc.
2385 4325 2528 4394 Tertium

1568 4435 1617 4498 est
1635 4429 1812 4496 testimonii
1833 4429 2019 4508 celebritas,
2038 4429 2095 4496 ibi:
2114 4431 2153 4496 Et
2168 4427 2260 4508 haec,
2279 4431 2355 4516 ipsa
2370 4427 2455 4496 hora
2471 4451 2529 4496 sa·-

1565 4533 1758 4618 peroeniens
1787 4539 1845 4600 ets.
1874 4573 1917 4582 -
1941 4533 2134 4600 Auctoritas
2166 4543 2270 4600 autem
2299 4531 2529 4620 prophetantis
2546 4551 2578 4594 ue
2593 4555 2676 4618 antiqu·

1569 4639 1727 4724 colligitur
1751 4657 1792 4706 es
1815 4639 1956 4720 duobus,
1983 4639 2100 4720 scilicet
2122 4657 2164 4706 ex
2186 4659 2322 4708 rnaaere
2342 4637 2531 4726 prophetali
2555 4609 2676 4704 iiim

1564 4753 1600 4824 et
1624 4745 1752 4830 origine
1772 4745 1936 4810 natarali.

1658 4853 1709 4916 Si.
1736 4851 1836 4936 (Vens.
1863 4853 1938 4934 36).
1964 4849 2091 4918 Ratione
2115 4853 2254 4918 muneris
2273 4851 2468 4938 prophetalis
2483 4851 2529 4918 di-
2544 4867 2619 4914 nunus
2635 4883 2677 4926 prt-

1571 4957 1671 5024 titur:
1696 4959 1831 5024 dierat
1855 4959 1955 5022 Anna
1968 4955 2187 5044 prophetissa.
2217 4983 2233 5016 «
2249 4959 2352 5024 Aurio.
2374 4957 2530 5044 interpre-
2565 4921 2658 4978 mmm

1571 5069 1655 5128 tatur
1680 5063 1818 5148 gratia11
1834 5089 1866 5142 s,
1889 5063 1923 5128 in
1946 5083 2009 5148 quo
2033 5063 2219 5144 ostenditur,
2237 5063 2319 5148 quod
2337 5069 2422 5130 recte
2443 5063 2531 5132 dece-

1570 5169 1624 5236 bat
1653 5171 1747 5236 talem
1772 5167 1937 5236 mulierem
1968 5171 2174 5254 prophetare,
2201 5187 2282 5254 quae
2313 5177 2381 5236 erat
2409 5171 2530 5236 habita-

1570 5275 1679 5342 culum
1711 5275 1848 5360 gratiam
1883 5275 2125 5342 Proverbiornm
2160 5275 2342 5344 undecimo:
2380 5303 2395 5334 r
2420 5277 2529 5344 llulier

1570 5381 1704 5464 gratiosa
1728 5379 2010 5466 inveniet'gloriam
2027 5407 2061 5462 »;
2085 5381 2171 5450 unde
2192 5381 2259 5466 ipsa
2280 5387 2403 5466 poterat
2425 5381 2529 5452 dicere

1570 5485 1647 5552 illud
1671 5485 1791 5572 primae
1814 5485 1853 5552 ad
1883 5485 2060 5554 Corinthios
2081 5485 2201 5554 decimo
2231 5485 2358 5572 quinto:
2386 5485 2530 5556 «Gratia

1570 5593 1626 5660 Dei
1649 5611 1719 5658 suun
1746 5593 1775 5658 irl
1808 5593 1890 5678 quod
1915 5611 1986 5660 suum
2009 5619 2040 5656 t.
2072 5593 2140 5660 ldeo
2173 5599 2305 5658 nonest
2334 5593 2471 5674 rnirtim,
2502 5597 2528 5662 si

1643 5905 1749 5962 lllere.
1767 5909 1816 5968 363
1839 5905 1932 5960 codd:
1961 5905 2014 5970 Qrti
2042 5903 2121 5960 habet
2141 5905 2261 5960 tunicam
2288 5905 2428 5968 condolet
2453 5911 2526 5960 eruat

1572 5995 1703 6064 pladiani.
1723 6023 1760 6034 -
1788 5995 2007 6062 Sequiturloan.
2037 5995 2083 6060 68,
2111 5995 2157 6058 ll,
2183 6009 2231 6060 pro
2256 6009 2311 6062 quo
2336 5995 2416 6048 codd.
2440 5997 2528 6046 llatth.

1573 6085 1623 6148 ab,
1640 6085 1684 6136 52.

1642 6169 1749 6226 'Vera
1768 6173 1794 6224 2.
1811 6199 1845 6208 -·
1867 6171 1932 6224 Tres
1949 6187 2022 6240 seqq.
2040 6173 2101 6226 lost
2129 6177 2188 6226 sunt
2215 6175 2276 6226 Lus.
2298 6167 2329 6236 2,
2358 6175 2399 6226 63.
2426 6177 2450 6226 θῖ
2480 6175 2528 6238 203

1573 6261 1659 6312 hlatlb.
1682 6263 1709 6324 i,
1731 6263 1755 6312 l.
1985 6257 1994 6266 ”

1643 6343 1654 6376 ⁸
1674 6349 1749 6400 Vens.
1768 6347 1812 6400 27.
1829 6375 1866 6388 ·-
1884 6349 2033 6418 Sequuntur
2061 6351 2124 6402 Luc.
2147 6351 2179 6418 2,
2206 6349 2255 6414 36;
2273 6349 2364 6402 blatth.
2382 6351 2415 6412 2,
2435 6349 2476 6401 66.
2504 6357 2531 6404 θῖ

1574 6437 1615 6488 Ρε.
1634 6437 1664 6498 8,
1685 6439 1708 6488 3.
1727 6463 1763 6476 -·
1784 6435 2111 6506 barbararumque
2135 6443 2185 6490 eto.
2208 6437 2338 6490 habentur
2364 6439 2389 6490 in
2412 6439 2529 6492 oratione

1574 6523 1630 6576 lesti
1648 6525 1841 6588 innocentium,
1861 6527 1887 6578 in
1904 6527 2000 6578 blissali
2018 6531 2045 6578 et
2063 6527 2204 6580 breviaria.

1643 6607 1750 6666 ⁹Vers.
1769 6613 1812 6666 l0.

1644 6695 1667 6728 ²⁰
1687 6701 1761 6754 llers
1780 6703 1827 6768 36;
1846 6701 1950 6754 tertium
1970 6701 2079 6756 babetur
2099 6717 2126 6756 v.
2145 6703 2188 6754 38.

1644 6787 1665 6820 1²
1686 6793 1716 6844 llt
1736 6791 1798 6845 dicit
1816 6793 1929 6856 hieron,
1947 6793 2027 6856 Epist.
2056 6793 2097 6844 66.
2127 6791 2199 6860 (alias
2225 6791 2276 6856 lb.)
2298 6807 2322 6844 n.
2345 6795 2385 6846 66.
2404 6823 2439 6834 -
2464 6793 2530 6844 Tres

1573 6889 1647 6946 seqq.
1668 6879 1716 6932 loci
1736 6883 1797 6934 sunt
1814 6881 1890 6932 Pron.
1910 6883 1957 6944 tl,
1979 6881 2026 6948 66;
2046 6883 2064 6934 Ι.
2081 6877 2140 6934 Cor.
2162 6879 2207 6942 lb,
2230 6881 2269 6932 to.
2289 6887 2314 6934 et
2333 6883 2394 6946 Sap.
2414 6881 2445 6946 7,
2464 6879 2522 6932 67.
