5908 8266
821 629 885 680 PM
1206 539 1244 608 IN
1265 537 1560 608 COMMENTARIUS
1581 539 1612 604 S.
1635 539 1863 610 santernum
2192 631 2255 684 PRO
2474 539 2540 606 823

536 719 717 780 contemptum
737 715 851 778 proximi
871 715 914 768 611
936 713 987 768 453
1007 713 1039 766 44
1059 713 1182 766 -66116
1217 717 1296 782 luda,
1315 715 1440 770 cornmoti
1457 729 1473 768 a
1493 713 1533 768 siti
1548 713 1706 768 crudelitatis
1720 715 1764 768 Vll
1777 715 1860 770 5416
1894 717 2017 770 informat
2036 731 2083 770 nes
2101 719 2133 770 ad
2154 721 2300 784 proiectum
2312 719 2468 772 meritorum
2481 715 2535 770 620

536 803 642 868 sapiens
659 803 748 856 videri
765 809 806 858 est
823 803 987 868 praesumtio
999 803 1031 854 61
1049 803 1081 854 62
1097 815 1129 854 6.
1145 801 1182 854 24
1216 805 1347 872 -quasi
1367 811 1473 872 pactum
1494 807 1611 856 lecerunt
1631 803 1666 856 de
1690 803 1796 870 triginta
1818 819 1862 856 ar·
1896 819 1925 858 v.
1943 805 1970 858 3.

537 893 646 944 -Nou
667 895 706 944 est
717 891 943 956 praesumendum
955 889 991 942 de
1003 889 1118 956 propriis
1129 903 1183 942 446-
1218 895 1320 956 gentais
1337 893 1373 948 ib.
1392 893 1408 944 6
1948 921 1986 930 -
2002 893 2121 946 Christos
2138 893 2167 946 in
2183 893 2273 958 specie
2294 897 2427 962 peregrini
2450 901 2536 948 osten·

539 979 594 1034 ritis
624 979 667 1034 641
695 979 746 1032 457
773 977 937 1032 2456274
959 979 1088 1032 ·-.stnlta
1114 977 1183 1044 parit
1270 1009 1308 1022 -
1324 983 1493 1036 sacerdotum
1511 983 1632 1036 ridentes
1644 979 1740 1034 Christi
1751 979 1862 1034 4464444-
1897 981 1935 1034 dit
1953 995 1983 1034 se
2000 981 2197 1046 proficientibus
2218 983 2250 1034 64
2270 983 2320 1034 622
2342 985 2538 1036 eid-Pro·

537 1067 745 1122 aemulationem
761 1067 813 1122 343
831 1067 867 1124 28
1217 1073 1298 1122 464644
1322 1069 1483 1124 insultabant
1505 1071 1530 1124 ei
1550 1071 1593 1124 Vll
1613 1069 1665 1124 677
1685 1071 1717 1122 43
1737 1097 1772 1108 -
1793 1071 1860 1122 4666-
1897 1069 2011 1122 66464466
2026 1069 2191 1122 deducuntur
2204 1069 2319 1124 videndo
2333 1071 2464 1124 Christum
2478 1085 2538 1124 con·

591 1161 687 1208 -est
713 1155 824 1208 caecitas
852 1157 946 1220 eulpae
973 1157 1006 1208 61
1034 1155 1085 1208 573
1112 1157 1182 1208 2-
1217 1163 1279 1210 4644
1298 1157 1365 1212 64664
1382 1157 1463 1212 66644
1485 1173 1548 1224 erge
1570 1165 1674 1224 patrem
1697 1171 1777 1212 suum
1797 1157 1860 1212 t'bs'd.
1895 1161 2045 1210 6646644664
2069 1157 2121 1208 628
2140 1157 2157 1208 3
2175 1183 2212 1196 -
2230 1157 2320 1210 ridere
2346 1157 2441 1212 dehent
2468 1157 2540 1212 Chri·

535 1243 757 1298 Praesumtuosus
780 1255 876 1296 caecus
899 1243 1072 1298 664611460
1091 1245 1182 1298 33-
1217 1275 1254 1284 -
1271 1247 1449 1312 multipliciter
1468 1245 1629 1300 insultabant
1646 1247 1749 1302 Christo
1766 1253 1794 1300 64
1805 1259 1861 1298 446-
1898 1253 1969 1298 64646
1984 1247 2141 1306 docentem,
2162 1249 2189 1298 444
2215 1245 2386 1312 instruentum
2412 1245 2538 1298 miracula

496 1331 498 1336 '
537 1331 625 1400 Homo
643 1331 746 1384 excedit
761 1345 810 1396 per
832 1331 1056 1396 praesumtionem
1075 1331 1110 1384 61
1129 1331 1182 1386 667
1218 1335 1326 1388 litiosius
1344 1349 1428 1402 quam
1445 1337 1588 1400 populares
1607 1333 1670 1390 ibid.
1687 1367 1724 1376 —-
1742 1337 1861 1388 sacerdo·
1898 1333 2049 1400 facientem,
2075 1337 2106 1386 nt
2131 1337 2315 1400 moveanturg
2331 1337 2483 1400 operantem
2511 1339 2541 1386 et

522 1425 523 1430 ’
539 1433 569 1474 6.
586 1421 621 1472 44
638 1445 675 1460 -
693 1419 732 1470 46
751 1421 885 1472 dexteram
902 1419 1014 1472 declinat
1034 1423 1115 1474 homo
1133 1435 1182 1488 per
1217 1427 1272 1476 turn
1293 1423 1424 1476 excaecati
1441 1429 1509 1486 sunt,
1522 1425 1594 1490 quia,
1609 1437 1671 1478 cum
1684 1425 1812 1478 vidissent
1828 1425 1861 1478 si·
1896 1423 2047 1490 exemplum
2071 1421 2158 1474 honae
2180 1421 2341 1486 operationis
2363 1421 2484 1486 6644646,
2507 1427 2538 1474 64

539 1507 762 1574 praesumtionem
782 1509 833 1560 640
853 1505 871 1560 7
1217 1525 1269 1576 gna
1289 1517 1314 1562 et
1330 1511 1459 1564 mirabilia
1480 1511 1505 1562 in
1524 1517 1610 1564 morte
1621 1511 1728 1578 Christi,
1741 1525 1794 1566 non
1805 1513 1859 1578 glo·
1898 1501 2096 1566 4444464464630
2110 1511 2142 1562 43
2161 1538 2197 1548 —
2216 1509 2334 1562 Christus
2352 1517 2461 1574 apparet
2479 1523 2539 1578 pro·

522 1631 536 1662 1-
589 1597 770 1648 2646464664
789 1625 824 1636 -
842 1597 994 1652 Praeteritio
1010 1601 1080 1652 nulla
1101 1601 1180 1654 estin
1217 1601 1386 1654 44666664664
1404 1599 1490 1652 146664
1508 1597 1560 1652 582
1580 1599 1615 1652 57
1895 1599 2043 1656 sicientibus
2060 1613 2109 1664 per
2124 1597 2303 1652 obedientiam
2323 1599 2373 1650 623
2396 1599 2411 1650 3

539 1683 693 1738 aeternitate
708 1683 744 1736 Vl
763 1685 816 1738 247
833 1685 850 1738 7
870 1701 927 1752 arg.
938 1715 974 1724 —
986 1685 1065 1742 habel
1082 1691 1181 1742 immu-
1268 1691 1471 1742 1444464464-
1489 1691 1515 1742 14
1534 1687 1665 1754 principio
1681 1703 1740 1742 esse
1761 1689 1860 1742 dicitur
1946 1689 2102 1744 -Fideles
2119 1689 2155 1742 de
2168 1687 2298 1742 mandatis
2309 1687 2345 1740 ad
2357 1685 2465 1740 consilia
2477 1699 2537 1752 pro·

539 1769 691 1826 labilitatem
719 1771 770 1826 248
796 1775 813 1826 7
838 1803 873 1814 -
900 1789 951 1828 464
982 1781 1019 1830 664
1039 1777 1065 1830 44
1082 1777 1182 1832 divinis
1217 1779 1292 1846 qood
1310 1791 1363 1830 464
1381 1775 1473 1830 habuit
1491 1777 1650 1842 principium
1665 1777 1697 1828 64
1712 1777 1762 1830 368
1776 1775 1860 1828 70-
1894 1777 2009 1832 ficientes
2029 1777 2208 1844 significantur
2227 1789 2274 1842 per
2297 1775 2366 1830 duos
2391 1775 2536 1842 discipulos

460 1925 461 1928 Ἴ
539 1861 585 1914 374
621 1861 706 1914 82-
728 1861 857 1928 Sapientis
882 1871 923 1918 664
947 1865 1014 1918 66446
1042 1865 1180 1930 4466464446
1217 1867 1245 1918 14
1267 1865 1419 1930 cognitione
1442 1865 1633 1930 principiorum
1660 1863 1860 1930 intelligibilium
1895 1871 1986 1920 666466
2003 1865 2031 1918 44
2049 1867 2174 1920 Emmaus
2191 1865 2226 1920 64
2244 1865 2333 1920 6233

539 1951 588 2004 462
611 1967 636 2006 6.
665 1953 735 2002 8-
758 1953 804 2006 664
825 1955 953 2006 cautelam
973 1955 1114 2006 66644446
1135 1953 1181 2006 Vll
1217 1967 1268 2006 non
1292 1953 1384 2006 tollitur
1405 1953 1513 2020 tbql
1539 1953 1677 2006 -Facile
1699 1959 1740 2006 est
1763 1967 1860 2018 cogno·
1947 1983 1984 1992 -
2002 1955 2124 2006 Salomon
2144 1955 2169 2006 46
2183 1955 2337 2008 Ecclesiaste
2348 1955 2464 2022 loquitur
2476 1967 2535 2020 pro·

537 2039 589 2094 664
612 2039 643 2092 47
656 2069 693 2080 -
704 2041 816 2108 Stultus,
827 2057 889 2094 cum
910 2043 1013 2108 ignoret
1030 2039 1179 2106 praeterita,
1217 2055 1291 2094 scere
1310 2039 1438 2104 principia
1456 2039 1625 2106 intelligibilia
1645 2037 1707 2110 itin.
1895 2041 2046 2094 linientibus
2062 2043 2099 2096 Vl
2117 2043 2151 2096 40
2170 2057 2196 2110 6.
2218 2045 2232 2096 2

538 2141 588 2180 464
610 2133 695 2192 potest
710 2129 869 2192 praevidere
887 2129 973 2182 lutura
994 2129 1026 2180 85
1047 2141 1072 2180 6.
1094 2127 1126 2180 44
1268 2155 1306 2168 -
1322 2127 1465 2192 aliquando
1485 2127 1613 2194 accipitur
1625 2127 1803 2192 essentialiter,
1815 2129 1859 2178 ali·
1946 2129 2071 2192 Pnosoeur
2092 2159 2125 2170 -
2145 2131 2256 2196 Spiritus
2273 2137 2376 2184 sanctus
2390 2131 2535 2186 advocatus

591 2215 756 2266 Psssrommr
773 2243 810 2254 -
827 2215 924 2268 dicitnr
941 2215 1028 2276 locus,
1043 2213 1088 2264 ubi
1107 2211 1181 2264 habi·
1217 2217 1323 2282 quando
1342 2215 1513 2280 notionaliter‚
1534 2215 1675 2280 aliquando
1688 2213 1859 2278 personaliter
1894 2217 2386 2284 664666461666646644616036.
2407 2219 2438 2270 46

538 2299 612 2354 tabat
628 2313 744 2366 praesse,
762 2303 806 2354 vel
824 2301 871 2354 ubi
888 2301 1020 2354 466466664
1034 2303 1066 2352 64
1080 2301 1131 2352 437
1145 2299 1180 2354 67
1218 2303 1320 2356 61362
1349 2303 1381 2354 42
1400 2329 1437 2342 -·
1454 2315 1503 2366 per
1529 2303 1739 2354 antonomasiam
1762 2301 1859 2354 dicitur
1946 2305 2079 2358 Pnourssro
2098 2333 2132 2342 -
2152 2305 2253 2358 Veritas
2266 2311 2305 2358 est
2318 2307 2345 2356 in
2357 2307 2534 2370 promissione

539 2387 692 2440 -eratin
720 2387 802 2442 domo
824 2389 954 2454 Caiphae,
974 2389 1014 2442 rel
1044 2389 1069 2440 in
1097 2389 1180 2442 dome
1215 2393 1292 2444 Pater
1310 2387 1362 2444 246
1381 2391 1396 2442 2
1417 2419 1450 2428 -
1471 2389 1566 2442 dicitur
1578 2393 1631 2442 tota
1644 2387 1755 2442 Trinitas
1767 2401 1859 2442 secun·
1894 2391 2025 2444 servande
2045 2393 2078 2444 61
2099 2393 2130 2444 43
2150 2407 2177 2444 6.
2195 2393 2212 2444 3
2230 2419 2266 2432 -·
2284 2393 2387 2458 impleri
2407 2393 2484 2446 66664
2496 2393 2533 2446 ib.

538 2477 611 2530 Pilati
629 2473 662 2530 t'b.
683 2477 714 2528 68
1216 2481 1281 2534 6644
1306 2483 1455 2544 respectum
1480 2477 1512 2530 ad
1532 2483 1679 2530 creaturam
1698 2477 1749 2528 362
1770 2477 1803 2530 42
1821 2507 1858 2518 .„
1894 2495 1921 2532 v.
1939 2481 1950 2532 4
1975 2507 2009 2520 -
2030 2481 2079 2546 Qui
2099 2493 2151 2534 non
2169 2481 2230 2534 lacit
2246 2481 2320 2548 quod
2334 2481 2533 2558 promisit‚uon

590 2567 793 2620 Patersnrcxmo
810 2595 846 2606 --
874 2567 956 2620 Homo
983 2567 1075 2620 excidit
1103 2567 1180 2618 aiu·
1216 2565 1858 2630 46446461446464646446626666664646666·
1894 2569 1954 2621 lacit
1978 2569 2126 2634 veritatem,
2155 2571 2205 2622 sed
2222 2569 2345 2624 44646464
2363 2569 2397 2622 44
2415 2585 2442 2636 6.
2463 2573 2472 2622 4
2495 2597 2533 2610 -

539 2653 608 2708 644446
635 2669 684 2720 per
713 2657 964 2720 praevaricationem
994 2657 1179 2710 mandatorum
1216 2663 1258 2712 ctu
1279 2657 1314 2710 ad
1332 2655 1458 2722 Spiritum
1479 2661 1599 2710 sanctum
1613 2653 1858 2720 ibid-persona·
1894 2657 2046 2708 Promittere
2063 2657 2135 2724 quod
2157 2671 2208 2710 non
2227 2657 2351 2722 impletur
2372 2665 2412 2710 664
2434 2657 2532 2712 locutio

539 2743 586 2796 Dei
606 2745 638 2798 Vt
661 2745 709 2798 447
731 2759 756 2798 v.
776 2747 810 2798 40
1215 2747 1272 2800 14464
1292 2745 1354 2798 dicit
1372 2747 1494 2798 loutelem
1514 2745 1706 2798 coronationem
1733 2747 1757 2798 in
1784 2747 1857 2798 Patre
1893 2747 1955 2800 salsa
1976 2747 2007 2798 43
2029 2763 2054 2800 6.
2075 2749 2085 2798 4

592 2833 726 2888 Pesevrsro
744 2861 779 2874 -
798 2835 946 2900 praemunit
964 2841 1056 2890 centra
1073 2835 1180 2888 tribula·
1216 2833 1277 2890 4646.
1298 2863 1332 2876 -
1352 2835 1416 2888 dicit
1433 2837 1613 2888 6664644464644
1628 2835 1657 2888 iu
1670 2837 1743 2888 Patre
1757 2833 1808 2888 446
1822 2835 1856 2888 47
1946 2863 1983 2876 -
2000 2837 2078 2888 644146
2097 2839 2136 2888 664
2156 2835 2210 2898 illa,
2228 2835 2253 2886 in
2274 2849 2327 2902 qna
2345 2849 2398 2888 466
2415 2841 2454 2888 664
2467 2835 2533 2888 6644-

539 2921 1020 2990 4464661644466614664-6666
1041 2939 1179 2990 nonprae·
1217 2921 1246 2978 2*
1263 2953 1300 2968 ·-
1317 2925 1488 2978 essentialiter
1500 2929 1617 2978 sumtum
1630 2923 1740 2978 trahitur
1753 2925 1788 2978 ad
1800 2939 1857 2990 per·
1892 2931 1932 2978 tas
1951 2931 1977 2978 et
1994 2925 2120 2978 iudicium
2142 2926 2172 2978 64
2192 2923 2226 2976 43
2243 2939 2272 2978 6.
2291 2925 2305 2976 3
2327 2953 2361 2960 -
2379 2923 2456 2976 6144446
2477 2937 2530 2976 464

539 3007 642 3062 6466464
663 3011 751 3062 666644
767 3017 876 3076 repente
894 3011 937 3064 641
956 3013 1008 3064 538
1029 3013 1062 3064 66
1137 2999 1139 3004 ’
1216 3029 1308 3068 664644
1325 3013 1381 3068 Filii
1401 3029 1448 3080 per
1469 3015 1655 3080 proprietatem
1679 3013 1856 3078 generationis
1892 3019 1930 3068 est
1956 3013 2072 3068 facienda
2098 3011 2161 3068 ibt'cl.
2182 3041 2219 3050 —
2242 3015 2271 3066 in
2295 3013 2369 3064 646446
2394 3013 2532 3080 promissis

591 3097 726 3150 Psenmau
744 3125 778 3138 ...
803 3107 911 3164 paratur
937 3101 964 3152 in
992 3101 1125 3164 praesenti
1143 3101 1178 3154 61
1216 3105 1257 3154 vel
1277 3097 1324 3168 per
1343 3103 1530 3166 proprietatem
1551 3101 1630 3154 Verbi
1651 3105 1700 3154 362
1722 3103 1753 3154 42
1892 3103 2063 3156 rescindenda
2086 3107 2122 3156 cst
2143 3103 2208 3156 6666
2226 3099 2288 3156 ibid.

541 3185 644 3238 62322
677 3197 678 3200 ’
975 3175 977 3180 ’
1118 3229 1119 3232 ,
1267 3191 1388 3242 Parrsrro
1409 3217 1440 3228 -·-
1460 3205 1514 3242 non
1535 3189 1856 3244 habetcausametlicien·
1943 3221 1980 3230 --
1997 3191 2112 3260 Quilibet
2129 3205 2185 3244 esse
2205 3191 2284 3244 debet
2300 3205 2404 3246 memor
2420 3191 2530 3256 promis·

593 3275 722 3326 Parnasus
740 3303 775 3314 --
795 3277 954 3344 Quaerenles
973 3277 1116 3342 primatum
1135 3291 1179 3340 po·
1217 3283 1283 3342 tem,
1303 3277 1350 3330 scd
1369 3277 1533 3332 deficientem
1553 3279 1587 3330 64
1607 3281 1659 3332 382
1678 3279 1857 3344 tte-Apri·
1892 3295 1981 3334 sorum
2000 3281 2046 3332 Dei
2065 3281 2100 3334 ad
2117 3281 2321 3344 exspectandum
2342 3281 2385 3334 Vll
2405 3281 2436 3334 36
2459 3281 2509 3334 444

452 3365 456 3378 ’
515 3363 591 3414 Ὶ44446
610 3363 753 3416 666664664
770 3365 928 3418 contentioni
941 3361 1084 3416 6644614644
1099 3377 1179 3430 66664
1215 3365 1319 3418 ratione
1338 3379 1390 3418 non
1410 3371 1448 3418 est
1468 3381 1605 3430 regressus
1622 3367 1659 3420 ad
1680 3365 1799 3418 habitum
1818 3381 1857 3420 se·
1945 3371 2528 3436 Pnomms-admalumastquasicatcne,

540 3451 599 3516 paci
618 3455 642 3502 et
661 3451 751 3504 44444644
769 3453 942 3518 spiritualium
962 3453 1005 3504 611
1025 3455 1077 3506 560
1098 3451 1179 3504 36-
1215 3455 1330 3506 cundum
1352 3461 1472 3506 naturam
1494 3457 1542 3506 ll8
1562 3471 1590 3506 v.
1610 3455 1618 3506 4
1642 3455 1855 3508 -Facillimnm
1892 3471 1943 3524 qua
1965 3457 2252 3510 rinctusestcarnalis
2273 3459 2375 3512 61673
2396 3459 2530 3512 eune·

541 3539 676 3592 Contendo
693 3539 727 3592 de
746 3541 861 3606 primatu
884 3541 990 3606 signum
1018 3545 1058 3592 cst
1081 3539 1179 3592 amoris
1216 3549 1253 3596 est
1271 3543 1398 3596 accedere
1417 3541 1449 3596 ab
1470 3541 1560 3597 babitu
1579 3545 1613 3596 ad
1625 3545 1809 3610 privationem,
1829 3549 1855 3596 64
1893 3547 1976 3598 466466
1992 3545 2139 3598 stabilitatis
2152 3559 2181 3598 ex
2193 3553 2301 3610 peccato
2314 3551 2445 3600 contracta
2459 3547 2531 3612 plan·

540 3625 703 3680 excellentiae
723 3633 749 3680 et
766 3627 876 3680 dominii
893 3623 955 3680 4664.
1215 3631 1319 3684 64646446
1344 3631 1385 3682 rel
1408 3633 1515 3684 6444446
1541 3631 1702 3698 impossihile
1728 3633 1813 3684 redire
1842 3645 1856 3682 a
1893 3635 1978 3698 gendo
2002 3635 2049 3686 274
2075 3635 2108 3686 43
2125 3635 2298 3687 -Deiectus
2321 3635 2418 3686 amoris
2443 3635 2530 3690 reddit

593 3715 829 3768 1644446666666-
850 3715 975 3780 dignitate
993 3715 1125 3778 praecellit
1141 3729 1179 3766 re·
1216 3719 1364 3786 privatione
1382 3721 1417 3772 ad
1435 3719 1554 3772 habitum
1575 3721 1608 3772 43
1627 3737 1654 3788 q.
1675 3723 1689 3772 2
1892 3735 2003 3786 pronum
2025 3723 2057 3776 ad
2077 3723 2239 3788 peccandum
2260 3725 2292 3776 62
2312 3737 2328 3776 6

540 3803 625 3870 146666
643 3803 709 3854 61466
730 3803 760 3856 64
782 3803 833 3856 224
853 3821 879 3856 r.
899 3805 931 3856 42
947 3829 984 3842 -
1001 3803 1179 3870 Primogenita
1267 3809 1413 3862 Perennem
1430 3837 1467 3846 -
1484 3821 1629 3874 paucorum
1651 3823 1704 3860 non
1724 3815 1786 3860 sunt
1808 3815 1857 3860 tra·
1944 3813 2081 3864 Pnonoueu
2099 3839 2134 3850 -
2153 3817 2250 3864 certam
2270 3813 2430 3866 demonstrat
2443 3827 2531 3878 perso·

542 3897 617 3944 64644
634 3893 688 3944 666
707 3893 839 3946 6446464414
860 3893 903 3946 644
923 3893 955 3944 46
978 3893 1008 3944 46
1215 3899 1302 3950 146666
1319 3899 1354 3950 66
1373 3899 1587 3964 consequentiam
1608 3899 1650 3950 611
1670 3899 1704 3950 86
1724 3897 1755 3950 67
1893 3913 1954 3952 4644
1975 3901 2014 3952 tn
2035 3901 2085 3954 233
2105 3899 2139 3950 66

453 3983 454 3986 ’
593 3981 694 4034 Pernen
711 4009 748 4020 -
765 3989 793 4034 et
809 3995 945 4034 66666664
964 3983 1102 4034 coniuncta
1119 3987 1180 4052 sunt
1268 3989 1403 4040 Pnocsssro
1421 4013 1457 4026 -
1475 3991 1514 4038 est
1533 3987 1677 4052 personalis
1695 3987 1730 4040 61
1750 3985 1795 4040 464
1821 3989 1854 4040 26
1945 3989 2080 4040 Psoesssro
2097 4019 2131 4028 -
2151 3989 2244 4042 dicitur
2264 3989 2423 4054 perturbatio
2437 3989 2530 4044 sistens

541 4069 585 4122 Vll
606 4069 656 4122 362
678 4067 710 4120 46
730 4097 763 4108 -
783 4069 862 4122 Primi
879 4075 941 4122 sunt
959 4071 1097 4124 novissimi
1120 4085 1179 4136 pro·
1217 4089 1272 4140 arg.
1294 4079 1308 4128 2
1894 4077 1918 4128 46
1937 4077 2102 4130 sensualitate
2121 4075 2223 4130 61404
2242 4075 2277 4130 56

540 4163 597 4220 pter
617 4157 768 4232 snperbiam
782 4157 839 4210 363
861 4161 892 4210 62
1268 4193 1305 4204 -
1321 4163 1415 4228 triplex
1433 4157 1617 4216 celebraturis
1631 4163 1743 4216 Ecclesia
1757 4163 1855 4218 61634
1946 4165 2079 4218 34644644
2097 4193 2133 4204 -
2152 4163 2246 4218 6464464
2266 4167 2306 4218 661
2319 4167 2532 4222 rationeinterio·

593 4247 714 4298 Pemcsrs
732 4275 766 4284 ——
779 4253 818 4300 est
830 4247 948 4302 minister
961 4249 1027 4314 legis
1042 4249 1082 4300 Vll
1096 4247 1128 4300 78
1144 4247 1178 4300 34
1216 4267 1243 4304 6.
1262 4253 1295 4304 43
1318 4279 1355 4292 -
1377 4251 1516 4304 turbarum
1541 4253 1671 4316 significat
1695 4253 1856 4320 obsequium
1897 4253 1931 4306 ris
1951 4253 2127 4318 inspirationis
2147 4259 2171 4306 et
2189 4255 2355 4308 revelationis
2373 4255 2468 4322 ignoti,
2488 4259 2531 4310 rel

446 4365 448 4368 -
541 4361 574 4374 ·-
593 4335 720 4400 Principis
739 4341 777 4388 est
805 4337 891 4390 omnia
917 4337 1038 4390 distincte
1063 4343 1090 4388 64
1112 4337 1179 4390 ordi·
1216 4339 1377 4408 activorum,
1397 4341 1532 4406 processio
1550 4339 1683 4406 virginum
1697 4339 1855 4408 obsequium
1893 4341 1991 4396 ratione
2009 4343 2149 4396 infallibilis
2165 4347 2192 4394 et
2210 4343 2310 4396 veracis
2329 4343 2531 4398 denuntiationis

483 4425 485 4430 ’
541 4431 602 4476 4646
620 4437 698 4488 agere
719 4423 751 4478 45
772 4425 789 4478 4
807 4455 843 4462 -
862 4426 978 4478 carnales
995 4439 1101 4490 semper
1119 4429 1179 4478 sunt
1216 4427 1494 4494 contemplativorum,
1514 4427 1648 4494 processio
1670 4429 1855 4494 Apostolorum
1894 4425 1997 4484 vlam
2018 4433 2049 4484 33
2068 4457 2104 4472 ·-
2123 4433 2262 4496 Prophelia
2281 4445 2333 4484 non
2351 4439 2392 4484 est
2411 4445 2532 4498 compre-

540 4511 690 4576 insipientes
712 4511 752 4568 'Vl
779 4515 811 4564 86
835 4529 863 4566 6.
882 4515 917 4566 46
933 4541 971 4554 -
989 4519 1029 4566 664
1050 4513 1099 4588 qui
1126 4511 1178 4566 sibi
1215 4519 1390 4582 perlectorum
1415 4517 1573 4584 obsequium
1593 4515 1626 4568 t'b.
1648 4517 1678 4568 43
1698 4545 1734 4554 -
1751 4517 1780 4568 14
1797 4529 1856 4580 pro·
1893 4519 2108 4584 hensorum,sed
2127 4517 2235 4572 46464646
2257 4519 2302 4586 664
2321 4521 2410 4572 646664
2427 4519 2457 4572 in
2473 4535 2531 4586 spe·

540 4613 586 4666 per
605 4599 702 4652 bonam
722 4601 803 4652 vitam
821 4601 984 4668 principatur
1003 4603 1033 4654 84
1056 4601 1117 4654 ml
1216 4603 1377 4658 cessionibus
1403 4605 1503 4670 priores
1531 4605 1668 4670 dignitates
1693 4609 1754 4656 sunt
1773 4609 1855 4670 poste·
1893 4607 2016 4658 6616324
2030 4607 2061 4658 33
2076 4607 2297 4672 arg-Triplex
2317 4621 2401 4674 gentis
2418 4613 2530 4672 prophe·

592 4715 627 4728 ·-
644 4689 811 4742 sacerdotum
824 4689 1178 4754 praecellebantauctoritare
1215 4693 1298 4746 riores
1316 4693 1359 4744 Vll
1379 4693 1430 4746 363
1453 4693 1485 4744 43
1591 4755 1593 4758 ¹
1894 4693 2013 4748 4466240
2034 4695 2048 4746 4
2068 4721 2103 4734 -
2121 4695 2238 4760 praecise
2259 4697 2352 4748 dicitur
2366 4697 2411 4764 qui
2429 4697 2532 4760 praedi·

540 4779 581 4832 Vll
604 4775 654 4830 227
674 4777 706 4828 36
727 4805 759 4814 -
779 4781 807 4830 14
825 4777 990 4844 principibus
1010 4779 1177 4832 sacerdotnm
1268 4783 1387 4834 Pnonrom
1407 4811 1441 4822 —
1461 4781 1584 4834 dicuntur
1606 4781 1705 4832 maiora
1730 4781 1855 4832 miracula
1894 4783 1926 4834 cit
1951 4785 2036 4836 lutura
2060 4781 2111 4834 267
2138 4783 2166 4834 61
2189 4809 2225 4820 -
2242 4783 2371 4848 praedicit
2396 4787 2480 4836 lutura
2505 4793 2531 4838 64

540 4865 654 4920 debehat
666 4879 723 4918 esse
735 4867 920 4932 praerogativa
932 4867 1074 4920 sanctitatis
1091 4865 1142 4918 640
1163 4867 1177 4918 3
1217 4867 1247 4920 64
1269 4867 1314 4922 304
1340 4867 1444 4922 76641
1467 4867 1516 4920 476
1538 4867 1569 4920 40
1893 4871 2008 4922 66666446
2030 4871 2071 4922 tlt
2093 4867 2142 4922 478
2162 4869 2195 4922 60

540 4985 572 4994 -
594 4955 721 5022 regebant
739 4969 787 5022 per
805 4957 987 5022 auctoritatem
1005 4955 1057 5010 660
1078 4957 1112 5008 66
1268 4959 1404 5010 Prosessro
1421 4985 1458 4996 —
1476 4955 1544 5010 Voto
1562 4955 1732 5020 professionis
1748 4955 1856 5008 4644666-
1946 4985 1980 4998 -··
2000 4959 2145 5022 Prophetae
2163 4967 2202 5010 cst
2221 4971 2381 5026 cognoscere
2394 4961 2529 5012 veritatem

507 5031 510 5036 ’
592 5075 627 5084 -
646 5047 674 5098 14
692 5045 859 5114 principibus
883 5053 938 5100 crat
967 5051 1047 5100 lastus
1068 5051 1179 5112 propter
1202 5031 1257 5100 ’464
1286 5045 1483 5100 matrimonium
1504 5045 1689 5110 religiosorum
1715 5057 1777 5098 cum
1800 5045 1854 5096 beo
1895 5045 1995 5098 61544
2017 5049 2531 5114 6.23-6646646466464646466646·

539 5135 714 5188 excellentiam
735 5135 995 5206 6464446446611501
1016 5141 1078 5188 2-
1092 5135 1179 5190 441466
1217 5137 1250 5190 61
1271 5135 1322 5190 645
1343 5135 1357 5188 5
1894 5141 1944 5188 4646
1963 5137 1986 5188 44
2008 5135 2098 5200 spiritu
2121 5135 2214 5188 divino
2231 5135 2319 5190 2446

539 5239 620 5292 quarn
638 5225 790 5278 6144661464
807 5225 942 5290 aristidem,
959 5225 1021 5276 vitia
1040 5239 1088 5276 sna
1107 5225 1178 5290 tangi
1270 5227 1451 5278 Paoncreures
1468 5253 1503 5264 —
1523 5231 1687 5278 4466666646
1706 5223 1855 5276 6446664466
1947 5255 1979 5264 -
1998 5225 2079 5278 Actus
2097 5225 2419 5290 646666646466466466
2433 5225 2529 5278 61403

541 5313 591 5366 600
602 5299 822 5368 74-444466644
835 5315 947 5380 perdere
960 5317 1086 5368 honorem
1100 5317 1188 5368 664444Ι
1217 5315 1250 5368 66
1268 5313 1497 5378 contemplativam
1520 5313 1760 5366 615372-14
1785 5311 1855 5364 b'ono
1893 5315 1925 5366 76
1946 5327 2002 5378 arg.
2023 5315 2092 5366 2-
2109 5317 2196 5376 potest
2214 5327 2324 5378 peceare
2341 5315 2531 5380 praedicendo,

540 5405 564 5454 et
583 5399 618 5454 ob
640 5403 708 5452 146446
734 5415 841 5456 6466644
869 5403 1022 5456 occiderunt
1046 5403 1177 5456 Christum
1217 5417 1320 5470 semper
1347 5403 1538 5468 proficiendum
1563 5411 1603 5456 est
1627 5403 1671 5456 641
1697 5403 1748 5454 366
1768 5401 1855 5454 72-
1893 5405 1998 5470 6664466
2019 5417 2094 5454 66644
2112 5401 2238 5466 pervertit
2258 5403 2428 5456 intentionem
2450 5401 2531 5456 4406

541 5489 603 5544 r'br'd.
623 5519 657 5528 --
681 5493 849 5546 sacerdotum
872 5499 982 5558 propter
1006 5491 1177 5546 ambitionem
1217 5483 1326 5558 Semper
1345 5491 1538 5558 proficiendum
1556 5501 1596 5546 est
1619 5495 1728 5558 propter
1749 5489 1856 5544 41416661-
1946 5519 1980 5530 -—
2000 5493 2047 5544 Per
2070 5493 2213 5556 Prophetas
2236 5489 2389 5558 intelligitur
2412 5491 2530 5546 doctrina

541 5579 673 5644 dignitatis
690 5583 860 5634 sacerdotalis
872 5579 1035 5648 quaerebant
1046 5579 1178 5636 Christum
1217 5585 1296 5634 tatem
1308 5581 1335 5634 in
1352 5581 1461 5646 merito,
1487 5575 1647 5648 rigiditatem
1665 5583 1691 5634 in
1710 5581 1814 5652 iudicio
1832 5585 1856 5634 et
1894 5585 2097 5648 Prophetarum,
2115 5593 2185 5648 quae
2204 5585 2242 5632 est
2261 5581 2390 5636 audienda
2408 5597 2457 5648 pro
2476 5595 2533 5634 ma-

542 5669 653 5734 6646646
680 5681 729 5732 per
751 5669 843 5722 edium
869 5669 1037 5734 malignitatis
1062 5669 1125 5724 46441.
1143 5697 1179 5708 -
1216 5669 1389 5722 calamitatem
1408 5669 1434 5722 in
1454 5669 1583 5734 supplicio
1602 5669 1653 5720 362
1672 5669 1705 5720 63
1895 5669 2031 5736 gnitudine
2057 5669 2217 5722 auctoritatis
2235 5669 2278 5726 Vll
2298 5669 2349 5724 424
2368 5671 2456 5724 53-
2473 5671 2532 5722 Pro·

542 5757 626 5824 plebis
644 5761 753 5822 propter
771 5757 942 5810 ambitionem
962 5759 1097 5822 potestatis
1114 5759 1179 5812 iudi·
1271 5785 1304 5796 -
1324 5757 1422 5810 dehent
1439 5759 1525 5822 legem
1549 5771 1657 5810 servare
1679 5759 1747 5810 sicut
1763 5759 1856 5822 Phari·
1894 5759 1978 5822 phetis
1996 5771 2054 5810 mos
2075 5763 2112 5810 est
2131 5771 2226 5822 ponere
2245 5759 2413 5824 praeteritum
2434 5771 2481 5824 pre
2495 5759 2532 5810 lu·

542 5846 612 5900 dalis
641 5843 804 5912 quaerebant
833 5844 966 5900 Christum
992 5844 1104 5910 perdere
1131 5861 1179 5912 per
1218 5845 1271 5896 saei
1289 5845 1322 5898 Vl
1349 5845 1395 5898 414
1420 5847 1435 5896 3
1456 5873 1490 5884 ·-
1511 5845 1608 5898 iaciunt
1632 5845 1742 5898 Domino
1768 5847 1856 5898 convi-
1898 5845 2007 5898 464638
2029 5845 2079 5896 420

541 5939 630 5992 odium
652 5935 817 6002 malignitatis
836 5933 900 5990 ibid.
1217 5929 1366 5986 6464446444.
1381 5933 1527 5986 -debent
1544 5933 1675 5986 custodire
1695 5933 1854 5984 honestatem
1947 5959 1981 5972 -
2000 5929 2209 5996 inungebantur,
2226 5939 2257 5986 64
2274 5935 2400 5998 Spiritum
2411 5941 2531 5988 sanctum

593 6051 628 6064 ··-
640 6037 702 6078 com
716 6023 847 6076 adiutorio
859 6019 1004 6076 scribarum
1019 6019 1180 6088 quaerebant
1218 6021 1269 6074 642
1289 6023 1317 6074 41
1343 6049 1375 6060 --
1396 6035 1443 6086 per
1464 6021 1573 6086 gratiam
1595 6021 1706 6086 Spiritus
1727 6019 1809 6074 sancti
1829 6025 1857 6072 ut
1895 6021 2042 6084 acciperent
2060 6019 2104 6070 Vll
2125 6021 2174 6070 33
2196 6047 2230 6060 -
2243 6023 2341 6086 Spiritu
2353 6029 2444 6074 sancto
2456 6023 2534 6086 inspi-

513 6137 514 6140 ¹
542 6101 687 6166 interlicere
707 6113 844 6166 doctorem
862 6111 1010 6164 veridicum
1031 6113 1073 6164 llll
1094 6109 1139 6164 641
1165 6113 1179 6164 3
1217 6109 1302 6164 nubes
1328 6095 1478 6164 ascendunt
1497 6111 1533 6164 de
1559 6111 1656 6164 virtute
1677 6111 1706 6162 in
1732 6109 1855 6164 virtutem
1894 6109 1943 6162 rati
1962 6107 2121 6160 1664446644
2140 6109 2285 6172 Prophetae
2304 6111 2337 6162 38
2357 6111 2408 6164 443
2427 6125 2532 6162 -non

543 6231 577 6244 -
597 6203 762 6256 sacerdotnm
783 6201 1073 6266 sitiebantsanguinem
1087 6199 1179 6256 Christi
1218 6215 1301 6270 66666
1320 6201 1356 6254 66
1373 6201 1476 6254 6661644
1495 6197 1541 6254 641
1559 6201 1594 6252 84
1613 6199 1647 6252 54
1664 6227 1701 6236 -
1719 6197 1856 6252 16666464-
1895 6197 2010 6264 16644464
2022 6209 2070 6260 per
2083 6209 2124 6260 se,
2138 6195 2184 6248 666
2203 6209 2250 6262 per
2270 6197 2394 6262 Spiritum
2412 6203 2532 6252 sanctum

544 6289 668 6344 the-
685 6291 810 6344 nolebant
821 6291 942 6344 occidere
956 6291 1087 6344 Christum
1100 6291 1128 6344 44
1140 6305 1181 6344 66·
1218 6291 1284 6344 tium
1307 6295 1348 6344 est
1365 6289 1485 6344 invenire
1505 6287 1557 6344 285
1577 6289 1609 6342 27
1628 6317 1664 6330 -
1682 6289 1704 6344 Α
1721 6287 1857 6354 prolicien-
1897 6287 1929 6340 64
1949 6287 1964 6338 3
1982 6299 2010 6352 6.
2030 6283 2044 6336 4
2064 6313 2099 6322 -
2118 6289 2178 6336 6446
2197 6287 2346 6350 passionem
2372 6287 2465 6340 Christi
2490 6289 2533 6338 he·

541 6377 766 6434 6614646.3-
791 6381 856 6434 6646
880 6385 1011 6448 66664664
1035 6379 1180 6434 interlicere
1218 6379 1289 6434 tibus
1305 6379 1449 6448 requiritur
1468 6383 1566 6434 tructus
1586 6379 1698 6434 iustitiae
1717 6377 1764 6432 344
1787 6377 1821 6430 48
1895 6373 2011 6428 6664664
2027 6373 2152 6440 Spiritum
2170 6379 2289 6428 sanctum
2303 6375 2354 6428 360
2370 6375 2533 6430 61-6666

490 6509 492 6516 ,
542 6473 641 6524 4644664
661 6467 898 6532 61466,446644444
923 6473 1036 6522 mortem
1064 6467 1181 6524 464.-
1272 6497 1305 6510 -
1324 6469 1442 6524 Christus
1461 6469 1557 6524 missus
1576 6469 1621 6522 luit
1646 6465 1857 6536 proficientibus,
1895 6465 2037 6532 Prophetas
2049 6463 2183 6518 constituit
2195 6465 2364 6518 illuminando
2378 6467 2533 6518 intellectum

542 6557 669 6612 miserunt
685 6557 832 6624 ministros,
851 6559 913 6626 quia
931 6557 982 6624 ipsi
999 6563 1073 6612 erant
1092 6563 1179 6626 poten·
1218 6563 1246 6610 ul
1264 6563 1485 6624 promoverentur
1504 6559 1529 6612 44
1547 6557 1646 6612 46644446
1664 6557 1698 6610 61
1717 6555 1769 6608 674
1788 6557 1803 6608 2
1823 6581 1857 6596 -·-
1897 6553 1948 6608 463
1967 6569 1994 6606 6.
2014 6555 2046 6608 27

536 6643 619 6698 'tiores
638 6643 742 6698 61348
763 6647 797 6698 47
895 6659 896 6662 ’
1219 6647 1337 6700 Christus
1355 6647 1381 6698 in
1400 6645 1518 6712 patibulo
1537 6647 1640 6710 positus
1657 6647 1781 6698 informat
1798 6659 1858 6710 pro·
1949 6671 1984 6682 —
2003 6643 2040 6696 Ad
2061 6645 2205 6710 Prophetas
2222 6645 2306 6698 166466
2326 6647 2364 6696 est
2382 6657 2467 6706 sermo
2486 6643 2533 6698 Dei
2597 6685 2599 6690 ,

593 6727 813 6788 —sacerdotum
841 6741 1032 6788 consenserunt
1052 6735 1079 6788 in
1097 6749 1179 6788 unum
1220 6729 1335 6788 linientes
1352 6735 1387 6788 66
1406 6741 1545 6800 praecepta
1561 6733 1696 6800 implenda
1709 6737 1733 6786 et
1746 6733 1857 6788 6666466
1898 6729 2001 6786 61332
2017 6731 2048 6786 46
2062 6761 2097 6774 -
2110 6733 2147 6786 dii
2159 6731 2247 6788 vocati
2259 6739 2321 6788 sunt
2333 6729 2394 6788 told.
2410 6731 2532 6786 -missi

541 6821 730 6878 commercium
754 6837 912 6888 perversum
936 6829 963 6876 et
986 6823 1098 6890 impium
1117 6839 1179 6878 cnm
1218 6823 1367 6878 sustinenda
1388 6823 1438 6876 613
1460 6837 1484 6874 r.
1505 6825 1521 6876 2
1538 6851 1573 6862 -
1586 6821 1752 6878 Resurrectio
1766 6821 1857 6878 Christi
1899 6827 1960 6876 sunt
1978 6835 1994 6874 a
2014 6823 2068 6876 Deo
2081 6823 2133 6874 386
2147 6821 2179 6874 44
2193 6851 2227 6864 -
2240 6823 2287 6878 Per
2300 6837 2331 6878 os
2342 6821 2536 6890 Prophetarum
