5908 8266
1040 537 1232 606 COlllllENT.
1256 539 1294 608 lN
1315 535 1553 606 EVANGELIUM
1577 529 1693 602 LUCdE
1718 531 1748 598 C.
1775 533 1849 602 xlv.

551 715 639 782 Circa
667 713 846 800 parabolam
869 715 909 782 de
929 713 1059 782 dantiae
1082 713 1278 800 aedificante
1299 715 1359 780 tria
1373 713 1419 780 in-

296 843 325 886 m
341 839 441 904 paganos
461 821 684 900 traducuntur,
710 821 825 890 scilicet
851 821 1012 906 conceptio
1026 821 1189 906 propositi
1205 819 1417 906 aedificandi,

300 901 438 1042 Ἢῖῖὲεῗῖῖεῖῗ
458 927 609 1012 provisio
630 925 825 1016 sufficie-otis
840 927 1010 1014 stipendii,
1028 927 1200 994 declinatio
1219 925 1418 998 imminentis

365 1007 392 1040 ¹²⁸
461 1031 641 1116 opprobrii.
1166 1035 1167 1038 ’

550 1139 601 1202 57.
624 1137 725 1222 (Vers.
753 1135 831 1220 25).
857 1137 960 1202 Primo
983 1139 1079 1222 igitur
1104 1145 1255 1222 quantum
1282 1139 1318 1204 ad
1343 1157 1418 1202 cora-

333 1267 439 1312 pnnln.
461 1241 636 1326 ceptionem
657 1241 822 1328 propositi
848 1241 1049 1328 aedificandi
1067 1243 1159 1310 dicit:
1178 1243 1258 1326 Quis
1276 1243 1361 1310 enim
1376 1261 1417 1310 ear

459 1347 564 1426 uoltis,
589 1347 696 1414 uolens
722 1347 901 1430 aedificare
924 1351 1086 1416 turreml.
1105 1351 1162 1416 Per
1178 1357 1316 1430 turrem,
1335 1367 1416 1436 θεθθ

458 1459 506 1520 θεῖ
518 1451 694 1520 aedificium
708 1451 915 1534 altissimum,
930 1471 1100 1538 possumus
1115 1455 1289 1540 intelligere
1304 1471 1417 1520 cumu-

458 1561 524 1626 lum
539 1559 737 1642 perfectionis
748 1559 949 1640 meritorum,
965 1577 1044 1648 quae
1055 1559 1210 1646 gradatim
1227 1561 1363 1628 ascendit
1375 1561 1416 1628 ala

458 1665 521 1730 iuro
537 1679 637 1748 usque
654 1663 691 1730 ad
709 1681 880 1746 summum,
898 1667 1049 1750 incipiens
1060 1685 1079 1732 θ
1091 1665 1307 1750 particularum
1321 1667 1415 1732 timo·

459 1769 509 1832 ris
526 1769 758 1852 etpervenieus
777 1789 876 1856 usque
893 1771 930 1838 ad
947 1771 1075 1838 θεεῖεεεθεε
1091 1771 1273 1856 supientiae
1292 1769 1415 1858 deifor-

458 1871 533 1940 mis.
557 1873 594 1940 Et
620 1881 669 1940 est
690 1875 795 1958 primo
825 1877 1016 1944 aedificanda
1040 1875 1139 1942 turris
1163 1877 1242 1942 dorii
1265 1877 1396 1944 timoris

458 1981 497 2048 de
520 1999 584 2068 qua
608 1985 708 2065 polest
733 1983 861 2068 intelligi
883 1985 963 2048 illud
979 1983 1131 2048 lliclvaeae
1149 1989 1263 2068 quarto
1277 1985 1305 2048 2:
1328 1985 1415 2062 «Tra,

459 2087 558 2154 turris
589 2087 691 2174 gregis
716 2088 888 2168 ,nebulosa
914 2105 1013 2172 usque
1045 2087 1084 2152 θεῖ
1111 2093 1142 2154 ῖθ
1167 2087 1315 2166 veniet»,
1342 2087 1416 2174 θεὶθ

460 2195 553 2260 timor
576 2193 744 2280 parvulum
768 2193 842 2258 facit
872 2211 913 2258 en
947 2191 1194 2258 consideratione
1230 2193 1347 2260 iudicii.
1369 2229 1415 2242 —-

334 2321 440 2366 secula.
461 2299 602 2366 Secunda
624 2297 724 2364 turris
747 2305 795 2364 est
813 2297 967 2382 piatatis,
990 2297 1029 2364 εῖθ
1052 2315 1115 2382 qua
1143 2297 1237 2364 lsaiae
1259 2299 1414 2384 quintoss:

464 2431 481 2462 ε
497 2405 675 2472 aedificavit
709 2405 822 2470 turrim
860 2405 889 2486 in
926 2405 1028 2470 medio
1061 2405 1170 2472 vineae
1206 2411 1236 2470 et
1276 2405 1415 2470 torcular

458 2511 622 2578 exstruxit
644 2513 676 2576 iu
699 2529 737 2576 ea
750 2537 783 2590 u,
807 2511 882 2596 quia
913 2511 1010 2594 pietas
1042 2513 1145 2576 oritur
1169 2527 1209 2576 en
1235 2507 1414 2576 considera-

461 2615 546 2682 tione
567 2617 731 2700 passionis.
755 2617 927 2684 -Tertia
951 2621 998 2684 θεῖ
1022 2617 1120 2684 turris
1143 2615 1314 2692 scientium
1339 2615 1417 2680 Cau-

459 2721 595 2786 tlcorum
618 2729 746 2806 quarto:
776 2723 895 2790 «Sicut
921 2723 1017 2790 turris
1041 2723 1137 2790 David
1163 2723 1279 2788 collum
1303 2727 1413 2802 tuum,

459 2845 542 2912 quae
563 2827 725 2896 aedificata
753 2837 801 2896 est
831 2849 903 2896 cum
927 2829 1180 2916 propugnaculis.
1211 2829 1292 2896 llille
1314 2829 1414 2912 clypei

459 2933 596 3016 pendent
618 2951 660 3000 ex
683 2953 736 3014 ea,
760 2937 862 3002 omnis
884 2943 1047 3002 armatura
1061 2935 1190 3002 fortium
1204 2963 1220 2996 s
1241 2943 1311 3014 etc.;
1331 2937 1415 3022 θεοεῖ

460 3037 644 3122 intelligitur
668 3039 705 3106 de
731 3041 858 3108 scientia
881 3059 988 3108 sacrae
1016 3041 1206 3126 scripturae.
1232 3031 1274 3092 ἑ-
1298 3045 1416 3126 Quarta

460 3149 507 3208 est
521 3143 619 3210 turris
629 3143 842 3230 fortitudinis
848 3171 859 3224 ,·
875 3149 1115 3214 Proveruiorum
1131 3149 1252 3214 decimo
1269 3151 1414 3218 estavar:

467 3273 483 3306 ε
499 3249 611 3316 Turris
633 3249 819 3330 fortissima,
852 3269 965 3320 nomeu
995 3253 1134 3332 Domini3
1160 3253 1198 3320 acl
1223 3273 1290 3322 eam
1313 3255 1416 3322 currit

461 3355 563 3424 iustus
595 3361 626 3438 et
656 3357 900 3438 exaltantium
925 3365 955 3424 et
983 3359 1013 3424 iu
1045 3361 1182 3426 Psalmo:
1220 3361 1415 3430 «Deduxisti

460 3481 525 3542 rue,
551 3463 625 3548 quia
648 3463 749 3528 lactus
764 3483 798 3532 es
813 3483 884 3548 spes
900 3483 987 3542 mea,
1004 3467 1103 3532 turris
1117 3463 1338 3534 lentitudinis»
1356 3473 1414 3534 θῖθ.

461 3605 502 3616 --
527 3569 642 3652 Qtvinta
673 3575 720 3634 est
754 3569 854 3636 turris
880 3569 1029 3648 consilii,
1053 3569 1092 3636 de
1122 3587 1185 3654 qua
1217 3571 1416 3638 Canticorum

460 3675 633 3758 septimo⁵:
666 3675 796 3740 «Nasus
830 3681 906 3742 tuus
939 3675 1021 3742 sicut
1056 3675 1156 3740 turris
1185 3677 1309 3756 Libani,
1335 3695 1416 3764 quae

387 3865 389 3868 Ι
459 3781 588 3866 respicit
611 3787 719 3848 contra
742 3781 926 3848 Damascum
938 3805 971 3860 »3
994 3783 1068 3866 quia
1093 3781 1254 3848 consilium
1280 3789 1326 3848 est
1343 3801 1416 3850 con-

459 3893 508 3954 tra
533 3887 660 3954 iusidias
682 3885 807 3954 inimici.
830 3923 877 3934 -
904 3887 997 3954 Sexta
1020 3887 1119 3954 turris
1142 3891 1189 3954 θεῖ
1219 3887 1414 3968 intellectus,

459 3993 498 4060 de
521 4013 584 4080 qua
618 3991 815 4058 Caulieorum
852 3993 996 4076 septimo:
1026 3993 1179 4078 «Collum
1208 3999 1299 4060 tuum
1335 3995 1416 4062 sicut

460 4099 560 4164 turris
583 4097 739 4176 eburnea3
763 4097 846 4164 oculi
871 4097 917 4162 tui
933 4097 1014 4164 siout
1031 4097 1167 4182 piscinae
1182 4097 1213 4164 in
1232 4099 1369 4166 Hesebou
1382 4123 1414 4178 »3

459 4201 513 4268 ulti
540 4201 631 4268 datur
657 4199 786 4288 intelllgi
809 4201 964 4270 munditia
998 4201 1101 4270 cordis
1123 4207 1155 4268 et
1177 4203 1347 4288 limpiditas
1367 4203 1417 4268 in-

462 4307 648 4394 telligentiae
673 4307 853 4394 spiritualis.
869 4307 1066 4394 -Septima
1091 4312 1137 4376 est
1162 4309 1258 4376 turris
1283 4309 1414 4394 supien-

461 4411 607 4496 tiuo,'de
629 4433 692 4500 unna
716 4415 914 4482 canticoram
936 4415 1089 4482 octavolz
1118 4439 1134 4472 ε
1153 4415 1214 4500 Ego
1237 4433 1359 4496 murus,
1382 4421 1415 4482 et

458 4521 559 4586 ubera
582 4539 652 4586 mea
676 4521 756 4586 sicut
780 4523 878 4588 turris
894 4547 926 4602 »3
948 4521 1034 4608 quod
1055 4519 1171 4586 dicitur
1195 4527 1323 4604 propter
1342 4539 1415 4586 con-

460 4625 657 4706 solationem,
681 4645 762 4712 quae
788 4633 834 4694 est
853 4629 887 4694 in
913 4633 1006 4712 gustu
1041 4625 1128 4692 lactis
1164 4625 1299 4692 uberum
1334 4625 1413 4692 divi-

458 4751 516 4800 nae
541 4733 717 4820 sapientiae.

548 4841 719 4924 Antequam
735 4847 840 4908 aulem
857 4841 952 4908 huius
968 4837 1099 4908 aedificii
1115 4839 1245 4904 altitudo
1263 4837 1414 4922 erigatur,

459 4947 633 5014 necessaria
657 4953 702 5012 θεῖ
727 4949 898 5014 aedificatio
922 4943 1066 5034 aedificii
1088 4953 1207 5030 septem
1231 4945 1413 5022 uirtutum,

461 5053 500 5120 de
524 5071 586 5142 qun
610 5053 852 5120 proverbiorum
881 5055 1005 5120 nonnul:
1037 5051 1221 5138 «Sapientia
1241 5051 1416 5118 aedificavit

529 5493 539 5524 ¹
559 5495 616 5546 Vat.
635 5507 695 5546 cum
720 5495 830 5558 Vulgata
857 5499 881 5544 et
900 5495 922 5546 ll
940 5493 1058 5558 turnan-
1083 5495 1127 5546 elr.
1154 5507 1233 5556 supra
1258 5507 1319 5556 pag.
1346 5493 1413 5556 375,

456 5589 517 5636 uota
539 5583 561 5634 l.
580 5609 616 5620 -
633 5583 722 5632 Glossa
743 5579 883 5634 ordinario
905 5579 944 5648 (ev
965 5583 1088 5644 drogon,
1109 5581 1135 5630 ll.
1155 5579 1248 5632 llomil.
1268 5579 1294 5630 iu
1312 5581 1413 5642 Evang.

456 5669 546 5722 homil.
564 5669 607 5720 37.
625 5683 651 5720 n.
671 5669 705 5730 6.)
727 5667 750 5718 ῖε
770 5669 830 5720 Lus.
846 5667 900 5730 Vll,
920 5669 967 5720 28:
986 5669 1051 5732 Qarla
1070 5665 1190 5716 svvblimla
1211 5671 1352 5732 praecepta
1370 5665 1413 5718 de·

456 5759 507 5822 dil,
527 5755 705 5808 aedificandae
725 5753 888 5806 sublimitalis
908 5755 1128 5820 sepaparationem
1148 5753 1293 5816 subiungit.

527 5841 630 5896 2ῖῖθεε.
652 5845 682 5906 5,
701 5841 747 5894 ubi
771 5847 831 5906 post
856 5841 984 5896 rrrdttlosu.
1009 5843 1119 5906 Vulgata
1145 5841 1218 5894 addit
1240 5839 1322 5910 filiae,
1338 5839 1413 5894 Siata.

456 5933 561 5986 Hieron.
578 5933 654 5996 legit:
674 5929 708 5984 Et
726 5933 768 5994 tu,
789 5929 874 5984 turris
894 5933 996 5998 prepr's,
1016 5929 1145 5984 rardrtloso
1164 5927 1221 6000 pllio
1234 5927 1313 5994 Sion,
1328 5943 1413 5996 respue

455 6021 494 6074 ud
510 6023 535 6074 le
554 6019 648 6084 certici,
668 6019 740 6086 quod
759 6019 794 6070 lla
812 6019 933 6084 explicat:
955 6019 1047 6072 Turris
1068 6019 1147 6084 igitur
1165 6017 1298 6084 qvvondam
1324 6017 1413 6080 gregis

456 6113 483 6160 et
500 6109 591 6174 populi
611 6107 682 6158 Dei...
701 6119 771 6158 nuuc
791 6107 909 6172 squalida
929 6105 1086 6174 [nebulosa]
1107 6113 1145 6158 est
1164 6113 1188 6158 et
1214 6107 1361 6158 destituta...
1386 6111 1413 6158 θῖ

456 6197 594 6262 usquead
613 6197 679 6246 lianc
697 6193 785 6246 veniet
803 6195 872 6246 Deus
891 6201 939 6246 ete.

528 6281 540 6312 ³
558 6283 631 6334 Vers.
652 6285 731 6332 2.-
750 6281 866 6334 Subinde
884 6283 1009 6344 allegatur
1029 6281 1101 6334 Cant.
1120 6281 1150 6346 l,
1171 6281 1194 6332 l.

527 6367 631 6422 ‘Vera
652 6371 698 6438 ld,
719 6373 873 6434 postquem
895 6371 934 6420 Ρε.
954 6371 1001 6432 60,
1022 6371 1046 6418 3,
1064 6373 1092 6420 θῖ
1110 6367 1134 6418 d.

527 6455 539 6482 ⁵
558 6457 630 6506 Vers.
651 6455 681 6522 45
698 6455 762 6506 ibid.
783 6455 913 6506 latabantur
931 6457 1007 6506 etiam
1028 6455 1123 6506 verlra:
1142 6453 1241 6506 Collum
1256 6461 1329 6508 ῖεεεεεε
1350 6461 1413 6518 clu,

455 6541 536 6602 paulo
556 6541 660 6592 litterius
679 6541 799 6604 allegata.
1244 6539 1255 6570 Β
1277 6545 1351 6594 Vere.
1369 6543 1412 6596 ld.

527 6623 537 6654 ⁷
557 6629 630 6678 Vera.
652 6629 675 6688 l.
693 6627 744 6680 Clr.
763 6629 901 6694 Beruard.,
921 6633 1002 6682 Serm.
1023 6629 1067 6680 52.
1091 6629 1124 6680 εῖθ
1151 6629 1264 6680 Diversis
1292 6629 1362 6696 (alias
1385 6631 1412 6680 9.

455 6729 487 6764 ex
505 6713 618 6778 Parvis),
637 6715 683 6766 ulai
702 6719 766 6768 haee
786 6717 868 6768 verba
892 6719 926 6770 de
944 6719 972 6770 B.
992 6719 1068 6769 lloria
1095 6717 1167 6782 Virg.
1193 6723 1367 6782 exponuntur,
1385 6719 1412 6770 iu

455 6815 507 6864 θεεε
527 6801 657 6864 Sapientia
678 6803 756 6854 Patris
776 6803 925 6856 aedillravit
943 6803 994 6856 sibi
1011 6805 1122 6858 domum
1146 6813 1172 6858 et
1197 6805 1293 6858 excidit
1310 6811 1412 6872 septem

561 6903 591 6958 S.
609 6905 713 6960 Boiano.
727 6933 760 6994 3-
776 6911 854 6962 Tom.
872 6911 925 6964 Vll.

2370 551 2434 616 377

1481 713 1540 782 sibi
1562 713 1712 792 domum,
1735 709 1852 776 excidit
1876 711 2037 778 columnas
2063 719 2179 796 septem
2198 741 2227 782 s.
2252 719 2349 788 Huius
2381 739 2436 784 aa·
2456 731 2586 776 rorallum.

1481 825 1543 884 tem
1566 817 1697 888 aedificii
1722 815 1865 884 Christus
1883 821 1929 884 est
1944 815 2107 902 faudo-tor
2123 823 2155 884 et
2177 817 2435 902 fundumentum

1481 929 1512 992 et
1535 925 1626 992 etiam
1652 923 1926 1010 complectentium.
1946 923 2023 990 lluis
2045 927 2150 988 tamen
2165 923 2369 992 aedificationi
2387 929 2435 994 vir

1481 1031 1653 1114 spiritualis
1668 1037 1887 1116 comparatum
1905 1031 1987 1098 unde
2000 1029 2120 1116 primae
2133 1029 2169 1096 ad
2183 1031 2359 1098 Corinthios
2373 1037 2435 1098 ter-

1481 1135 1566 1202 ti0⁸z
1590 1137 1675 1204 «Dei
1693 1137 1890 1204 coadiutores
1913 1155 2040 1214 sumuS,
2059 1135 2113 1202 Dei
2131 1135 2327 1220 agricultura
2341 1137 2432 1214 astla,

1481 1241 1536 1308 Dei
1567 1243 1739 1310 aedificatio
1772 1243 1846 1310 estis
1867 1271 1899 1308 ε.
1929 1243 2038 1310 Omnis
2073 1241 2187 1328 igitur,
2213 1241 2266 1326 qui
2289 1241 2436 1326 proponit

1482 1349 1522 1414 ad
1544 1347 1668 1416 culmen
1700 1349 1828 1418 virtutis
1853 1351 2037 1428 ascendere,
2062 1349 2112 1414 laic
2143 1347 2211 1416 vult
2237 1353 2357 1416 turrem
2386 1365 2435 1412 ae-

1479 1453 1615 1522 didicere.

1568 1565 1619 1628 58.
1652 1562 1791 1628 Secundo
1827 1569 1979 1648 quantum
2015 1561 2051 1628 ad
2084 1559 2308 1646 provisionem
2342 1557 2433 1646 suffi-
2453 1565 2581 1612 Secundam·
2615 1565 2619 1572 '

1479 1665 1594 1730 cientis
1614 1667 1772 1752 stipendii
1792 1667 1914 1732 subdit:
1940 1667 2053 1732 Nonne
2066 1667 2079 1706 ⁹
2092 1667 2195 1750 prius
2210 1669 2324 1734 serietas
2345 1685 2429 1732 coav-

1476 1777 1575 1856 putut
1597 1777 1769 1856 scampina,
1792 1771 1852 1856 ptri
1878 1771 2058 1836 necessarii
2074 1779 2169 1850 suaet,
2195 1773 2226 1838 si
2248 1773 2364 1838 tutent
2389 1773 2433 1838 ud

1475 1873 1737 1958 perficiendum?
1765 1877 1879 1940 Sedere
1902 1875 1978 1942 illud
2003 1883 2049 1940 θεῖ
2075 1877 2274 1946 considerare
2295 1879 2380 1946 intra
2400 1895 2432 1946 εθ

1480 1985 1600 2046 εθθεθῖθ
1615 1979 1822 2046 conscientiae
1839 1997 1929 2058 suae;
1949 1981 2148 2046 Threnorum
2171 1983 2280 2048 tertio:
2309 2009 2326 2042 ε
2342 1985 2433 2050 Sede-

1478 2085 1525 2150 lait
1547 2085 1706 2150 solitarius
1728 2093 1759 2152 et
1783 2083 1938 2150 tacebit».
1967 2083 2165 2168 Computure
2180 2093 2227 2150 est
2250 2087 2432 2170 praevidere

1478 2207 1536 2274 per
1547 2189 1709 2256 sollicitam
1721 2189 2013 2270 considerationem
2028 2189 2109 2256 raude
2123 2189 2279 2256 Glossa10:
2294 2217 2309 2250 ε
2324 2191 2431 2276 Omne,

1479 2295 1561 2380 quod
1586 2297 1722 2380 agimus,
1745 2297 1929 2380 praevenire
1946 2313 2001 2382 per
2020 2297 2157 2362 studium
2176 2297 2432 2366 covrsideratiouis

1478 2401 1627 2470 debemus
1644 2429 1673 2468 s.
1700 2405 1734 2468 ut
1770 2404 1829 2468 hoc
1858 2407 1906 2468 θεῖ
1940 2401 2025 2486 θεθεῖ
2048 2399 2164 2468 dicitur
2189 2399 2430 2470 proverbiorum

1478 2515 1608 2594 quarto:
1639 2535 1655 2568 «
1670 2507 1761 2576 Oculi
1785 2509 1830 2574 tui
1856 2507 1978 2576 videant
1994 2513 2094 2588 recta,
2112 2515 2145 2576 et
2171 2507 2339 2592 palpebrae
2358 2517 2431 2576 tuae

1478 2615 1665 2700 praecedant
1686 2633 1814 2702 gressus
1838 2621 1909 2682 tuos
1924 2643 1956 2680 ε.
1981 2615 2142 2700 Sumptus
2164 2621 2271 2680 autern
2286 2635 2430 2684 necessu-

1479 2719 1528 2786 rii
1558 2725 1633 2786 sum
1664 2719 1854 2786 sufficientes
1889 2725 2019 2787 conatus
2051 2721 2180 2800 mentis,
2210 2721 2326 2804 quibus
2354 2723 2430 2806 ‘quis

1479 2831 1666 2912 cooperatur
1688 2825 1806 2912 gratiae
1831 2825 1943 2892 Christi
1973 2825 2133 2906 uiriliter,
2158 2829 2331 2894 secuudum
2353 2827 2430 2896 illud
2451 2835 2570 2942 ggpprppgj

1478 2933 1591 3000 Psalmi
1604 2935 1647 2998 11:
1683 2959 1699 2992 ε
1716 2931 1854 2998 Viriliter
1884 2933 1981 3018 agite,
2015 2939 2045 2998 et
2077 2933 2271 3000 contortam
2300 2953 2354 3002 cor
2379 2953 2430 3004 ve·
2447 2941 2579 2996 vualda·

1478 3047 1592 3122 strum,
1607 3059 1725 3120 omnes,
1740 3039 1794 3124 qui
1808 3039 1941 3126 speratis
1958 3041 1987 3104 lu
2006 3041 2136 3104 Domino
2149 3065 2178 3118 »;
2196 3039 2331 3122 utiliter,
2348 3043 2430 3110 unde

1478 3147 1598 3230 primae
1619 3147 1659 3212 ad
1682 3145 1857 3212 Corinthios
1881 3147 1990 3212 tertio:
2023 3147 2082 3210 «Si
2106 3145 2178 3230 θεῖε
2201 3151 2302 3214 aulem
2322 3167 2430 3232 super-

1478 3251 1686 3320 aedificaverit
1715 3269 1808 3336 super
1826 3251 2064 3320 laudamentum
2082 3251 2142 3320 hoe
2163 3269 2295 3332 aurum,
2321 3273 2432 3338 argen-

1478 3365 1545 3424 tum
1570 3365 1607 3426 et
1632 3359 1748 3442 lapides
1779 3357 1931 3440 pretiosos
1949 3385 1964 3416 ε
1991 3365 2066 3436 θῖθ.;
2091 3359 2283 3446 efficacium
2306 3361 2346 3428 ad
2377 3365 2431 3430 lle-

1478 3466 1590 3531 braeos
1612 3463 1796 3530 duodecimo
1810 3465 1853 3528 ¹2:
1885 3463 2040 3542 «Videte,
2064 3467 2191 3548 nequis
2214 3465 2291 3534 desit
2315 3469 2432 3554 gratias

1478 3569 1564 3638 Deis
1601 3575 1676 3648 etc.;
1710 3579 1977 3654 perseuerantem
2009 3569 2092 3636 tertii
2129 3573 2245 3656 Regum
2281 3571 2430 3660 septimo:

1483 3697 1498 3730 ε
1516 3673 1647 3740 Perfecit
1668 3691 1758 3740 ouvue
1775 3691 1867 3758 opus,
1886 3675 1969 3760 quod
1983 3675 2114 3742 iaciebat
2132 3677 2275 3742 Salomon
2291 3677 2324 3744 iu
2340 3677 2431 3748 domo

1479 3779 1600 3844 Domini
1616 3805 1648 3842 s.
1667 3817 1707 3826 —-
1724 3779 1785 3844 llac
1806 3779 2020 3848 aedificatione
2042 3779 2194 3862 perlecta,
2212 3783 2361 3848 Dominus
2378 3805 2431 3872 ap·
2454 3787 2582 3830 Vtendum·

1478 3887 1567 3966 paret
1584 3881 1636 3948 ad
1667 3881 1888 3962 habitandum
1921 3883 2002 3950 tande
2034 3885 2114 3950 tertii
2142 3887 2259 3970 Regum
2290 3891 2451 3976 nouo¹³a

1484 4013 1500 4046 «
1517 3989 1643 4054 Factum
1672 3995 1735 4068 est,
1769 4007 1840 4054 cum
1870 3989 2050 4082 perfecisset
2084 3991 2224 4058 Salomon
2253 3993 2427 4062 aedilicium

1478 4091 1591 4158 domus
1621 4093 1741 4160 Domini
1775 4099 1804 4160 et
1836 4095 2012 4160 aedilicium
2043 4095 2124 4180 regis
2156 4103 2187 4162 et
2211 4115 2319 4176 omtve,
2347 4103 2429 4180 quod

1478 4205 1654 4282 optaverat,
1676 4199 1824 4286 apparuit
1847 4199 1873 4266 ei
1898 4199 2047 4268 Dominus
2063 4227 2093 4266 ε.
2119 4201 2153 4266 Ηῖ
2169 4201 2268 4286 igitur
2284 4211 2430 4286 sumptus

1479 4305 1668 4372 sullicieutes
1691 4307 1729 4372 ad
1751 4305 1978 4390 perficiendum
2011 4307 2184 4374 consistunt
2209 4307 2239 4370 in
2273 4313 2430 4392 proposito

1479 4409 1790 4496 voluntatisageulis
1825 4411 1984 4490 uiritim,
2023 4413 2165 4492 utiliter,
2199 4411 2371 4500 efficaciter
2402 4427 2432 4484 et

1475 4505 1732 4602 perseueranter.
1757 4517 1815 4584 Secl
1839 4517 1863 4584 si
1888 4517 2088 4604 quidamst,
2111 4517 2265 4586 Dominus
2287 4521 2427 4604 supplet;

1478 4623 1560 4688 uude
1592 4621 1629 4688 ad
1663 4623 1875 4706 Philippenses
1907 4625 2101 4694 secund014:
2141 4651 2156 4682 «
2171 4623 2256 4688 Deus
2279 4631 2343 4704 est,
2376 4631 2427 4712 qui

2568 1853 2587 1884 ἡ

1412 4749 1414 4756 ·
1478 4733 1626 4814 operatur
1651 4729 1680 4796 in
1714 4727 1801 4796 nohis
1834 4729 1911 4796 velle
1942 4735 1974 4796 et
1996 4729 2150 4814 perficere
2179 4747 2238 4814 pro
2274 4732 2354 4796 hona
2378 4751 2429 4800 vo·
2538 4727 2540 4730 ’

1479 4835 1599 4902 luntate
1613 4861 1645 4900 u.
1669 4835 1728 4918 Qui
1751 4835 1820 4902 vult
1844 4853 1918 4922 ergo
1946 4853 2027 4920 opus
2055 4835 2155 4902 altum
2178 4835 2316 4922 incipere
2339 4835 2430 4912 debet

1478 4943 1674 5026 praevidere,
1700 4943 1725 5008 si
1748 4941 1823 5008 velit
1853 4957 2074 5024 perseverare;
2099 4941 2190 5024 unia,
2213 4939 2292 5008 sicut
2316 4939 2430 5010 dicitur

1479 5065 1575 5132 supra
1593 5065 1683 5126 norro,
1708 5075 1722 5106 ε
1734 5065 1827 5114 nemo
1844 5047 1968 5114 mittens
1984 5065 2110 5114 mauram
2129 5045 2168 5114 ad
2183 5051 2353 5114 aratrum»
2370 5057 2427 5116 etc.

1478 5493 1626 5556 columnas,
1647 5491 1724 5542 idest
1742 5495 1794 5540 tres
1812 5489 1920 5540 virtutes
1939 5489 2097 5552 theologicas
2108 5491 2135 5540 et
2147 5493 2260 5554 θεεθῖεοε
2277 5487 2430 5540 cardinales.

1478 5579 1544 5630 Vide
1560 5579 1599 5630 lll.
1624 5579 1691 5630 Seut.
1719 5579 1743 5630 d.
1765 5579 1806 5630 33.
1827 5593 1851 5644 θ.
1876 5579 1896 5628 l.
1916 5581 1940 5626 et
1960 5577 1984 5628 d.
2005 5577 2045 5628 3d.
2067 5591 2093 5640 p.
2112 5577 2130 5626 l.
2150 5591 2171 5626 θ.
2193 5575 2218 5628 l.
2235 5589 2262 5642 q.
2282 5579 2307 5630 2.
2329 5601 2362 5614 -
2382 5579 2430 5630 Su·

1477 5667 1565 5730 perias
1585 5679 1632 5730 pro
1652 5663 1775 5732 eripotur
1793 5663 1811 5716 C
1826 5667 1846 5716 G
1864 5663 1987 5732 triplico.

1547 5749 1557 5780 ⁸
1580 5753 1652 5804 Vers.
1670 5753 1696 5804 ll.

1546 5837 1557 5868 ⁹
1577 5843 1610 5892 lta
1629 5839 1706 5892 etiam
1726 5841 1809 5900 Βθεῖθ,
1830 5837 1905 5892 Carrl.
1923 5839 2014 5906 llugo,
2033 5839 2061 5890 D.
2081 5837 2190 5900 albert,
2212 5839 2235 5888 S.
2256 5841 2349 5890 Thont.
2363 5837 2429 5906 (Cat.

1476 5941 1553 5980 aurea
1573 5929 1598 5978 ln
1617 5927 1678 5978 Luc.
1701 5939 1723 5980 θ,
1743 5927 1786 5978 lt.
1803 5941 1830 5978 n.
1850 5927 1884 5992 6.)
1900 5931 1923 5978 θῖ
1936 5929 2066 5992 tyrannm
2082 5927 2138 5978 Vat.
2153 5939 2213 5978 cum
2226 5927 2337 5990 Vulgata
2356 5927 2427 5982 Noc.

1475 6045 1510 6057 -
1530 6015 1652 6080 Serpvltur
1670 6015 1766 6066 Tlvren.
1781 6017 1809 6078 3,
1824 6017 1865 6066 28.
1879 6041 1914 6052 -
1926 6015 2015 6066 Glossa
2030 6011 2229 6068 interlinearis:
2243 6013 2340 6068 Nouate
2348 6011 2428 6080 prius

1475 6101 1737 6168 srdetrs‚·quleseens
1756 6117 1770 6152 θ
1790 6101 1944 6152 turnultlbus
1964 6101 2064 6154 vrvundi.

1546 6187 1568 6218 ¹⁰
1589 6191 1688 6242 Scilicet
1707 6187 1887 6242 intmiiaeoris
1907 6191 1946 6256 (eu
1972 6181 2141 6254 Gregor.,'tl.
2154 6245 2155 6248 Ἴ
2168 6189 2263 6242 Ηοεεῖῖ.
2282 6191 2307 6242 in
2327 6191 2426 6254 Enung.

1476 6279 1563 6330 homil.
1583 6277 1624 6330 at.
1645 6293 1671 6328 u.
1689 6279 1721 6340 6,
1738 6291 1818 6344 quma
1838 6279 1955 6344 sequitur
1973 6277 2052 6344 Beda)
2073 6279 2097 6328 iu
2118 6279 2178 6328 Luc.
2201 6275 2247 6340 lt,
2263 6281 2303 6330 28.
2317 6305 2352 6318 -·
2366 6275 2428 6330 Sub·

1476 6365 1537 6418 inde
1555 6367 1679 6428 allegatur
1699 6365 1776 6416 Prov.
1796 6365 1825 6428 l,
1846 6367 1888 6416 25.

1547 6449 1566 6480 ¹¹
1589 6455 1681 6506 Psalm.
1703 6453 1749 6518 30,
1772 6455 1812 6506 25.
1833 6455 1891 6506 Vel.
1909 6453 2001 6518 allegat
2015 6455 2052 6506 Ρε.
2069 6455 2114 6520 26,
2135 6455 2179 6506 lt:
2197 6451 2316 6510 Virilitrt·
2329 6469 2393 6524 opo,
2405 6455 2430 6506 tt

1476 6539 1641 6608 corrsortetur
1661 6553 1709 6596 cor
1726 6545 1803 6596 ῖεεεεεεε
1822 6549 1869 6594 θῖθ.
1891 6571 1923 6578 -
1943 6539 2058 6594 Subinde
2079 6545 2204 6608 allegatur
2222 6545 2238 6596 l.
2258 6543 2317 6598 Cor.
2337 6545 2366 6610 3,
2388 6545 2428 6596 12.

1547 6625 1567 6656 ¹²
1589 6629 1663 6682 Vers.
1683 6631 1692 6680 l
1701 6633 1725 6684 5.
1743 6637 1769 6684 et
1787 6631 1882 6684 deiude
1902 6632 1938 6684 lll.
1958 6635 2022 6698 lleg.
2040 6631 2070 6694 7,
2090 6635 2132 6686 51.

1547 6713 1568 6746 ¹⁵
1591 6721 1663 6772 Vera.
1682 6721 1708 6774 l.
1727 6727 1750 6772 at
1772 6723 1794 6772 2.
1811 6723 1944 6786 -Supra
1965 6719 2074 6776 CDFG
2093 6723 2150 6778 lloc
2166 6719 2285 6794 aedificio
2300 6723 2427 6794 perfecto.

1547 6803 1569 6836 ¹⁴
1589 6809 1662 6862 Vers.
1682 6809 1721 6862 l3.
1739 6839 1775 6850 -
1795 6809 1916 6878 Sequitur
1934 6813 1995 6866 vac.
2017 6813 2045 6874 9,
2065 6813 2108 6864 62.

2253 6921 2319 7006 Ι58
