5908 8266
318 1655 447 1702 Notandum.

224 3189 225 3192 =
303 3167 455 3220 Placatapprc·

309 3219 378 3262 bando
392 3219 453 3260 mise*

308 3269 430 3314 ricordtem.

474 527 538 588 toa
567 505 568 508 ‘

474 697 540 764 sive
565 695 699 772 Paulas,
731 695 796 764 sive
826 695 951 782 Apollo,
976 695 1041 764 sire
1064 697 1260 782 praesentia,
1284 697 1350 764 siue
1379 697 1429 762 l-

474 809 554 866 tura.
580 799 689 866 Omnia
714 809 816 868 restra
842 807 931 878 sunt,
958 807 1143 866 vosautem
1172 801 1308 880 Christi,
1340 799 1428 866 Chri·

474 907 542 968 stus
562 907 668 968 autem
690 901 744 968 Dei
762 927 794 980 >›;
826 903 918 988 qtria,
950 905 1032 970 sicut
1060 903 1177 970 dicitnr
1206 903 1244 970 ad
1277 905 1428 970 Romanos

473 1011 599 1086 octavo,
626 1031 644 1064 «
661 1007 714 1092 qui
743 1007 873 1092 proprio
905 1007 979 1076 Filio
1001 1027 1062 1074 non
1095 1009 1253 1094 pepercit,
1285 1009 1341 1076 sed
1369 1025 1428 1094 pro

433 1205 434 1208 Ἴ
473 1115 561 1180 nohis
596 1115 739 1182 omnihus
777 1115 903 1182 tradidit
935 1133 1028 1194 eum,
1058 1115 1217 1202 quomodo
1246 1133 1309 1180 non
1335 1113 1427 1180 etiam

473 1237 544 1286 curn
567 1217 620 1284 illo
644 1219 746 1286 omnia
771 1219 860 1286 nobis
890 1219 1017 1286 donauit
1032 1229 1069 1286 »t
1101 1221 1175 1286 Vult
1208 1239 1284 1304 ergo
1304 1221 1426 1300 dicere,

473 1323 572 1408 quod,
599 1323 670 1390 licet
692 1341 805 1410 magna
838 1343 900 1392 non
928 1325 1091 1404 ostendat,
1112 1329 1218 1392 tamen
1240 1343 1354 1410 magna
1377 1343 1427 1390 re·

473 1435 594 1508 servat,
617 1429 791 1496 secundum
816 1431 897 1498 illud
923 1431 1017 1496 Isaiae
1048 1429 1242 1514 sexagesimo
1268 1433 1425 1514 quarto1:

477 1563 491 1592 α
506 1535 624 1602 Oculus
649 1553 711 1602 non
741 1537 838 1616 vidit,
867 1537 971 1618 neus,
1001 1535 1120 1622 absque
1155 1543 1200 1616 te,
1231 1553 1312 1622 quae
1337 1553 1426 1622 prae-

470 1641 585 1726 parasti
617 1641 873 1724 exspectantibus
905 1649 933 1712 te
959 1669 989 1708 ».
1022 1643 1133 1708 Omnia
1164 1659 1239 1728 ergo
1271 1643 1425 1708 sunt-uiri

470 1747 560 1826 iusti,
585 1747 633 1814 uel
659 1747 687 1814 in
714 1763 766 1826 re,
791 1749 849 1816 relw
866 1749 901 1814 in
930 1765 994 1834 spe.
1028 1749 1103 1814 Nam
1135 1765 1208 1814 cum
1238 1747 1300 1814 sint
1332 1767 1425 1834 quae

470 1853 540 1920 dam
568 1853 766 1940 seperiora,
799 1853 953 1940 quaedam
978 1853 1164 1942 iuferiora,
1186 1855 1341 1940 quaedam
1362 1875 1427 1942 pa·

470 1959 525 2036 ria
538 1983 549 2036 ;
570 1959 748 2044 superiora
773 1967 848 2028 suut
869 1961 927 2028 viri
953 1961 1027 2028 iusti
1050 1961 1090 2028 ad
1112 1959 1320 2048 fraenatam·
1345 1963 1425 2030 Psal-

470 2067 587 2134 mnsl:
617 2091 632 2124 (ι
655 2067 738 2134 Deus
773 2069 873 2142 cordis
905 2069 965 2134 mei
999 2075 1032 2134 et
1062 2087 1137 2156 pars
1172 2087 1241 2136 mea
1276 2069 1359 2136 Dens
1394 2069 1424 2136 in

468 2179 630 2240 aeternum
649 2201 678 2240 υ.
702 2173 885 2262 aequalia,
912 2173 1015 2264 hugeli
1041 2177 1174 2256 scilicet,
1198 2175 1273 2242 iusti
1296 2175 1422 2242 suntad

470 2279 764 2366 catalaunorum
789 2281 825 2348 ad
851 2283 1005 2350 Hebraeos
1029 2283 1152 2370 primo:
1180 2311 1195 2342 a
1213 2281 1328 2350 Omnes
1351 2289 1424 2348 sunt

468 2387 723 2454 administratorii
752 2389 903 2476 spiritus
932 2387 967 2456 in
995 2389 1206 2458 ministerium
1238 2389 1323 2456 missi
1351 2407 1423 2474 pro-

470 2499 538 2578 pter
560 2511 614 2562 ees
635 2495 689 2580 qui
716 2495 920 2564 hereditatem
935 2495 1058 2582 capient
1074 2495 1183 2564 salutis
1199 2523 1230 2560 ».
1252 2493 1423 2580 [iuferiora

469 2603 543 2667 iusti
566 2609 639 2666 sunt
665 2601 702 2668 ad
735 2605 893 2670 utendam
918 2607 948 2668 et
972 2601 1236 2678 dorrtiraumdam;
1262 2598 1422 2666 Psalmus:

474 2707 584 2792 «Quid
609 2707 789 2788 esthemo,
812 2707 898 2792 quod
929 2725 1051 2774 memor
1082 2725 1115 2774 es
1147 2707 1232 2786 eius,
1259 2711 1314 2772 aut
1339 2703 1422 2770 lilius

469 2813 618 2892 hominis,
641 2813 789 2898 quoniam
812 2813 921 2880 visitas
942 2831 1015 2878 curn
1035 2819 1071 2876 »t
1094 2837 1110 2868 «
1126 2811 1239 2876 Omnia
1262 2809 1421 2876 subiecisti

467 2917 526 2984 sub
551 2917 681 3002 pedihus
704 2915 804 2982 eins»
833 2923 891 2982 etc.
919 2915 952 2981 Et
977 2915 1007 2978 in
1033 2917 1093 2982 hoc
1114 2919 1244 2998 apparet
1264 2913 1347 2978 mira
1367 2933 1422 2996 pa-

468 3021 523 3086 tris
549 3021 771 3086 benevolentia.

556 3127 609 3190 aa.
632 3125 735 3208 (Vers.
758 3125 836 3208 32),
863 3127 966 3192 Placet
995 3125 1089 3192 etiam
1118 3123 1338 3210 approbando
1360 3125 1422 3190 im-

461 3249 603 3318 pensam
632 3229 922 3312 aurisericordc'am,
953 3249 1026 3298 cum
1057 3231 1239 3318 subiungit:
1279 3231 1423 3318 Epulum

1034 521 1227 588 colluatur.
1252 521 1290 590 IN
1312 517 1550 590 uttueattutt
1574 515 1692 584 thole
1715 515 1747 584 C.
1771 513 1845 584 XVI.

1493 701 1602 764 autem
1639 693 1804 780 oportebat
1838 699 1868 758 et
1895 689 2061 780 paudere,
2091 689 2220 758 caritate
2246 689 2363 758 scilicet
2393 707 2450 756 ur-

1491 807 1601 886 gente,
1625 801 1701 888 quia
1722 801 1837 866 caritas
1858 803 1906 866 est
1928 815 2011 884 quae
2033 797 2115 884 cogit
2138 797 2176 866 de
2201 797 2280 886 hono
2300 797 2448 886 gaudere.

1491 905 1579 974 Unde
1612 905 1777 992 Apostolus
1811 903 1965 972 secundae
2000 895 2037 972 ad
2074 903 2251 970 Corinthios
2287 905 2447 992 quintoP:

1496 1037 1514 1070 «
1529 1011 1599 1084 Siue
1622 1019 1726 1078 mente
1749 1009 1932 1078 excedimus
1955 1009 2035 1090 Deo,
2061 1009 2127 1076 siue
2150 1007 2245 1076 sobrii
2263 1029 2374 1078 sumus
2394 1029 2450 1078 uo-

1490 1115 1548 1184 bis.
1574 1115 1694 1184 Caritas
1716 1115 1798 1182 enim
1824 1115 1938 1184 Christi
1962 1121 2055 1202 urget
2079 1133 2136 1184 nos
2151 1139 2185 1182 ».Ὶ
2208 1115 2244 1183 Et
2267 1117 2346 1186 sicut
2368 1117 2449 1186 cari-

1490 1223 1563 1288 tatis
1587 1229 1635 1288 est
1657 1223 1717 1286 ari
1736 1221 1776 1288 de
1797 1221 1900 1290 alieno
1922 1223 2084 1302 scandale,
2107 1223 2280 1290 secundnm
2305 1223 2383 1290 illud
2397 1241 2448 1292 se-

1490 1325 1610 1390 cundae
1626 1325 1664 1390 ad
1680 1323 1857 1390 Corinthios
1874 1325 2061 1394 undecimo:
2083 1349 2097 1384 a
2114 1311 2192 1410 Quis
2207 1327 2447 1408 scandalizatur,

1490 1439 1523 1496 et
1551 1447 1609 1514 ego
1641 1449 1704 1496 non
1730 1447 1810 1496 uror
1826 1435 1863 1494 »l
1889 1431 1931 1498 sic
1956 1431 2079 1500 laetari
2096 1441 2128 1500 et
2153 1431 2248 1520 refici
2275 1433 2316 1502 de
2344 1433 2448 1502 alieno

1490 1533 1639 1602 remedio.
1653 1571 1695 1584 -
1709 1535 1779 1600 ldeo
1789 1535 1861 1602 dicit
1874 1559 1883 1600 ε
1902 1535 1989 1618 Qraia
2004 1535 2112 1622 frater
2131 1547 2213 1604 triac·
2223 1535 2277 1606 hic
2291 1547 2448 1606 auertitur
2463 1559 2526 1604 aare

1488 1641 1631 1730 sacrate
1655 1649 1683 1708 et
1707 1641 1844 1720 reeicit,
1871 1643 2021 1728 perierat
2041 1651 2071 1708 et
2094 1643 2245 1730 inuectus
2268 1655 2333 1726 est;
2355 1665 2446 1712 caor-

1490 1757 1569 1816 taae
1592 1745 1722 1836 facerat,
1745 1749 1919 1814 deserendo
1947 1745 2136 1830 Christum,
2158 1751 2213 1836 qui
2236 1751 2275 1820 de
2307 1773 2340 1822 se
2370 1753 2446 1820 dicit

1489 1855 1611 1922 loannis
1634 1855 1755 1922 decimo
1779 1855 1939 1942 quarto⁵:
1969 1879 1984 1912 c
2002 1855 2063 1940 Ego
2087 1873 2157 1922 sum
2182 1859 2250 1936 via,
2273 1861 2391 1926 ironicas
2411 1865 2445 1924 et

1488 1965 1552 2030 vita
1569 1985 1599 2042 »;
1623 1969 1655 2028 et
1676 1961 1801 2048 primo:
1834 1961 1934 2028 «Vita
1958 1967 2025 2028 erat
2047 1961 2103 2026 lux
2129 1961 2288 2030 hominum
2307 1991 2337 2030 ».
2362 1967 2445 2030 Pcr-

1488 2067 1593 2148 ierat,
1617 2069 1764 2136 amando
1784 2077 1974 2154 peccatam,
2000 2065 2088 2154 quia,
2112 2067 2318 2136 Ecclesiastici
2333 2069 2445 2148 tertio,

1493 2201 1511 2234 <c
1526 2173 1581 2260 qui
1602 2181 1686 2240 amat
1710 2175 1887 2260 periculum
1917 2173 2033 2260 peribit
2054 2173 2087 2240 iu
2109 2171 2162 2240 illo
2177 2201 2210 2240 a.
2230 2175 2362 2242 aecana
2388 2195 2445 2240 au-

1487 2285 1565 2360 tem,
1591 2281 1756 2348 rerlcttmlo
1781 2283 1827 2348 ad
1851 2279 1975 2348 Christi
1994 2283 2168 2366 prutiam;
2195 2279 2316 2348 loannis
2345 2279 2445 2348 unde-

1487 2389 1593 2456 cimo:
1620 2413 1637 2448 ιι
1654 2389 1716 2474 ligo
1746 2407 1817 2456 sum
1847 2389 2039 2456 resurrectio
2060 2393 2092 2456 et
2114 2387 2177 2454 vita
2196 2415 2211 2448 a
2237 2395 2295 2456 etc.
2324 2391 2361 2456 m
2393 2387 2445 2454 ia-

1487 2503 1603 2560 center
1625 2505 1690 2574 est,
1717 2495 1881 2562 redamate
1905 2495 1953 2560 aa
1969 2495 2223 2580 poeaitentiam,
2249 2495 2331 2564 sicut
2345 2513 2444 2582 supra

1460 2587 1464 2594 ’
1487 2601 1620 2666 εοεεῐε6
1646 2601 1772 2666 inventa
1793 2599 1853 2666 luit
1876 2599 2026 2678 ovicula,
2045 2599 2171 2666 inuenta
2189 2601 2280 2668 etiam
2296 2601 2355 2668 luit
2372 2619 2444 2686 per-

1486 2705 1550 2773 dita
1573 2703 1746 2772 drachma.
1766 2707 1800 2770 Et
1817 2705 1887 2772 ideo
1903 2705 2036 2788 apertori
2049 2705 2219 2788 oportebat
2232 2715 2265 2772 et
2276 2707 2444 2792 paudere,

1485 2811 1578 2894 quia,
1602 2809 1683 2876 sicut
1708 2827 1802 2892 supra
1826 2809 1944 2874 dictum
1963 2813 2010 2874 est
2025 2809 2133 2876 eodem
2149 2809 2175 2886 ⁷,
2199 2835 2214 2864 a
2228 2811 2380 2894 gaudium
2396 2819 2445 2876 est

1486 2915 1608 2998 angelis
1618 2913 1672 2980 Dei
1686 2931 1784 2996 super
1794 2931 1859 2978 uno
1871 2921 2034 2996 peccatore
2049 2913 2271 2996 poenitentiam
2287 2921 2398 3002 agente
2409 2941 2443 2994 »,
2474 3001 2476 3004 Ι

1484 3017 1635 3106 gaudium
1659 3017 1750 3086 etiam
1769 3017 1883 3104 pastori
1901 3019 1938 3086 de
1955 3035 2031 3098 cre,
2046 3019 2195 3104 gaudium
2213 3017 2354 3088 similiter
2370 3039 2444 3086 mu·
2469 3005 2470 3008 ’

1484 3125 1552 3194 lieri
1577 3125 1614 3192 de
1638 3125 1804 3192 drachma:
1831 3143 1905 3212 ergo
1928 3125 2028 3192 multo
2042 3125 2156 3192 fortius
2177 3125 2328 3210 gaudium
2349 3125 2444 3194 dehet

1484 3251 1551 3300 esse
1575 3231 1665 3298 fratri
1687 3231 1726 3296 de
1748 3231 1847 3298 fratre
1869 3249 1927 3298 suo
1952 3237 1982 3298 et
2005 3231 2087 3318 patri
2113 3233 2154 3300 de
2180 3231 2244 3296 lilio
2270 3233 2442 3300 reinventa.

1322 3551 1505 3620 Canrruuuu
1531 3551 1612 3616 tlttt

497 3859 684 3926 Commendatio
701 3869 730 3922 et
746 3867 878 3938 persuasio
896 3869 1006 3940 pietatis
1025 3871 1152 3926 humente
1170 3869 1332 3926 describitur
1351 3887 1395 3942 per

608 3955 755 4012 documenta
773 3959 801 4014 et
818 3959 934 4038 exempla
951 3959 1101 4028 parabolice
1119 3959 1200 4030 quoad
1220 3959 1278 4014 duo.

557 4191 582 4252 t.
608 4187 744 4254 Dicebat
771 4197 882 4254 autem
912 4195 939 4256 et
971 4189 1016 4256 ad
1047 4187 1228 4274 discipulos
1253 4207 1335 4254 sacr
1361 4193 1420 4256 etc.

466 4295 535 4360 Post
557 4293 792 4378 expressionem
821 4293 992 4380 impietatis
1019 4293 1162 4362 iudaicae
1184 4301 1215 4362 et
1237 4293 1421 4362 notificatio-

464 4417 537 4466 nem
566 4399 689 4484 pietatis
723 4397 846 4466 divinae
866 4397 1114 4466 'subintroducit
1144 4399 1194 4466 hic
1229 4399 1422 4484 Euangelista

462 4505 774 4574 commendationem
801 4517 828 4574 ct
858 4505 1108 4592 persecutionem
1134 4507 1269 4592 pictatis
1301 4505 1420 4574 hama-

354 4625 442 4674 nanu.
460 4631 524 4678 mae
537 4613 561 4680 ⁸.
577 4613 615 4678 Et
629 4611 781 4678 dividitur
797 4631 871 4700 pars
884 4613 944 4680 ista
960 4613 993 4680 in
1007 4613 1097 4680 duas.
1115 4613 1146 4678 ln
1165 4631 1302 4700 quarum
1316 4613 1420 4698 prima

459 4717 671 4806 persuadetur
692 4717 767 4802 ipsis
791 4721 951 4804 discipulis
975 4737 1032 4806 per
1055 4719 1170 4786 Christi
1185 4719 1372 4786 documenta
1387 4727 1421 4786 et

461 4841 517 4910 per
542 4822 687 4908 exempla
707 4825 885 4908 parabolica
909 4825 1008 4910 pietas
1031 4825 1171 4892 humana
1191 4832 1349 4910 quantum
1378 4825 1419 4892 ad

402 4995 405 5000 ,
460 4949 563 5016 opera
585 4931 777 5016 corporalia
790 4957 802 5010 ;
824 4931 857 4998 in
879 4931 1035 5010 secunda,
1065 4937 1220 5016 quantum
1250 4931 1290 4998 ad
1316 4931 1419 5016 spiri-

461 5033 587 5114 taatia,
621 5035 700 5102 infra
732 5035 852 5102 decimo
882 5035 1063 5120 septimo³:
1092 5039 1129 5100 m
1160 5033 1205 5100 ad
1237 5033 1419 5118 discipulos

459 5159 538 5206 arcos
563 5141 611 5206 cit
633 5147 692 5206 etc.

531 5573 541 5606 ¹
565 5577 636 5628 Pers.
656 5575 681 5626 lr.
701 5573 753 5628 Clr.
772 5577 867 5630 l.'Cor.
886 5579 918 5640 2,
938 5577 961 5628 P.

531 5663 543 5694 ²
564 5665 654 5718 Psalm.
676 5663 724 5726 te,
746 5667 786 5718 26.
807 5693 840 5706 —
861 5667 926 5718 Tres
944 5681 1016 5732 sequ.
1037 5665 1084 5718 toci
1106 5671 1167 5718 stant
1184 5665 1262 5718 Hehr.
1278 5665 1303 5730 t,
1317 5665 1420 5732 ames.

461 5755 494 5818 8,
512 5753 537 5806 5.
557 5759 581 5806 et
600 5755 626 5806 8.
643 5783 678 5792 -
697 5753 787 5806 tilossa
807 5753 1011 5822 ordinariatex
1029 5755 1098 5806 Beda
1111 5775 1117 5820 5
1130 5757 1179 5808 clr.
1190 5757 1314 5820 August,
1328 5755 1357 5806 ll.
1369 5755 1419 5822 Qu.

433 5897 435 5904 ,
459 5843 625 5908 Euangeliou.
643 5857 670 5908 q.
691 5843 732 5894 33.
752 5859 776 5896 n.
799 5843 850 5910 lli.)
872 5845 943 5910 apud
962 5847 1114 5910 Lyrcnum:
1133 5843 1233 5898 Orchia
1250 5857 1310 5898 meo
1328 5849 1377 5896 etc.
1391 5845 1419 5896 lu

459 5939 565 5988 aeterna
592 5933 753 5986 heatitudine
770 5941 798 5988 et
815 5933 934 5986 caninium
956 5935 1058 6000 singula
1076 5939 1104 5986 ot
1129 5929 1293 6000 singulorum
1320 5933 1420 5988 cronia.

459 6007 552 6074 Nostra
571 6029 631 6074 sunt
646 6023 790 6090 strperiora
810 6023 842 6076 ad
863 6023 1007 6076 videndum
1026 6023 1111 6092 [Beda
1123 6043 1129 6076 r
1140 6023 1299 6092 vivendum]
1310 6043 1316 6086 ;
1328 6027 1419 6074 nostra

460 6115 535 6164 eruant
554 6109 679 6178 aequalia
698 6111 731 6162 ad
751 6113 945 6164 connivendum
969 6111 1068 6180 [Bodez
1086 6111 1312 6176 convivendum);
1330 6115 1419 6164 nostra

460 6203 536 6252 eruut
556 6197 687 6266 iuferiora
704 6201 738 6252 ad
758 6201 959 6254 dominandum.
976 6201 1047 6254 Sicut
1060 6201 1129 6252 enim
1142 6201 1272 6266 cupiditas
1286 6199 1348 6252 nillil
1362 6201 1418 6252 sine

459 6287 592 6350 angustia,
625 6287 654 6338 ita
678 6287 739 6338 nihil
757 6303 817 6340 cum
836 6289 956 6354 angustia
977 6287 1070 6342 caritas
1088 6293 1166 6340 tenet.
1186 6317 1219 6326 -
1238 6289 1347 6340 Interius
1370 6301 1418 6352 pro

460 6373 559 6442 Anpeti
567 6371 675 6436 scilicet,
689 6373 754 6426 iusti
763 6379 828 6428 scrut
841 6377 898 6428 Vat.
911 6375 1011 6430 scilicet
1023 6375 1123 6444 ampeli
1133 6379 1158 6428 et
1169 6379 1236 6428 aaut
1246 6373 1330 6442 ipsias
1344 6375 1417 6428 iusti.

530 6455 541 6488 ³
562 6461 636 6512 Vers.
656 6461 699 6512 ta.
716 6467 744 6512 et
762 6463 805 6516 rt.
823 6463 884 6530 (pro
901 6465 955 6518 Dec
975 6465 1064 6528 plures
1081 6463 1158 6518 codd.
1173 6461 1267 6526 uobis).
1280 6491 1316 6504 ··-
1328 6465 1417 6530 Sequi·

462 6553 505 6602 tur
522 6549 551 6600 ll.
569 6547 630 6602 Cor.
647 6547 693 6610 ll,
710 6551 754 6602 29.

530 6633 594 6688 *lta
614 6635 692 6688 etiarn
716 6637 822 6692 Hieron.
849 6639 1083 6706 (operatorias
1105 6641 1164 6694 tte.
1184 6657 1209 6692 n.
1229 6641 1302 6710 38.);
1319 6645 1368 6696 etr.
1385 6645 1416 6698 B.

459 6723 558 6776 albert.
577 6729 600 6776 et
620 6725 767 6788 Gorrcnus;
798 6729 855 6780 Vat.
875 6735 900 6780 et
919 6727 1029 6792 Vulgata
1055 6735 1133 6796 erut‚·
1152 6731 1223 6784 idern
1243 6733 1356 6786 occurrit
1375 6749 1416 6786 su·

459 6821 509 6872 pra
526 6823 587 6872 pag.
608 6811 675 6872 398,
694 6817 755 6864 nota
773 6815 798 6866 6.

1504 3869 1605 3944 Primo,
1623 3869 1655 3926 de
1671 3869 1771 3940 pietate
1790 3869 1904 3924 humera
1921 3869 2001 3940 quoad
2023 3883 2097 3938 opere
2114 3867 2256 3940 corporalia
2275 3867 2427 3940 tripliciter.

1576 4085 1651 4150 Pars
1668 4085 1768 4168 prima
1786 4083 1921 4150 continet
1936 4099 2086 4166 praesens
2101 4081 2292 4168 capitulum,
2309 4083 2394 4168 quod
2409 4083 2441 4150 in

1487 4195 1551 4256 tres
1574 4195 1679 4272 partes
1702 4187 1916 4274 distinguitur.
1934 4187 1966 4254 ln
1982 4205 2118 4272 quarum
2138 4185 2237 4274 prima
2253 4187 2442 4276 proponitur

1486 4295 1669 4380 exemplam
1677 4295 1912 4380 parabolicam
1921 4295 2054 4380 pictatis
2068 4295 2287 4382 providae-ln
2304 4295 2449 4364 secunda.

1485 4399 1611 4468 elicitur
1625 4403 1857 4466 documentum
1871 4399 2003 4486 pietatis
2018 4397 2190 4488 perfectae,
2211 4385 2250 4484 ihi
2267 4407 2309 4470 ¹⁰:
2328 4403 2368 4468 at
2383 4421 2440 4490 epo

1484 4505 1557 4574 dico
1579 4505 1687 4574 cobis:
1715 4505 1826 4574 Facite
1849 4513 1908 4574 etc.
1923 4507 1957 4572 ln
1973 4505 2065 4574 tertia
2081 4505 2242 4592 subiungit
2258 4505 2442 4592 eceutplam

1484 4611 1664 4700 impietatis
1674 4613 1824 4698 patititur,
1843 4613 1904 4680 ibi:
1920 4613 2025 4678 Homo
2040 4611 2177 4702 puidam
2193 4625 2268 4682 erat
2279 4615 2367 4684 di'uea
2381 4618 2439 4682 etc.

1648 4839 1797 4910 Exemplum
1814 4839 1989 4910 parabolicum
2006 4839 2117 4910 pietatis
2136 4839 2267 4910 providae.

1569 5035 1660 5102 Circa
1681 5033 1865 5120 exemplam
1880 5033 1979 5120 igitur
1990 5033 2124 5118 pteram
2145 5033 2326 5118 providae,
2350 5037 2433 5120 quod

1483 5141 1670 5222 proponitur
1691 5141 1776 5206 circa
1799 5138 1956 5218 uillicum,
1980 5141 2035 5222 qui
2057 5139 2117 5204 luit
2141 5139 2178 5204 de
2203 5141 2291 5210 honis
2323 5141 2438 5208 domini

1553 5573 1563 5606 θ
1584 5579 1659 5630 Pers.
1672 5579 1695 5630 o.
1716 5607 1749 5616 -
1769 5575 1886 5630 Subinde
1906 5579 2049 5642 allegantur
2067 5579 2136 5630 loarr.
2158 5577 2179 5638 l,
2201 5577 2232 5642 l;
2252 5579 2329 5632 Eccli.
2348 5579 2378 5642 3,
2393 5579 2436 5630 at.

1483 5671 1507 5720 et
1527 5669 1593 5718 lceu.
1614 5667 1656 5732 tt,
1675 5665 1718 5718 25.
1738 5695 1770 5704 -—
1790 5667 1878 5720 Plures
1898 5665 1989 5728 codd„
2008 5669 2038 5716 ut
2054 5665 2151 5726 ACD,
2169 5663 2292 5720 omittunt
2309 5667 2384 5720 loca.
2407 5663 2436 5720 l:

1487 5753 1546 5808 Vita
1563 5757 1624 5808 crat
1641 5753 1692 5808 ica
1705 5753 1854 5808 homiuum.
1872 5751 2007 5818 Perierat,
2030 5751 2148 5806 autcario
2163 5755 2311 5820 peccatam.
2333 5753 2397 5808 Cod.
2416 5755 2437 5804 n

1483 5849 1568 5898 numm
1598 5843 1706 5896 interius
1730 5851 1790 5908 post
1809 5843 1864 5910 Epo
1882 5855 1945 5896 sum
1964 5841 2126 5896 resurrectio
2146 5843 2170 5894 et
2186 5839 2243 5894 edu
2262 5849 2327 5906 eta,
2347 5843 2435 5894 addit:

1481 5937 1549 5990 ltem
1562 5933 1696 6002 perierat,
1714 5949 1764 6004 per
1784 5931 1957 5988 occissionem
1976 5929 2112 5998 iristitiam
2130 5933 2153 5984 ll
2172 5929 2229 5996 (qui
2247 5933 2325 5984 etiam
2345 5933 2438 5984 omise-

1482 6029 1521 6076 rat
1541 6023 1620 6078 Eeeti.
1640 6021 1663 6078 5
1674 6041 1682 6076 :
1712 6023 1765 6088 Qui
1783 6023 1859 6076 amat
1871 6021 2028 6088 periculam
2045 6021 2105 6090 etc.)
2124 6019 2216 6072 addit:
2242 6017 2364 6074 Perierat
2385 6035 2437 6086 per

1482 6109 1557 6166 decrit
1575 6113 1704 6168 citiorum
1715 6131 1727 6180 ,·
1739 6109 1819 6166 Eccli.
1834 6107 1857 6164 5
1866 6127 1873 6164 :
1896 6109 1948 6176 Qui
1959 6109 2199 6178 amalpericulum
2216 6107 2314 6176 peribit
2333 6107 2360 6162 iu
2378 6107 2411 6162 ill
2429 6147 2436 6160 .

1553 6197 1660 6254 ‘Vera
1679 6201 1702 6254 5.
1724 6207 1749 6254 et
1766 6203 1793 6252 9.

1553 6285 1562 6318 ²
1580 6291 1657 6344 Vera.
1674 6289 1699 6342 7.
1719 6295 1745 6344 et
1763 6291 1814 6350 rc;
1833 6287 1929 6342 deinde
1946 6287 2085 6354 respicitur
2099 6303 2123 6340 v.
2143 6289 2168 6342 o.
2186 6289 2213 6338 ct
2231 6283 2255 6336 9.
2276 6311 2307 6322 -
2328 6285 2436 6336 luterins

1483 6393 1530 6444 pro
1549 6377 1685 6440 relucente
1703 6377 1816 6432 ACDH
1835 6377 1950 6432 trecento.

1553 6461 1633 6518 ⁸Clr.
1652 6479 1733 6530 supra
1751 6479 1773 6518 c.
1797 6467 1836 6518 tu.
1856 6481 1881 6518 n.
1905 6467 1929 6518 l.
1964 6483 1966 6486 ·

1552 6551 1656 6608 ⁹Vers.
1677 6555 1699 6606 t.
2179 6609 2180 6612 ,

1551 6639 1667 6696 ¹⁰·Vers.
1685 6643 1719 6710 P;
1746 6645 1819 6698 tertia
1849 6659 1910 6710 pars
1935 6645 2026 6710 incipit
2045 6661 2069 6698 v.
2096 6647 2134 6698 ta.
2154 6671 2188 6686 -
2208 6639 2334 6704 Superius
2353 6637 2434 6692 CDtl

1480 6735 1602 6788 omittunt
1615 6731 1805 6804 parabolicum
1824 6735 1854 6804 (F
1868 6731 2047 6804 parabolice).
