5900 8266
1049 513 1242 582 cotlttcdr.
1266 517 1305 584 IN
1328 515 1566 584 Ettddbtltttt
1592 517 1710 586 locta
1733 517 1764 584 C.
1791 519 1853 586 XX.

454 691 618 758 offendunt
648 691 702 778 qui
736 691 767 760 in
796 693 898 778 ipsum
925 711 986 760 nou
1010 691 1163 772 creduut,
1186 693 1237 760 rel
1258 711 1321 760 nan
1346 691 1418 760 imi-

455 803 584 876 tantur;
610 799 732 882 primae
755 799 836 866 Petri
862 799 1042 866 secundo1:
1070 799 1197 866 «Vobis
1223 799 1323 866 bonor
1349 817 1417 868 cre-

453 903 620 984 dentibus,
643 923 706 972 non
738 905 939 974 credentibus
969 911 1076 972 autem
1109 905 1204 988 lapis,
1238 923 1333 991 quem
1365 923 1416 972 re-

454 1009 673 1096 probaverunt
693 1011 913 1090 aedificanteS,
936 1011 989 1078 bic
1010 1011 1114 1078 tactus
1136 1019 1184 1078 est
1199 1011 1233 1078 in
1248 1019 1345 1096 caput
1360 1031 1417 1078 an-

453 1117 537 1204 guli,
554 1125 583 1186 et
601 1117 680 1204 lapis
701 1117 882 1184 offensionis
906 1123 936 1184 et
959 1121 1050 1202 petra
1072 1115 1209 1186 scandali
1234 1117 1284 1186 his
1299 1117 1354 1204 qui
1369 1117 1416 1186 of-

453 1223 586 1292 feudum
621 1225 720 1290 verbo
753 1231 786 1290 et
815 1241 878 1288 uon
911 1223 1060 1302 creduut,
1094 1223 1125 1288 in
1157 1243 1221 1308 quo
1250 1229 1284 1290 et
1321 1225 1414 1306 positi

454 1335 529 1396 sunt
546 1357 575 1396 a.
609 1331 644 1396 Et
676 1329 720 1396 sic
749 1327 867 1396 factum
899 1335 946 1396 est
975 1327 1114 1410 ludaeiS,
1138 1329 1311 1396 secundum
1337 1327 1416 1396 illud

453 1437 551 1504 Isaiae
572 1435 731 1504 o‹:tav02:
759 1435 858 1502 «Erit
887 1435 978 1504 vobis
1007 1437 1162 1504 Dominus
1183 1435 1216 1502 in
1239 1435 1415 1504 sanctifica-

453 1543 588 1620 tionem,
614 1541 645 1606 in
670 1539 804 1624 lapidem
823 1547 930 1608 autem
945 1541 1124 1608 ollensionis
1139 1547 1172 1606 et
1186 1547 1308 1626 petram
1325 1559 1416 1608 scan-

452 1647 515 1714 dali
539 1647 663 1716 duabus
685 1645 830 1714 domibus
847 1648 959 1728 lsrael,
977 1647 1005 1714 in
1025 1649 1175 1732 laqueum
1190 1655 1224 1714 et
1238 1647 1271 1714 iu
1288 1647 1413 1714 ruinam

453 1753 670 1822 habitantibus
692 1753 870 1822 ierusalem.
904 1755 939 1822 Et
968 1753 1125 1822 offendent
1148 1771 1189 1822 ex
1214 1753 1258 1822 eis
1283 1753 1413 1840 plurimi

453 1867 486 1928 et
508 1859 667 1938 cadentet
683 1867 888 1928 conterentur
906 1865 936 1928 et
952 1861 1137 1928 irretientur
1154 1867 1184 1926 et
1200 1859 1365 1944 capientur
1380 1885 1413 1926 a.

458 1993 477 2026 a
493 1967 687 2050 Exspectabo
710 1967 897 2044 Dominum,
915 1967 969 2052 qui
985 1965 1147 2032 abscondit
1163 1965 1273 2032 faciem
1290 1983 1377 2032 suam
1395 1985 1413 2032 a

453 2073 547 2140 domo
569 2071 660 2140 Iacob
676 2099 705 2136 s.
731 2071 791 2156 Qui
821 2089 899 2158 ergo
923 2071 1175 2140 scandalizantur
1197 2089 1295 2156 super
1327 2073 1413 2140 bunc

452 2177 588 2264 lapidem
613 2179 745 2260 cadunt,
770 2179 823 2246 sed
852 2179 907 2264 qui
937 2179 1186 2246 condemnantur
1215 2179 1254 2244 ab
1282 2179 1343 2248 boc
1368 2179 1414 2246 la-

452 2285 525 2370 pide
549 2289 775 2364 conteruntur,
793 2285 968 2378 secundum
984 2283 1062 2352 illud
1089 2283 1182 2352 isaiae
1207 2283 1413 2370 trigesimoP:

458 2391 618 2472 «Subito,
641 2391 718 2460 dum
741 2411 804 2458 nou
827 2395 992 2478 speratur,
1017 2391 1120 2458 reniet
1149 2391 1296 2458 contritio
1325 2383 1413 2472 eiuS,

452 2505 486 2566 et
500 2499 676 2566 conteritur
691 2501 780 2566 velut
796 2499 906 2584 lagena
921 2497 1006 2584 liguli
1025 2497 1213 2566 contritione
1234 2499 1413 2584 pervalida,

455 2611 488 2674 et
509 2625 572 2674 nou
597 2605 775 2676 invenietur
797 2605 836 2674 de
860 2605 1042 2692 lragmentis
1064 2605 1134 2672 eius
1158 2609 1253 2684 testa,
1286 2605 1317 2670 in
1350 2623 1414 2690 qua

452 2717 600 2796 portetur
622 2713 780 2798 igniculus
802 2709 841 2780 de
864 2711 1025 2790 incendio,
1042 2715 1098 2776 aut
1113 2709 1283 2776 hauriatur
1298 2729 1413 2794 parum

452 2839 554 2908 aquae
568 2821 608 2888 de
623 2819 713 2888 lorea
729 2847 757 2884 s.
785 2821 915 2904 Propter
929 2819 1041 2906 quodl
1061 2845 1077 2878 ε
1094 2837 1157 2884 non
1172 2817 1218 2884 sic
1232 2817 1335 2904 impii,
1351 2837 1413 2886 non

453 2927 514 3008 sic,
541 2929 594 2994 sed
617 2933 765 3014 tanquam
792 2927 915 3012 pultiS,
937 2923 1034 3012 quem
1057 2925 1182 3012 proiicit
1207 2933 1319 3012 ventus
1336 2925 1413 2992 al-

322 3033 432 3092 Prssltffi·
452 3035 498 3100 cie
524 3043 626 3100 terrae
644 3061 674 3100 s.
698 3073 743 3084 --
767 3037 799 3100 lu
825 3035 883 3100 hac
915 3033 1012 3118 igitur
1037 3033 1224 3100 auctoritate
1246 3031 1413 3100 conlirmat

451 3139 604 3208 Dominus
626 3139 831 3208 intentionem
863 3139 1048 3226 parabolae,
1082 3139 1199 3234 scil—icet
1230 3139 1314 3226 quod
1346 3141 1413 3226 ipse

450 3233 682 3328 reprobandus
706 3251 751 3312 est
776 3245 955 3326 stadonis,
980 3247 1143 3312 electurus
1157 3253 1287 3334 penas,
1302 3247 1413 3332 reput-

450 3369 555 3416 sarns
587 3351 729 3418 Iudaeos
759 3357 889 3438 propter
914 3369 1002 3418 suam
1024 3351 1209 3436 perfidiam,
1232 3358 1263 3420 et
1287 3353 1412 3420 taudem

451 3457 735 3522 condemnaturus
756 3475 814 3540 per
839 3457 1025 3524 sententiam
1049 3457 1254 3524 definitivam.

542 3565 594 3628 ab.
620 3561 723 3646 (Vere.
749 3561 824 3644 ta).
855 3563 897 3628 dt
926 3561 1128 3648 quaerebant
1157 3561 1327 3646 principes
1356 3581 1413 3628 sa-

289 3667 439 3768 „‘‚,³{‘,;¹,l,³,{l{{'„
452 3667 620 3736 cardetum
644 3673 702 3734 etc.
729 3667 798 3734 Post
820 3667 980 3750 repulsam
1004 3667 1194 3734 calumniam
1214 3673 1243 3736 et
1259 3667 1411 3736 detectam

288 3775 616 3874 ieggqqquffrperlidiam
641 3773 786 3858 sequitur
809 3773 860 3838 bic
884 3773 977 3840 tertia
999 3775 1118 3858 pars⁵,
1151 3773 1182 3838 in
1215 3791 1278 3858 qua
1298 3775 1413 3858 depre-

302 3883 370 3938 ll⁰ll
384 3883 435 3926 ‘1¹¹0·
452 3879 562 3950 itendit
595 3879 807 3946 adinventum
831 3881 1026 3946 versutiam.
1049 3881 1150 3948 Huius
1171 3887 1279 3948 aulem
1300 3899 1413 3948 versu-

344 3989 432 4034 nitra.
452 3989 514 4054 tiae
536 3987 639 4072 primo
668 3985 816 4054 describit
841 3985 1037 4072 Evangelista
1058 3987 1325 4054 adinventionem
1346 3985 1412 4072 fat-

452 4095 576 4172 tacem;
593 4093 731 4160 secundo
753 4111 841 4174 rere,
865 4089 1124 4178 confutationem
1142 4111 1308 4172 veracem,
1326 4091 1368 4172 ibi
1381 4093 1395 4134 θ
1405 4117 1411 4158 :

454 4199 675 4268 Considerans
699 4205 809 4264 autem
835 4197 947 4264 dotant
970 4199 1104 4264 iliorum
1128 4207 1187 4264 etc.

542 4303 813 4374 ddircoentionem
837 4309 948 4370 autem
964 4303 1129 4370 versutiae
1146 4303 1295 4372 describit
1311 4303 1411 4372 Etan-

288 4413 437 4468 PPffleelb·
452 4411 559 4498 gelista
584 4415 737 4496 quantum
762 4407 800 4476 ad
816 4409 896 4490 tria,
919 4409 1039 4478 scilicet
1061 4415 1218 4496 quantum
1240 4411 1280 4476 ad
1303 4411 1412 4478 Phari-

296 4471 367 4512 aentio
380 4481 426 4514 ver·
1228 4517 1233 4530 ⁸
1265 4517 1271 4530 ι

287 4521 437 4622 agiigrdgggql
452 4537 598 4588 saeorum
625 4515 888 4604 indignationem
914 4515 1134 4596 ,conlocatam
1165 4517 1412 4584 irnrdtaticnent

340 4633 384 4684 pu.
452 4627 638 4712 malignam
662 4629 692 4692 et
716 4623 1008 4710 interrogationem
1031 4623 1246 4690 rnabttosant.

541 4731 644 4798 Primo
667 4729 764 4816 igitur
788 4733 941 4816 quantum
966 4729 1004 4796 ad
1031 4729 1296 4796 Pharisaeorum
1326 4729 1411 4796 indi-

311 4841 430 4942 lgqqggqq
450 4837 642 4924 prationem
665 4835 860 4904 malevolam
884 4833 978 4902 dicit:
1005 4837 1043 4902 Et
1067 4833 1272 4924 quaerebant
1282 4835 1411 4922 princi·

448 4963 507 5032 pes
530 4933 740 5010 sacerdoticrn
764 4951 792 5008 et
813 4941 943 5010 scribae
959 4949 1086 5008 mettere
1107 4939 1145 5006 in
1167 4939 1266 5008 idiunt
1288 4961 1413 5008 manus

451 5053 535 5122 itini
568 5049 673 5128 bora:
705 5049 925 5138 quaerebant,
947 5049 1103 5134 inquam,
1136 5047 1173 5114 ad
1203 5049 1305 5134 ipsum
1331 5049 1411 5118 occi-

450 5159 606 5236 dendum,
631 5155 805 5224 secundum
830 5155 907 5222 illud
923 5155 1044 5220 loannis
1061 5153 1212 5238 septimo:
1233 5179 1251 5212 «
1266 5155 1345 5238 Quid
1361 5173 1412 5224 me

523 5527 532 5558 ¹
551 5527 625 5580 Vers.
652 5523 675 5578 7.
701 5541 757 5594 seq.
777 5553 811 5566 -
830 5527 958 5592 Superius
975 5541 1024 5592 pro
1043 5527 1092 5596 qni
1107 5527 1137 5582 in
1154 5527 1244 5596 ipsam
1263 5527 1345 5584 CDll
1364 5525 1413 5598 qai

451 5617 549 5686 rpsnna
893 5625 894 5630 ’

523 5707 625 5758 2Vers.
649 5705 688 5758 tt.
709 5719 764 5772 seq.
784 5711 808 5758 et
830 5705 869 5758 tt.

522 5795 627 5846 3Vere.
649 5795 688 5846 d3.
709 5801 733 5848 et
754 5795 794 5846 tt.

522 5881 585 5936 4Ut
603 5881 698 5934 dicitur
717 5883 741 5934 iu
763 5885 801 5934 Ps.
826 5886 851 5950 l,
872 5881 897 5934 d.

522 5971 626 6024 6Vers.
647 5971 690 6024 23.

1142 5881 1152 5912 ⁵
1169 5881 1221 5936 Clr.
1240 5897 1322 5950 supra
1340 5873 1367 5934 n.
1387 5885 1410 5934 t.

522 6059 531 6090 ²
549 6061 586 6112 lta
603 6059 681 6112 etiam
701 6059 784 6126 Beda,
803 6059 882 6112 Card.
895 6061 984 6124 liugn,
1005 6061 1032 6112 B.
1051 6059 1161 6124 tilbert,
1176 6061 1203 6112 S.
1221 6061 1331 6124 Thon,
1349 6061 1410 6112 Gor·

449 6163 530 6202 renus
548 6157 574 6202 et
592 6151 712 6214 Lyranus
729 6161 791 6200 cum
811 6149 939 6216 Vulgata3
959 6149 1080 6214 Hieron,
1097 6149 1219 6202 Bibliotb.
1245 6149 1275 6204 in
1298 6147 1356 6202 iila.
1376 6175 1410 6188 -

451 6235 567 6292 Subinde
587 6237 714 6304 allegatur
731 6241 801 6290 toan.
820 6239 849 6302 7,
870 6239 918 6300 PC:
938 6241 984 6292 olr.
1003 6253 1084 6304 supra
1101 6251 1163 6304 pag.
1184 6239 1249 6302 500,
1268 6243 1330 6290 nota
1347 6237 1374 6290 9.

521 6325 531 6356 ⁸
549 6329 624 6380 Vers.
646 6325 690 6380 25.
704 6355 738 6366 -
753 6327 845 6380 Glossa
857 6323 1001 6380 ordinaria
1022 6327 1062 6394 (ex
1079 6325 1158 6394 redet
1180 6325 1206 6380 ln
1218 6327 1280 6378 Luc.
1300 6327 1342 6392 20,
1362 6325 1408 6376 te:

451 6415 531 6482 Quasi
548 6415 718 6468 mentientem
737 6419 867 6482 quaeruut
886 6415 1043 6480 interlicere,
1064 6415 1089 6466 in
1108 6429 1162 6480 quo
1181 6429 1245 6466 uera
1265 6415 1409 6482 probantur

450 6517 519 6568 quae
538 6503 646 6556 dixerat.
666 6505 725 6568 lpse
743 6507 783 6556 est
800 6503 869 6556 enim
891 6505 980 6568 heres,
1005 6503 1037 6554 illi
1057 6503 1135 6568 pravi
1159 6503 1259 6566 coloni,
1282 6501 1329 6568 qui
1353 6503 1409 6556 solo

449 6593 565 6642 humano
586 6597 684 6644 terrore
696 6589 879 6656 ,retardandum
899 6591 981 6642 donee
1000 6589 1101 6642 veniret
1118 6591 1183 6640 hora
1202 6589 1269 6642 eius.

520 6677 531 6710 ⁹
550 6683 585 6732 lla
603 6681 681 6732 etiam
702 6679 778 6736 Cord.
791 6679 907 6744 Hogoet
925 6681 954 6730 B.
966 6665 1064 6730 Albert.
1085 6677 1212 6744 (Lyrauus
1224 6679 1251 6730 in
1267 6677 1408 6746 marginel;

451 6769 507 6820 Vat.
527 6781 588 6820 cum
606 6767 720 6832 Vulgata
733 6765 823 6830 trane,
836 6779 885 6828 pro
903 6763 1004 6818 decrerit
1016 6763 1035 6816 C
1045 6765 1068 6814 D
1080 6763 1198 6820 dancrat.
1211 6791 1245 6804 -
1259 6765 1317 6820 Duo
1334 6781 1409 6836 seqq.

449 6855 497 6910 loci
518 6859 579 6908 sunt
599 6853 679 6906 dmos
699 6853 727 6916 5,
749 6853 791 6904 td.
810 6859 836 6904 et
856 6853 904 6906 ler.
923 6853 972 6916 26,
992 6853 1035 6904 lt.

2375 527 2437 592 509

1481 695 1631 782 quaeritis
1649 695 1842 776 interlicere,
1857 695 2035 778 bominem,
2057 699 2112 784 qui
2135 717 2211 766 vera
2226 701 2352 770 locutus
2366 719 2437 768 sum

1479 803 1567 872 tobis
1584 811 1618 870 a?
1643 805 1689 870 Ex
1713 803 1806 870 animi
1832 823 1907 890 ergo
1930 803 2140 888 indignatione
2156 807 2366 890 quaerebant,
2385 807 2438 874 sed

1480 929 1522 976 en
1545 911 1654 998 populi
1683 911 1851 978 formidine
1877 927 1940 976 non
1966 907 2132 976 audebant.
2156 949 2202 958 —
2224 911 2309 976 Unde
2333 911 2437 976 addit:

1481 1017 1520 1082 ld
1544 1017 1725 1084 timuerant
1750 1015 1932 1102 papulam,
1967 1033 2030 1082 uon
2058 1015 2180 1092 Deum;
2215 1021 2324 1080 contra
2353 1015 2439 1100 quod

1480 1121 1724 1192 proverbiorum
1739 1123 1890 1210 vigesimo
1905 1139 1986 1188 nono
1998 1121 2034 1186 8:
2055 1147 2072 1180 c
2089 1119 2148 1204 Qui
2168 1119 2257 1186 timet
2281 1119 2438 1186 hominem

1479 1229 1542 1294 cito
1562 1235 1692 1296 corruet
1708 1255 1738 1294 »,
1764 1229 1918 1314 Populum
1933 1233 2040 1296 autem
2056 1225 2157 1312 magis
2172 1225 2326 1292 timebant
2342 1243 2436 1310 quam

1480 1333 1599 1414 Deum,
1622 1333 1698 1420 quia
1721 1335 1794 1420 plus
1808 1335 1957 1402 amabant
1971 1333 2079 1420 populi
2095 1333 2219 1400 laudem
2236 1349 2333 1416 quam
2348 1331 2439 1398 Cbri·

1479 1439 1517 1504 sti
1542 1439 1818 1520 veritatem31aus
1843 1441 1924 1506 enim
1949 1439 2055 1526 populi
2081 1437 2235 1524 ungebat,
2252 1435 2306 1504 sed
2323 1437 2438 1504 veritas

1478 1543 1595 1610 Christi
1625 1545 1788 1630 arguebat.
1821 1581 1862 1594 --
1892 1545 1977 1612 Unde
2009 1545 2177 1614 subditur:
2211 1543 2437 1630 Copnooernnt

1478 1651 1580 1728 enim,
1604 1651 1691 1738 quod
1708 1651 1753 1716 ad
1769 1651 1857 1736 ipsos
1880 1651 2003 1718 dicerit
2026 1651 2277 1720 similitudinem
2299 1649 2435 1716 istarnP.

1478 1755 1513 1822 Et
1538 1755 1581 1822 sic
1604 1755 1722 1822 veritas
1751 1755 1859 1822 odium
1891 1757 2031 1840 peperit,
2054 1765 2087 1824 et
2108 1759 2305 1826 verificatum
2331 1763 2377 1824 est
2400 1755 2436 1822 il-

1478 1861 1533 1948 lud
1555 1861 1648 1928 Amos
1670 1861 1803 1946 quinto:
1836 1859 1945 1926 «Odio
1969 1861 2151 1930 habuerunt
2165 1863 2388 1948 corripientem
2404 1861 2435 1930 in

1477 1975 1567 2050 porta
1592 1973 1620 2032 et
1645 1966 1825 2050 loquentem
1850 1965 1986 2050 perlecta
2002 1967 2170 2034 abominati
2187 1977 2262 2036 sunt
2279 1997 2307 2034 s.
2327 1972 2358 2038 ln
2375 1971 2436 2038 hu·
2455 1985 2539 2038 risun·

1477 2071 1528 2140 ius
1549 2071 1683 2158 liguram
1718 2071 1834 2138 dicitur
1861 2071 2010 2138 ieremiae
2033 2071 2182 2158 vigesimo
2207 2081 2319 2140 sexto:
2348 2077 2436 2142 «Lo-

1478 2179 1542 2246 cuti
1574 2184 1650 2246 suut
1677 2179 1854 2246 sacerdotes
1885 2185 1916 2246 et
1949 2179 2120 2264 Prophetae
2151 2179 2190 2246 ad
2217 2181 2374 2266 principes
2405 2191 2437 2250 et

1477 2299 1602 2350 ornnem
1625 2285 1779 2370 populum
1801 2283 1963 2350 dicentes:
1986 2281 2142 2350 Iudicium
2164 2285 2276 2352 mortis
2298 2293 2346 2352 est
2366 2287 2436 2352 tiro

1478 2389 1546 2470 isti,
1571 2389 1647 2476 quia
1668 2389 1870 2476 prophetarit
1894 2389 2044 2458 adversus
2061 2389 2219 2458 ciuitatem
2234 2389 2337 2470 istam,
2353 2391 2436 2458 sicut

1477 2496 1607 2564 audistis
1630 2497 1762 2566 auribus
1784 2497 1899 2566 restris
1913 2521 1945 2562 s.
1969 2497 2021 2562 isti
2043 2501 2151 2564 autem
2166 2497 2343 2576 Pharisaei,
2358 2497 2436 2564 dum
2456 2513 2586 2558 neutrum.

1477 2603 1620 2672 volebant
1646 2605 1805 2674 Christum
1838 2605 1995 2684 occidere,
2028 2603 2239 2690 impugnando
2271 2603 2435 2672 veritatem

1477 2711 1613 2780 auditam
1639 2713 1736 2798 ipsam
1761 2713 1923 2780 veritatem
1948 2709 2137 2796 implebant,
2160 2711 2334 2778 secundum
2357 2709 2436 2778 illud

1476 2819 1608 2888 deluam
1628 2819 1747 2888 decimo
1765 2819 1917 2888 tertio10:
1951 2817 2039 2902 «Qui
2061 2817 2244 2886 habitabant
2267 2817 2437 2886 Ierusalem

1477 2933 1508 2996 et
1532 2927 1688 3014 principes
1719 2925 1804 3006 eius,
1835 2927 1919 2994 bunc
1943 2927 2043 2992 Iesum
2076 2925 2255 3010 ignorantes
2285 2929 2317 2992 et
2344 2941 2436 2992 voces

1451 3035 1723 3120 Prophetarum,
1746 3051 1830 3120 quae
1855 3051 1913 3118 per
1945 3049 2036 3100 omne
2068 3031 2236 3100 Sabbatum
2269 3033 2436 3118 leguntur,

1475 3139 1651 3208 iudicantes
1671 3139 1905 3226 impleverunt3
1921 3145 1955 3208 et
1968 3139 2088 3208 nullam
2104 3157 2231 3206 causam
2255 3139 2366 3208 mortis
2390 3137 2436 3204 in-

1476 3247 1638 3316 venientes
1659 3247 1691 3314 in
1716 3265 1771 3328 eo,
1799 3247 1961 3334 petierunt
1981 3265 2001 3312 a
2024 3245 2138 3328 Pilato,
2160 3253 2199 3314 ut
2220 3245 2437 3314 interficerent

1477 3369 1559 3420 eum.
1592 3353 1733 3436 Cumque
1766 3357 2034 3418 consummassent
2066 3351 2187 3430 omnia,
2218 3369 2299 3436 quae
2330 3351 2369 3418 de
2399 3367 2436 3418 eo

1476 3459 1595 3544 scripta
1625 3465 1733 3538 eraut,
1766 3457 1957 3542 deponentes
1979 3475 2053 3526 eum
2077 3457 2114 3522 de
2138 3457 2235 3542 ligno,
2262 3465 2436 3544 posuerunt

1462 3581 1548 3630 eum
1574 3565 1604 3630 in
1629 3569 1880 3632 monumento».

1565 3673 1617 3738 26.
1644 3671 1744 3754 (Vers.
1770 3671 1846 3754 dot.
1871 3669 2015 3738 Secundo
2044 3677 2201 3756 quantum
2223 3671 2265 3736 ad
2294 3671 2436 3738 insidia·
2454 3687 2565 3750 lustratio

1477 3777 1596 3844 tionem
1619 3775 1806 3862 rnaiiqnam
1831 3775 1957 3844 subdit:
1982 3781 2023 3844 ut
2045 3775 2253 3862 observantes
2273 3777 2438 3844 nriscrnnt
2462 3741 2564 3796 ΜΝ

1476 3881 1710 3964 insidiatores,
1732 3883 1792 3970 qai
1814 3901 1848 3948 sc
1870 3883 1975 3950 iustos
1998 3883 2215 3964 simularent,
2232 3889 2342 3952 contra
2356 3883 2433 3952 illud

1475 3989 1719 4056 Proverbiorum
1741 3991 1893 4076 vigesimo
1914 3997 2029 4074 quarto
2042 3991 2089 4054 1¹:
2120 4017 2137 4050 <r
2151 3991 2195 4058 Ne
2216 3989 2373 4058 insidieris
2403 3997 2435 4058 et

1476 4113 1609 4180 quaeras
1641 4087 1839 4182 iniquitatem
1862 4097 1896 4162 in
1917 4097 2011 4164 domo
2033 4095 2108 4164 iusti
2132 4101 2163 4164 et
2183 4113 2224 4164 ,ne
2249 4103 2350 4164 vastes
2383 4113 2433 4162 re-

1385 4195 1391 4210 '
1476 4201 1584 4286 quiem
1604 4201 1673 4270 eius
1691 4229 1720 4266 ».
1745 4201 1878 4268 insidiae
1900 4209 2007 4270 autem
2029 4201 2111 4270 liunt
2127 4221 2184 4288 per
2201 4201 2413 4270 simulationes
2422 4213 2433 4284 ';

1476 4313 1587 4372 contra
1607 4325 1689 4392 quos
1719 4307 1773 4374 lob
1803 4305 1964 4390 trigesimo
1996 4315 2104 4376 sexto:
2138 4307 2374 4376 «simulatores
2402 4315 2435 4378 et

1475 4411 1580 4480 callidi
1601 4419 1774 4498 provocarat
1787 4411 1868 4480 iram
1884 4413 1940 4480 Dei
1956 4439 1986 4494 »3
2012 4415 2100 4500 quia,
2117 4413 2358 4482 Proverbiorum
2375 4433 2435 4482 un-

1475 4519 1613 4600 decimo,
1643 4545 1659 4578 <r
1674 4518 1840 4588 simulator
1862 4537 1918 4586 ore
1942 4519 2056 4608 decipit
2078 4519 2216 4588 amicum
2231 4537 2326 4588 suum
2342 4547 2373 4588 a.
2391 4561 2435 4572 -

1475 4625 1514 4690 Et
1534 4625 1609 4710 quia
1634 4625 1790 4694 simulatio
1814 4625 1992 4694 adiunctam
2017 4627 2112 4694 babet
2135 4627 2338 4694 intentionem
2362 4645 2435 4714 per-

1475 4747 1619 4810 versam,
1644 4729 1713 4798 ideo
1735 4731 1840 4798 addit:
1872 4731 1918 4798 Ut
1934 4741 2086 4818 caperent
2114 4751 2191 4798 carn
2220 4731 2258 4798 in
2285 4753 2435 4802 sermone

1476 4845 1509 4904 et
1520 4837 1545 4878 1²
1571 4839 1738 4906 traderent
1762 4837 1854 4906 iilum
1876 4837 2088 4926 principatui
2110 4847 2140 4906 et
2157 4837 2314 4924 potestati
2331 4859 2432 4924 prae-

1475 4943 1581 5024 sidis,
1610 4945 1728 5014 scilicet
1751 4945 1891 5012 Herodis.
1914 4945 2003 5014 Unde
2024 4945 2120 5014 llarci
2142 4945 2327 5014 duodecimo
2357 4945 2434 5014 dici-

1476 5057 1551 5118 tur:
1582 5053 1740 5120 «Mittunt
1771 5053 1811 5120 ad
1841 5069 1914 5118 eum
1946 5053 2094 5138 quosdam
2129 5069 2169 5120 ex
2202 5051 2374 5120 Pharisaeis
2402 5059 2434 5120 et

1476 5159 1674 5240 Herodianis,
1700 5163 1734 5226 ut
1759 5177 1832 5228 eum
1855 5167 2005 5244 caperent
2020 5159 2052 5226 in
2068 5159 2164 5226 verbo
2181 5185 2211 5224 s.
2229 5159 2265 5226 Et
2280 5159 2358 5226 baec
2375 5157 2435 5226 luit

1545 5527 1570 5560 ¹⁰
1588 5531 1662 5584 Vers.
1683 5529 1774 5584 27-29.

1545 5617 1662 5674 11νεεε.
1694 5621 1734 5674 lb.
1757 5647 1791 5660 -
1815 5621 1872 5672 Duo
1898 5631 1971 5688 seqq.
2001 5617 2049 5672 loci
2081 5623 2142 5672 sont
2174 5617 2217 5672 lob
2248 5619 2299 5684 36,
2332 5621 2375 5674 l3.
2407 5629 2433 5674 et

1474 5707 1551 5760 Prot.
1574 5707 1621 5772 ll,
1641 5709 1665 5760 9.

1546 5791 1569 5824 ¹²
1587 5797 1623 5848 lta
1643 5797 1719 5848 etiam
1739 5797 1825 5862 Beda,
1843 5795 1920 5848 Card.
1940 5797 2028 5860 Hogo,
2048 5797 2076 5848 Β.
2094 5795 2206 5860 Albert.,
2222 5797 2248 5848 S.
2262 5795 2369 5860 Pham,
2387 5797 2435 5862 Ly-

1473 5895 1567 5944 ranus3
1587 5881 1644 5934 tat
1663 5895 1724 5934 curn
1745 5882 1858 5948 Vulgata
1878 5885 1914 5936 at.
1936 5911 1969 5922 —
1989 5883 2078 5934 Glossa
2090 5881 2287 5936 interlinearis:
2310 5883 2343 5936 dr
2361 5895 2434 5950 capc-

1472 5971 1533 6024 rent
1552 5983 1614 6022 cnm
1632 5967 1659 6022 in
1678 5983 1815 6036 sermone,
1829 5977 1857 6022 ut
1871 5969 1984 6036 aliquid,
2004 5971 2116 6022 veluteo
2130 5969 2279 6034 ignorante,
2300 5975 2433 6036 extorque-

1471 6063 1542 6122 rent,
1556 6057 1714 6122 rrndcargni
1732 6065 1834 6124 posset,
1853 6061 1880 6112 et
1895 6055 2060 6112 auderunt...
2074 6057 2201 6124 potestati
2213 6057 2366 6126 praesidis,
2384 6059 2432 6110 He-

1472 6145 1560 6208 rodis,
1578 6147 1668 6214 quiin
1688 6145 1736 6198 illis
1755 6145 1848 6200 diebus
1862 6151 1917 6198 eret
1937 6145 2110 6210 ierosolymis.
2123 6175 2157 6184 -
2171 6145 2287 6198 Subinde
2307 6147 2433 6212 allegatur

1473 6235 1550 6286 blare.
1573 6235 1620 6300 la,
1640 6235 1688 6298 lb,
1706 6235 1733 6286 iu
1753 6247 1831 6300 quem
1852 6233 2056 6298 'theophylactz
2074 6233 2193 6286 Diximus
2215 6235 2294 6286 etiam
2313 6235 2376 6286 alias
2398 6235 2433 6286 de
2470 6239 2472 6242 '

1472 6323 1641 6386 HerodiauiS,
1659 6321 1733 6388 quod
1754 6321 1830 6374 luerit
1847 6321 1962 6374 haeresis
1982 6319 2113 6388 quaedam
2132 6325 2195 6374 tuuc
2212 6333 2299 6386 nuper
2318 6325 2375 6374 orta
2395 6319 2433 6374 di·

1472 6409 1602 6474 centium,
1623 6409 1753 6464 Herodem
1766 6423 1824 6462 esse
1841 6409 1987 6474 Christum,
2007 6409 2125 6476 eoquod
2142 6409 2169 6460 in
2189 6399 2352 6476 temporibus
2365 6409 2433 6462 illius

1473 6497 1610 6550 deiecisset
1629 6497 1760 6552 successio
1777 6511 1873 6562 regum
1891 6497 2065 6550 ludaicorum.
2082 6497 2133 6550 Alii
2150 6503 2239 6550 autem
2258 6497 2363 6564 dieunt,
2385 6499 2433 6550 He·

1472 6587 1597 6642 rodianos
1617 6591 1667 6640 hoc
1687 6589 1744 6640 loco
1763 6589 1845 6642 dictos
1870 6601 1927 6642 esse
1945 6587 2038 6640 milites
2064 6587 2188 6652 Herodis,
2205 6601 2273 6656 quos
2299 6589 2430 6640 Pharisaei

1473 6677 1501 6730 in
1519 6683 1596 6732 testes
1616 6691 1708 6732 eorum
1726 6691 1796 6746 quae
1815 6677 1933 6732 Christus
1950 6677 2067 6732 dicturus
2084 6683 2153 6742 erat,
2167 6683 2319 6746 assumunt,
2331 6683 2361 6730 ut
2373 6691 2433 6730 con·

1472 6773 1614 6836 sequenter
1633 6770 1856 6834 comprehendant
1873 6769 1946 6822 illum
1964 6773 1991 6822 et
2013 6765 2154 6822 abducant.
2179 6767 2232 6822 Clr.
2249 6767 2367 6838 Hieron,
2391 6767 2430 6820 lll.

1472 6855 1621 6914 Commeat.
1640 6859 1666 6912 in
1680 6859 1773 6914 ¹lllatth.
1788 6861 1836 6922 22,
1857 6859 1899 6914 lb.
