5900 8266
947 591 1140 658 conmuni.
1167 595 1204 660 IN
1227 591 1467 660 evadentium
1492 585 1610 658 tuctu
1633 583 1665 652 G.
1689 579 1726 648 X.

200 797 231 838 ot
246 793 335 854 purten
356 773 454 838 cribri
476 769 652 838 remanebit
674 769 778 854 pulvis
794 793 826 832 4.
842 767 1026 834 -Primus
1043 767 1146 852 puluis
1162 767 1314 844 adhaeret

226 855 303 900 ‘'nm''
353 877 487 958 pedibus
511 875 775 958 praedicantium,
808 889 881 940 cum
902 871 1116 952 tondantur,-
1139 873 1193 940 sed
1215 891 1313 942 excu-

352 979 432 1044 titur
456 997 513 1062 per
528 979 825 1044 consideratiorem
839 977 913 1054 eui,
932 979 1106 1046 secuudum
1134 979 1210 1046 illud
1235 983 1311 1046 llat-

351 1083 437 1148 thaci
461 1081 630 1150 decimo¹:
658 1107 674 1140 «
692 1083 753 1150 llos
775 1101 835 1150 uon
860 1083 953 1162 estis,
976 1083 1032 1168 qui
1050 1083 1213 1168 loquimini
1231 1109 1262 1164 »;
1279 1089 1313 1150 44

349 1187 471 1270 primae
494 1187 533 1252 ad
557 1187 733 1252 Corinthios
757 1187 960 1252 duodecimo:
991 1189 1119 1256 «Nemo
1141 1189 1233 1256 dicit:
1251 1191 1311 1254 Do-

350 1293 459 1358 minus
480 1291 582 1370 44444,
605 1291 664 1358 nisi
690 1291 720 1356 iu
746 1291 864 1376 Spiritu
888 1299 996 1358 sancto
1010 1315 1041 1372 »3
1066 1299 1097 1360 et
1121 1293 1241 1378 primae
1271 1295 1311 1360 ad

350 1395 528 1462 Corinthios
558 1401 692 1480 quarto:
719 1397 834 1480 «Quid
855 1397 968 1478 habes,
993 1399 1076 1483 quod
1099 1415 1161 1464 uon
1191 1399 1313 1484 accepi-

352 1501 393 1568 sti
408 1501 531 1570 »tideo
546 1501 754 1570 Ecclesiastici
770 1501 906 1570 decimo:
926 1531 942 1564 «
953 1503 1033 1588 Quid
1052 1503 1208 1588 superbis,
1225 1511 1314 1570 terra

188 1633 338 1678 4444444.
352 1613 385 1672 44
407 1605 484 1672 ciuis
500 1615 537 1674 »t
560 1643 604 1654 -
630 1609 790 1675 Secundus
814 1609 917 1694 pultis
941 1609 1107 1688 adhaeret,
1140 1627 1212 1676 cum
1245 1627 1312 1676 non

352 1717 591 1798 acceptant-nr:
614 1713 669 1780 sed
686 1713 737 1780 bic
755 1715 918 1786 excutitur,
935 1731 990 1798 per
1006 1715 1311 1780 rememorationem

354 1815 490 1898 Christi,
509 1819 681 1888 secundum
696 1819 771 1888 illud
783 1821 905 1888 loannis
916 1819 1036 1888 decimo
1050 1819 1159 1906 quinto
1172 1821 1203 1886 ²:
1220 1845 1236 1878 «
1250 1821 1313 1886 444-

351 1929 490 1992 mentote
522 1925 675 1992 sermonis
707 1927 785 2005 mei,
815 1945 908 2012 quem
932 1945 990 2010 ego
1013 1927 1139 1992 locutus
1160 1943 1233 1992 sum
1257 1945 1312 1992 ro-

351 2029 420 2098 bis:
447 2033 513 2100 Nou
535 2037 584 2100 est
604 2049 717 2100 seruus
740 2031 841 2098 maior
863 2033 991 2100 domiuo
1018 2051 1085 2098 suo.
1110 2033 1140 2098 Si
1165 2051 1215 2098 me
1238 2051 1312 2116 per-

215 2165 246 2208 ue
263 2163 334 2208 444.
353 2139 452 2206 secuti
475 2145 568 2218 sunt,
598 2145 631 2204 et
657 2157 714 2206 ros
745 2147 975 2224 persequentur
992 2167 1009 2198 »
1036 2145 1094 2206 etc.
1122 2139 1313 2206 -Tertius

352 2243 459 2328 pulvis
484 2245 653 2324 adhaeret,
686 2245 811 2328 quaudo
840 2263 984 2312 munero
1009 2243 1206 2332 offerantur,
1229 2263 1313 2328 quae

352 2355 525 2416 excoecant
545 2349 654 2416 oculos
677 2347 814 2428 ducum,
836 2347 929 2416 iuxta
945 2347 1023 2414 illud
1037 2348 1160 2414 Berucb
1179 2347 1311 2416 sextoi:

357 2453 478 2522 «Oculi
503 2473 613 2522 eorum
639 2455 720 2542 pleni
745 2461 820 2522 suut
842 2457 973 2538 pulvere
1002 2473 1020 2520 a
1050 2453 1184 2540 pedibus
1213 2455 1314 2520 iutro-

352 2561 495 2628 euntium
515 2587 543 2642 »;
570 2561 622 2630 sed
648 2561 699 2628 hic
722 2561 887 2628 excutitur
902 2579 959 2648 per
974 2561 1170 2628 memoriam
1195 2561 1313 2628 mortis

351 2677 493 2736 nostrae.
513 2667 717 2752 Hieronymus
727 2671 760 2746 4:
788 2693 804 2726 «
822 2669 919 2734 Facile
944 2667 1113 2734 contemnit
1130 2667 1233 2734 omnia
1257 2669 1312 2752 qui

352 2793 387 2842 se
409 2793 533 2860 semper
552 2773 667 2860 cogitat
692 2773 883 2840 moriturum
899 2797 929 2852 »;
955 2779 984 2840 et
1010 2773 1039 2838 in
1064 2773 1184 2860 primae
1207 2773 1246 2840 ad
1262 2773 1313 2838 Ti-

353 2885 517 2950 motheum
528 2881 654 2948 ultimo:
677 2907 693 2940 «
709 2881 789 2948 Nihil
806 2879 971 2946 intulimus
987 2881 1019 2946 iu
1035 2881 1122 2946 huuc
1138 2879 1311 2962 muudum;

351 2989 438 3056 baud
461 2989 611 3066 dubium,
636 2987 720 3072 quod
743 3003 800 3054 nec
825 2987 951 3054 auterre
972 2987 1049 3072 quid
1073 3005 1242 3070 possumus
1257 3013 1287 3052 s.

443 3097 493 3160 44.
521 3095 620 3178 (Vers.
651 3095 723 3176 44).
750 3093 893 3160 Secundo
907 3109 983 3160 uero
1001 3101 1154 3178 quantum
1169 3091 1210 3160 ad
1225 3111 1316 3158 corn«⁴¹

187 3223 333 3270 pesecutio.
354 3199 568 3266 otinationem
592 3199 777 3266 severitatis
798 3199 918 3266 iudicii
941 3199 1068 3266 subdit:
1095 3199 1173 3266 Dico
1202 3199 1311 3278 ochis,

354 3305 435 3392 qaia
461 3305 608 3372 Sodomis
638 3307 672 3372 in
698 3305 749 3370 die
772 3305 831 3372 itta
853 3305 1029 3370 remissius·
1050 3305 1114 3372 erit
1137 3325 1239 3394 qaam
1264 3303 1314 3370 ttn

351 3409 501 3488 ciuitati:
526 3429 566 3478 en
590 3429 654 3498 quo
676 3417 807 3496 apparet
830 3409 1011 3496 magnitudo
1023 3431 1156 3496 poenae.
1173 3413 1251 3478 Nam
1266 3411 1313 3478 di-

353 3517 437 3582 citur
468 3517 498 3582 iu
531 3515 684 3582 Canopica
716 3517 849 3596 ludaei,
883 3517 966 3602 quod
995 3517 1160 3584 «Sodoma
1193 3521 1222 3586 ei
1253 3517 1312 3584 Go-

352 3623 484 3688 morrha
507 3629 539 3688 et
561 3621 713 3688 finitimae
737 3623 879 3688 civitates
894 3621 992 3688 factae
1017 3629 1090 3688 sunt
1113 3625 1312 3708 exemplum,

353 3727 434 3814 ignis
459 3727 578 3794 aeterni
602 3745 734 3812 poenam
758 3729 994 3796 sustinentes».
1013 3729 1097 3796 Unde
1113 3737 1146 3796 et
1160 3729 1313 3798 Dominus

314 3887 315 3892 ,
353 3835 414 3900 init
435 3833 496 3900 illis
521 3835 688 3900 fortissime
712 3835 907 3920 indignatus,
931 3835 1103 3902 secuudum
1130 3835 1214 3922 quod
1235 3835 1312 3904 dici-

353 3946 408 4006 tur
429 3939 556 4006 Genesis
581 3939 701 4006 decimo
722 3959 825 4020 nouo,
848 3939 933 4024 quod
962 3941 1075 4024 «pluit
1091 3941 1243 4008 Dominus
1260 3961 1313 4008 su-

350 4063 411 4132 per
434 4045 600 4112 Sodomam
631 4053 663 4112 et
693 4045 901 4112 Gomorrham
932 4045 1069 4130 sulphur
1092 4051 1123 4114 et
1147 4045 1251 4132 ignem
1281 4051 1313 4114 et

353 4151 510 4218 subvertit
533 4149 672 4218 civitates
699 4153 756 4216 has
779 4156 810 4217 et
834 4167 959 4218 omnem
989 4151 1074 4218 circa
1103 4153 1311 4238 regionem».

353 4255 488 4342 Apparet
512 4255 605 4324 etiam
629 4273 670 4324 ex
697 4257 757 4322 hoc
780 4255 963 4342 magnitudo
984 4255 1123 4342 eulpae,
1148 4259 1223 4342 quia
1246 4277 1314 4324 ma-

327 4363 328 4366 ’
353 4363 403 4426 ior
425 4363 519 4448 culpa
541 4369 590 4430 est
611 4363 827 4446 contemptio6
850 4361 990 4430 ueritatis
1016 4381 1108 4450 quam
1133 4363 1228 4431 libido
1244 4381 1313 4432 ear-

353 4469 498 4536 ualitatis.
524 4507 567 4520 --
590 4471 676 4536 ilatio
709 4477 814 4536 autem
845 4471 954 4542 huius,
973 4477 1038 4548 cst,
1062 4469 1137 4556 quia
1160 4489 1221 4536 uon
1253 4471 1313 4536 fuit

353 4573 400 4642 eis
422 4573 534 4642 obtata
555 4581 652 4642 tanta
676 4575 813 4660 pretim
838 4581 867 4642 et
893 4575 1065 4642 secundum
1089 4575 1173 4660 quod
1197 4575 1313 4642 dicitur

352 4679 434 4746 infra
457 4681 677 4760 duodecimol,
709 4705 724 4738 «
738 4681 790 4746 cui
814 4681 953 4748 multum
968 4679 1077 4746 datum
1094 4687 1158 4760 est,
1174 4681 1311 4748 multum

355 4791 528 4870 quaeretur
549 4787 591 4852 ab
612 4803 651 4854 eo
666 4813 697 4852 s.
724 4789 807 4854 Unde
833 4787 869 4854 ad
894 4787 1047 4854 Hebraeos
1073 4787 1227 4854 secundo:
1250 4787 1313 4852 «Si

357 4889 440 4958 enim
467 4891 522 4978 qui
544 4911 602 4978 per
623 4891 756 4978 Angelos
771 4893 872 4960 dictus
897 4897 943 4960 est
959 4909 1063 4960 sermo
1080 4893 1179 4960 laetus
1196 4899 1242 4960 cst
1258 4893 1312 4960 tir-

354 5017 445 5078 mus3
470 4999 624 5086 quomodo
649 5017 708 5068 uos
729 4999 932 5086 effugiemus,
965 4999 990 5066 si
1022 5005 1141 5066 tantam
1163 4999 1312 5086 neglexe-

354 5105 456 5172 rimus
479 5105 630 5186 salutem,
656 5125 756 5194 quae,
782 5125 854 5174 cum
878 5105 1002 5172 initium
1028 5105 1200 5190 accepisset
1220 5123 1312 5172 enar-

425 5457 434 5488 ¹
456 5461 531 5514 Vera.
550 5461 598 5524 td,
619 5463 663 5516 cui
686 5463 885 5530 subiunguntur
903 5467 921 5516 4.
939 5461 999 5518 Ger.
1020 5465 1068 5530 te,
1088 5465 1110 5516 3.
1130 5469 1157 5516 44
1175 5463 1207 5526 4,
1225 5461 1255 5532 7;
1269 5467 1313 5516 Ε4-

353 5549 395 5602 cli.
416 5549 463 5616 tt,
483 5551 516 5602 e:
538 5547 609 5614 outa
624 5551 744 5622 superbit
762 5559 811 5606 etc.

423 5635 435 5668 ²
457 5639 532 5692 l'ers
552 5639 596 5692 ab.
613 5665 650 5680 -·-
668 5641 793 5706 Superius
821 5653 869 5706 pro
899 5653 961 5694 nttm
984 5653 1039 5692 non
1057 5641 1233 5708 acceptantur
1252 5641 1311 5694 Vat

354 5737 417 5780 cam
434 5727 654 5780 contemnuntur.
1140 5723 1152 5754 ³
1169 5725 1244 5778 Vers.
1268 5729 1309 5780 46.

425 5809 435 5842 ⁴
454 5815 536 5878 Epist.
554 5813 613 5876 444.
627 5813 702 5882 (alias
718 5815 786 5884 ree.)
800 5829 826 5866 n.
842 5815 882 5868 to.
897 5821 921 5866 et
933 5813 1081 5868 Commeat.
1095 5815 1120 5866 in
1135 5815 1216 5868 Eccle.
1231 5815 1274 5880 tt,
1287 5815 1311 5868 8.

294 5925 296 5928 ·
353 5899 407 5954 Cir.
425 5905 488 5954 tom.
507 5903 549 5956 Vl.
569 5915 630 5968 pag.
652 5905 700 5966 55,
724 5911 786 5958 nota
809 5905 835 5956 6.
854 5909 879 5956 44
899 5917 960 5970 pag.
980 5905 1024 5968 et,
1044 5909 1104 5956 uota
1124 5905 1150 5956 3.
1169 5929 1206 5942 -·
1224 5905 1313 5972 Sequi·

354 5993 396 6040 tur
417 5989 432 6040 l.
452 5989 521 6040 Tim.
542 5991 569 6052 6,
590 5989 616 6040 7.
1134 5995 1137 5998 “

424 6073 531 6130 ⁶Vers.
550 6077 579 6128 i.
594 6103 630 6114 -
650 6077 768 6130 Subinde
785 6079 912 6144 allegatur
929 6079 994 6132 Gen.
1016 6081 1062 6142 m,
1082 6079 1123 6130 st.
1145 6093 1200 6146 seq.

426 6159 491 6218 ⁰lta
509 6163 575 6230 GD,
596 6163 635 6214 elii
656 6165 735 6218 codd.
752 6173 779 6220 et
796 6167 856 6220 Vet.
875 6169 1050 6234 contemptus.

362 6267 363 6270 ’
425 6251 531 6310 τ44444.
551 6253 594 6306 ts.
614 6253 738 6320 (ACDH
749 6271 755 6306 :
775 6255 820 6310 Cui
841 6257 953 6308 multum
972 6253 1102 6310 timentum
1120 6261 1173 6322 est,
1197 6257 1308 6310 multum

354 6343 480 6412 enipetur
497 6341 533 6394 ab
551 6341 609 6408 eo),
626 6347 687 6406 post
706 6357 787 6408 quem
803 6343 884 6394 Hebr.
905 6345 933 6404 4,
954 6347 980 6394 4.
998 6349 1026 6396 44
1043 6343 1068 6394 3.

425 6427 436 6460 ⁸
454 6429 525 6484 Libr.
545 6429 632 6484 nunt.
653 6431 740 6482 bloral.
758 6445 783 6482 c.
803 6431 888 6490 tl.u.
911 6431 961 6484 ts:
983 6429 1111 6496 «Quibus
1124 6429 1255 6498 [hostibus
1268 6433 1312 6484 Ec·
1370 6465 1371 6468 =

353 6517 462 6586 clasiae]
481 6519 619 6586 aliquando
638 6521 717 6574 datur
734 6519 769 6572 ad
787 6519 914 6574 iudicium
932 6533 1011 6572 sunm
1019 6559 1029 6586 ,
1054 6523 1083 6572 nt
1109 6527 1179 6572 recte
1203 6521 1311 6586 quidem

353 6607 440 6672 aliqua
460 6607 555 6672 sciant,
573 6605 621 6658 sed
640 6619 672 6658 ex
690 6605 746 6670 ipsa
766 6607 814 6658 hac
834 6605 939 6658 scientia
959 6605 1125 6670 obligatiores
1145 6605 1178 6658 ad
1196 6619 1311 6670 poenam

355 6695 417 6746 liant
428 6713 454 6744 4.
474 6691 597 6746 Subinde
611 6691 645 6762 (c.
665 6695 706 6744 ta.
720 6709 745 6746 n.
758 6691 810 6760 te.)
825 6697 873 6746 hac
888 6693 914 6746 in
924 6707 954 6746 re
968 6693 1111 6758 allegantur
1122 6695 1186 6746 Luc.
1201 6695 1248 6756 ts,
1263 6693 1310 6746 tt:

354 6781 470 6846 Ser-oue,
484 6781 533 6850 qui
543 6781 678 6848 cognoscit
695 6781 861 6838 uoluntatem
878 6781 983 6838 domini
998 6781 1046 6836 sni
1055 6787 1105 6834 etc.
1118 6787 1145 6834 et
1157 6783 1206 6834 tac.
1215 6781 1250 6844 ,4,
1265 6781 1311 6834 ll:

354 6867 457 6922 Scienti
474 6867 558 6938 igitar
577 6867 678 6924 bonam
695 6871 786 6940 saeue
803 6875 852 6924 etc.
866 6869 947 6940 (idem
962 6875 1046 6926 tentus
1058 6871 1184 6940 allegatur
1197 6883 1213 6922 a
1226 6871 1251 6924 S.
1264 6871 1311 6922 Bo

2268 577 2334 644 ate

1376 767 1441 834 rari
1470 785 1527 854 per
1561 763 1748 838 Dominum,
1778 753 1818 820 ab
1850 751 1893 822 eis
1926 749 1981 838 qui
2012 747 2198 830 audierunt,
2224 751 2255 820 in
2280 773 2336 824 uos

1376 873 1560 940 confirmata
1581 877 1629 938 est
1644 877 1684 934 »t
1705 901 1752 916 ·-·
1772 861 1837 930 Alia
1863 859 1941 928 ratio
1965 864 2011 928 est
2027 865 2158 946 propter
2174 859 2336 932 oratorem
2355 883 2417 928 444
2432 887 2451 930 a

1376 979 1524 1042 ueritatis
1549 975 1728 1048 notitiam:
1758 969 1842 1038 unde
1874 967 2091 1054 Gregoriusr:
2121 965 2210 1034 «uti
2234 969 2335 1040 mains

1376 1089 1424 1148 est
1445 1081 1563 1150 donum
1586 1081 1754 1159 scientiae,
1785 1075 1827 1144 ibi
1860 1081 2073 1162 transgressor
2096 1073 2205 1142 maiori
2231 1075 2335 1144 subia-

1376 1193 1425 1254 cet
1448 1189 1560 1272 culpae
1575 1213 1608 1268 »3
1639 1187 1714 1272 quia
1746 1183 1862 1252 dicitur
1891 1183 1992 1250 iacobi
2024 1187 2160 1270 quarto:
2189 1207 2204 1240 «
2221 1183 2334 1252 Scienti

1377 1293 1495 1360 bouum
1518 1293 1623 1360 facere
1645 1303 1678 1360 et
1699 1311 1762 1360 nou
1777 1291 1901 1358 facienti
1928 1297 2088 1376 peccatum
2114 1295 2160 1356 est
2183 1289 2229 1354 illi
2244 1315 2273 1356 s.
2294 1329 2333 1342 ..-

1376 1399 1410 1462 Et
1435 1399 1519 1484 quod
1544 1399 1812 1486 contemptoribus
1841 1395 1985 1464 veritatis
2012 1397 2152 1462 maxima
2183 1395 2334 1466 debeatur

1376 1521 1495 1588 poena,
1517 1511 1604 1588 patet
1627 1523 1668 1572 ex
1691 1507 1752 1570 boc
1774 1503 1860 1590 quod
1882 1503 1999 1572 dicitnr
2021 1503 2061 1570 ad
2083 1505 2240 1572 Romanos
2268 1505 2334 1590 pri-

1375 1607 1452 1672 mo⁹
1475 1609 1515 1674 de
1538 1609 1746 1692 quibusdam,
1767 1609 1840 1692 qui,
1864 1633 1879 1668 n
1894 1627 1967 1676 cum
1985 1609 2082 1676 Deum
2102 1609 2331 1696 cognovissent,

1376 1731 1438 1780 nou
1460 1713 1544 1780 sicut
1567 1715 1668 1780 Deum
1691 1711 1946 1798 glorificaverunt
1961 1741 1994 1794 s,
2009 1715 2094 1800 quod
2117 1717 2274 1784 «tradidit
2299 1717 2334 1794 il÷

1376 1821 1422 1886 los
1444 1819 1528 1884 Deus
1552 1819 1582 1884 in
1607 1819 1777 1902 reprobum
1803 1835 1977 1886 sensum».
1997 1821 2127 1886 stratio
2151 1821 2247 1888 huius
2262 1825 2332 1890 red-

1376 1923 1480 2002 ditur,
1504 1923 1578 2008 quia
1608 1947 1624 1980 <t
1639 1939 1702 1988 uon
1726 1921 1942 2006 probauerunt
1964 1925 2065 1990 Deum
2080 1925 2198 1992 habere
2223 1927 2255 1990 iu
2278 1945 2333 1994 mo-

1376 2029 1491 2094 dha».

1464 2137 1518 2202 44.
1544 2135 1644 2220 (lars.
1674 2133 1749 2218 l3.).
1772 2135 1835 2200 Vae
1853 2133 1922 2214 tibi,
1942 2133 2110 2202 Corozoin
2126 2142 2184 2202 etc.
2200 2137 2254 2204 Hic
2270 2145 2334 2206 ter·
2349 2155 2379 2218 ne
2393 2155 2490 2212 inerera-

1377 2239 1420 2306 tio
1443 2241 1512 2308 loco
1534 2239 1740 2326 subiungitur
1769 2241 1951 2326 increpatio
1976 2247 2254 2326 contemptorum,
2279 2245 2333 2326 qui
2354 2213 2484 2314 itthdib

1376 2353 1506 2432 propter
1528 2347 1591 2414 duo
1616 2347 1781 2414 aDomino
1799 2347 1979 2430 increpandi
1996 2347 2203 2414 ostenduntur
2220 2355 2251 2414 et
2267 2353 2334 2416 tau·
2363 2319 2478 2410 “ndidm‘

1377 2467 1471 2536 quam
1496 2451 1688 2520 damnabiles
1708 2459 1908 2538 arguuntur,
1934 2451 2052 2518 scilicet
2080 2457 2210 2536 propter
2239 2453 2333 2518 dari·

1379 2557 1457 2624 tiam
1484 2559 1594 2626 cordis
1619 2565 1649 2626 et
1672 2565 1803 2644 propter
1818 2557 2040 2626 accedentiam
2055 2557 2192 2634 mentis:
2216 2557 2333 2626 duritia

1377 2665 1479 2730 cordis
1511 2663 1659 2732 reddebat
1692 2683 1745 2730 eos
1774 2665 2034 2750 impoenitentes,
2066 2665 2121 2732 sed
2147 2665 2333 2732 excellentia

1377 2779 1586 2854 arroganter.

1464 2877 1569 2944 Primo
1583 2875 1695 2962 igitur,
1711 2875 1889 2962 increpans
1904 2877 2014 2944 cordis
2029 2875 2212 2954 dar-itiam,
2238 2875 2331 2942 dicit:
2352 2893 2383 2936 m
2397 2893 2476 2948 prmo.

1384 2985 1449 3052 Vae
1463 2983 1545 3064 nti,
1562 2983 1747 3052 Corozoin!
1763 3003 1823 3050 nae
1852 2983 1912 3064 idi,
1931 2983 2130 3050 Bethsaida!
2145 3001 2228 3070 quae
2244 2989 2334 3050 eraut

1377 3089 1457 3158 duae
1480 3091 1623 3158 civitates
1651 3089 1821 3170 Galilaeae,
1849 3091 1904 3156 ubi
1929 3091 2066 3176 plurima
2087 3089 2204 3156 iecerat
2228 3089 2331 3174 sigua,

1377 3203 1407 3266 et
1418 3202 1523 3263 tamen
1534 3197 1640 3264 adhuc
1649 3197 1853 3280 permanebat
1866 3197 1896 3262 iu
1910 3197 1954 3262 eis
1966 3197 2083 3262 duritia
2097 3199 2133 3262 1⁰.
2145 3235 2191 3244 -
2202 3197 2331 3280 Propter

1377 3303 1461 3388 quod
1484 3301 1611 3370 subdit:
1638 3301 1746 3386 Quia,
1775 3301 1809 3368 si
1837 3301 1875 3370 in
1908 3303 1997 3390 Tpro
2017 3309 2048 3370 et
2072 3301 2192 3370 Sidone
2221 3301 2332 3386 sactae

1376 3407 1519 3496 fuissent
1532 3409 1689 3490 uirtutes,
1707 3427 1791 3496 qtrae
1808 3409 1842 3476 in
1859 3409 1950 3476 nodis
1963 3407 2075 3494 factae
2090 3417 2189 3490 sunt,
2211 3407 2245 3474 id
2267 3415 2331 3488 est,
2374 3455 2376 3460 -

1376 3515 1401 3580 si
1424 3515 1577 3580 Dominus
1598 3515 1644 3582 eis
1667 3521 1754 3580 tanta
1773 3515 1928 3582 miracula
1949 3517 2134 3584 ostendisset
2156 3521 2228 3580 aute
2244 3531 2332 3580 suam

1376 3621 1613 3690 subversionem
1631 3657 1671 3672 -·
1689 3639 1782 3706 quam
1808 3621 2015 3690 comminatus
2037 3629 2085 3690 est
2108 3623 2261 3690 Dominus
2275 3639 2332 3706 per

1378 3727 1569 3796 Ezechielem
1591 3727 1741 3814 vigesimo
1765 3727 1896 3814 septimo
1909 3729 1956 3794 11:
1992 3729 2079 3796 «Tu
2111 3727 2153 3794 fut
2179 3727 2331 3806 hominis,

1376 3849 1502 3900 assume
1531 3851 1629 3918 super
1658 3835 1776 3918 Tyrum
1801 3835 1970 3900 lamentum
1989 3861 2019 3914 s,
2043 3839 2075 3900 et
2098 3833 2131 3900 in
2154 3835 2216 3900 tine
2249 3833 2331 3920 capi-

1376 3939 1457 4006 tuli:
1484 3965 1502 3998 «
1517 3939 1562 4004 td
1584 3939 1716 4006 nibilum
1742 3939 1868 4006 redacta
1890 3957 1923 4006 es
1947 3947 1977 4006 et
2000 3959 2063 4006 nou
2088 3941 2151 4006 eris
2175 3957 2276 4024 usque
2301 3941 2332 4006 iu

1376 4045 1602 4132 sempiternum
1614 4071 1631 4104 ³>
1646 4083 1692 4094 -
1702 4045 1806 4113 adhuc
1822 4063 1884 4114 uon
1899 4053 2004 4114 essent
2018 4049 2199 4126 subuersae,
2215 4053 2248 4114 et
2261 4047 2331 4126 hoo,

1376 4151 1452 4236 quia
1472 4151 1710 4236 poenituissent.
1727 4189 1770 4202 —
1785 4151 1874 4220 Unde
1889 4151 1994 4218 addit:
2014 4153 2097 4220 Otim
2115 4153 2150 4220 in
2175 4153 2280 4220 cilicio
2305 4161 2333 4220 et

1377 4257 1483 4324 cinere
1506 4259 1648 4324 sedentes
1665 4259 1886 4342 poeniterent,
1902 4257 1984 4324 sicut
2000 4261 2142 4326 iecerunt
2164 4259 2331 4338 Ninivitas,

1376 4363 1414 4430 de
1439 4363 1555 4450 quibus
1578 4363 1668 4430 lonae
1686 4363 1835 4446 tertio12,
1859 4363 1946 4450 quod
1973 4389 1990 4424 4
2006 4363 2266 4450 praedicaverunt
2288 4365 2332 4432 ie-

1377 4471 1501 4538 iunium
1524 4475 1555 4538 et
1580 4469 1680 4536 restiti
1706 4477 1779 4536 suut
1802 4471 1899 4538 saccis
1922 4471 2079 4538 amiuore
2094 4489 2199 4558 usque
2213 4471 2254 4538 ad
2268 4489 2333 4538 ma-

1377 4577 1474 4642 iorem
1492 4603 1523 4642 ».
2259 4579 2261 4582 ’

1418 4699 1421 4706 ‘
1466 4681 1520 4750 43.
1544 4683 1581 4748 Et
1602 4687 1695 4762 nota,
1718 4683 1803 4768 quod
1828 4681 1889 4748 tria
1910 4681 2004 4762 dicit,
2027 4681 2058 4748 in
2087 4681 2204 4768 quibus
2226 4683 2472 4786 GXDP1·T'J},i,¹{,⁰,²,

1376 4789 1435 4856 mit
1457 4785 1664 4874 poeniteutiae
1688 4787 1929 4874 perlectionem,
1955 4788 2073 4856 scilicet
2099 4787 2264 4870 cilicium,
2288 4789 2333 4856 ci·
2361 4757 2446 4840 ptam?

1376 4915 1487 4962 nerem
1512 4901 1542 4962 ct
1565 4895 1752 4962 sessionem.
1776 4895 1809 4960 lu
1838 4893 2014 4978 poenitente
2036 4895 2121 4988 eninr
2143 4895 2236 4962 dehet
2267 4913 2334 4966 esse

1376 5003 1470 5070 dolor
1499 5021 1540 5070 eu
1573 5001 1821 5070 consideratione
1842 4999 1965 5068 diuinae
1988 5003 2142 5084 44444444,
2165 5011 2197 5070 44
2219 5003 2278 5070 boc
2302 5005 2334 5072 iu
2422 5065 2423 5068 ,

1376 5105 1507 5186 cilicio,-
1531 5105 1643 5188 timor,
1665 5125 1708 5172 ex
1730 5107 1976 5176 consideratione
1993 5107 2163 5188 uindictae,
2181 5115 2212 5178 et
2226 5109 2286 5176 boc
2303 5111 2333 5176 iu

1377 5479 1437 5518 nav.
1457 5467 1536 5530 paulo
1556 5463 1684 5534 interius).
1704 5451 1794 5530 Regul.
1815 5471 1911 5530 pastor.
1941 5479 1967 5532 p.
1995 5467 2032 5518 lll.
2062 5479 2085 5518 o.
2109 5467 2160 5518 23:
2181 5467 2238 5534 Quo
2264 5465 2332 5518 enim

1376 5553 1490 5622 quisque
1510 5555 1602 5608 melius
1622 5553 1705 5618 sapit,
1724 5569 1756 5606 eo
1775 5553 1890 5608 deterius
1909 5555 2038 5620 delinquit
2050 5561 2099 5608 etc.
2112 5553 2164 5608 Cir.
2178 5553 2241 5608 ibid.
2254 5569 2276 5608 c.
2290 5555 2333 5606 34.

1448 5639 1551 5694 ”Vera
1573 5643 1614 5704 44,
1634 5647 1693 5708 post
1711 5657 1790 5710 quem
1810 5659 1837 5698 v.
1855 5643 1899 5696 at.
1917 5649 1944 5696 et
1962 5645 2007 5696 48.

1449 5727 1471 5758 ¹⁰
1490 5733 1583 5784 Glossa
1595 5729 1737 5784 ordinario
1758 5731 1799 5800 (er
1819 5731 1903 5794 Beda,
1921 5731 1968 5800 qui
1985 5731 2104 5800 sequitur
2123 5731 2242 5794 Hieron,
2262 5733 2288 5784 ll.
2308 5731 2334 5782 in

1376 5817 1465 5870 Matth.
1484 5817 1528 5882 tt,
1546 5817 1599 5884 et.)
1619 5819 1647 5870 in
1664 5819 1727 5870 Luc.
1748 5821 1795 5884 tt,
1816 5821 1866 5872 l3:
1887 5817 2035 5884 corozaim,
2055 5817 2207 5886 Bethsaida,
2219 5819 2334 5884 Caphar·

1377 5919 1459 5956 naum
1477 5911 1503 5958 et
1522 5905 1641 5960 Tiberias
1667 5905 1785 5960 civitates
1814 5911 1873 5960 suut
1892 5907 2020 5958 Galilaeae
2037 5905 2064 5958 iu
2083 5905 2166 5960 littore
2185 5905 2232 5958 laci
2253 5909 2333 5958 Gene-

1377 5995 1473 6044 sareth.
1490 5995 1543 6046 Has
1562 5995 1662 6058 plangit
1680 5993 1824 6058 Dominus,
1841 5995 1903 6058 quio
1921 5997 1981 6058 post
2002 5999 2070 6046 tanta
2089 5993 2213 6046 nriracula
2233 5999 2261 6044 et
2282 5993 2334 6042 rir-

1377 6085 1446 6130 tutes
1464 6093 1517 6130 uon
1529 6079 1728 6142 poenitudinum
1757 6085 1782 6132 et
1799 6085 1860 6132 suut
1880 6081 1982 6146 peiores
2003 6079 2143 6146 gentilibus
2159 6081 2277 6132 naturale
2294 6091 2333 6130 so·

1376 6165 1515 6220 lummodo
1534 6165 1575 6218 ius
1593 6163 1793 6232 dissipantibus,
1812 6167 1873 6234 quia
1894 6173 1953 6232 post
1970 6167 2118 6230 descriptae
2138 6165 2202 6230 legis
2219 6171 2333 6218 contem·

1376 6261 1452 6320 ptum
1466 6255 1557 6308 Filium
1573 6267 1679 6322 quoque
1692 6253 1739 6308 Dei
1758 6255 1909 6308 conculcare
1923 6255 2089 6322 gratiamque
2102 6239 2199 6320 ingrati
2209 6267 2333 6318 spernere

1376 6357 1428 6394 nou
1447 6343 1599 6395 timuerunt

1448 6429 1470 6460 ¹¹
1489 6433 1564 6484 Vers.
1585 6433 1608 6496 2,
1627 6437 1653 6484 et
1669 6429 1782 6484 subinde
1799 6445 1826 6484 v.
1845 6431 1896 6484 36:
1922 6431 1962 6484 Ad
1980 6431 2089 6484 nibilum
2118 6431 2231 6484 deducta
2256 6445 2283 6484 es
2308 6439 2334 6484 et

1375 6533 1429 6572 non
1448 6517 1500 6572 eris
1519 6531 1604 6586 usque
1621 6517 1649 6570 in
1666 6525 1835 6586 perpetuum.
1852 6547 1890 6558 -
1908 6519 2034 6586 Superius
2046 6523 2106 6584 post
2120 6517 2148 6574 in
2159 6517 2232 6574 vobis
2245 6519 2333 6588 sactae

1375 6609 1440 6660 sant
1458 6607 1479 6658 D
1498 6605 1572 6658 addit
1590 6603 1627 6658 ad
1643 6611 1762 6662 oestrum
1779 6605 1911 6660 moimem
1929 6605 2139 6674 damnationem,
2154 6611 2180 6658 et
2192 6621 2238 6674 pro
2252 6621 2333 6662 suom

1376 6693 1449 6764 [liat.
1469 6693 1524 6764 sete]
1542 6691 1741 6750 redemtionem
1760 6697 1782 6748 44
1799 6683 1881 6748 suom
1900 6693 2113 6750 destructionem.

1448 6781 1470 6814 ¹²
1488 6787 1564 6838 Vere.
1586 6787 1613 6850 5,
1636 6783 1661 6838 in
1679 6787 1756 6838 cuius
1769 6785 1820 6838 tine
1839 6783 1952 6850 Vulgata
1970 6789 1995 6838 et
2015 6787 2074 6840 liat.
2091 6799 2108 6840 o
2128 6783 2229 6840 maiore
2249 6799 2334 6854 resque

1374 6871 1413 6928 od
1428 6871 1573 6928 minorum.
