5908 8266
1029 565 1221 634 conluunt,
1244 563 1283 632 lN
1304 561 1544 632 nvtuunntuu
1567 561 1683 630 tuctu
1709 561 1738 628 C.
1766 563 1828 630 XV.

279 771 384 818 casana
403 771 425 814 n
441 751 535 818 debet
549 747 667 824 habere
682 747 715 812 in
731 744 989 822 conuersatione,
1007 741 1178 810 secundum
1196 741 1274 810 illud
1289 741 1328 808 ad
1343 741 1401 810 Co-

297 833 411 920 ⁰⁰dditf³'
441 857 598 920 lossenses
629 856 761 938 quarto:
791 851 931 918 «Sermo
955 855 1057 916 vester
1091 867 1215 936 semper
1235 847 1269 914 in
1298 847 1401 934 gratia

442 959 505 1024 sale
531 957 569 1022 sit
601 955 742 1022 conditus
758 979 795 1036 »3
827 953 919 1042 quia,
950 953 1033 1022 sicut
1054 971 1116 1020 non
1149 961 1249 1042 potest
1280 953 1400 1022 comedi

441 1061 549 1140 cibus,
572 1061 631 1128 nisi
656 1061 695 1128 sit
719 1061 783 1130 sale
804 1061 963 1140 conditus,
986 1059 1032 1126 sic
1052 1077 1110 1128 neo
1134 1059 1314 1128 stomachus
1331 1077 1400 1128 cor-

442 1165 490 1232 dis
512 1167 648 1234 verbum
671 1167 801 1250 suscipit
823 1165 1044 1246 indiscretum
1067 1165 1120 1232 lob
1145 1173 1251 1234 muto:
1283 1165 1401 1232 «Nun-

443 1271 519 1358 quid
550 1273 666 1358 poterit
695 1271 814 1340 comedi
847 1271 1020 1352 insulsum,
1051 1271 1137 1358 quod
1166 1291 1229 1340 non
1260 1277 1306 1340 est
1336 1275 1400 1340 sale

277 1393 425 1490 scriptula
443 1379 603 1448 eonditum
626 1387 672 1446 »t
710 1379 807 1448 Debet
841 1379 935 1474 etiam
974 1379 1092 1448 habere
1128 1379 1329 1466 sapientiam
1365 1379 1398 1446 in

287 1459 385 1546 0011ῗῖ1
396 1459 419 1490 ³⁸
443 1487 731 1570 contenplattoue;
752 1485 837 1552 unde
859 1483 985 1552 Levitioi
1009 1487 1172 1554 secundo²
1195 1487 1399 1572 praecipitur,

442 1591 528 1676 quod
551 1591 582 1656 in
607 1591 690 1658 omni
723 1591 873 1658 sacrilieic
896 1589 1047 1656 alteratur
1070 1591 1125 1658 sal.
1158 1591 1193 1659 lit
1224 1591 1311 1670 talis,
1345 1591 1401 1676 qui

441 1695 582 1780 prudens
605 1699 705 1762 estet
729 1697 864 1780 sapiens,
889 1701 975 1762 recte
989 1695 1088 1762 verbo
1109 1701 1142 1762 et
1164 1697 1308 1782 exemplo
1326 1715 1400 1764 con-

441 1799 615 1866 dimentum
647 1807 693 1868 est
719 1801 886 1880 Ecclesiam
919 1798 1001 1867 unde
1025 1799 1131 1868 Glossa
1145 1801 1174 1866 2:
1204 1827 1221 1860 ε
1240 1801 1290 1868 Sal
1313 1803 1401 1868 eibos

442 1903 563 1984 condit,
589 1921 713 1972 vermes
735 1913 843 1986 necat,
866 1923 976 1972 carnes
1004 1905 1117 1984 siccae
1143 1907 1185 1972 sic
1211 1905 1400 1990 praedicatio

441 2033 461 2078 a
491 2013 653 2080 vermibus
681 2013 832 2078 vitiorum
866 2019 898 2078 et
927 2011 1095 2096 putredine
1126 2011 1265 2078 illaesam
1295 2017 1401 2080 servat

291 2133 378 2190 Quando
393 2135 425 2176 sat
443 2117 582 2186 Creatori
606 2135 664 2186 suo
686 2117 857 2184 humanam
879 2123 1026 2182 naturam
1043 2141 1073 2180 a.
1100 2153 1143 2166 --
1167 2117 1226 2182 Sed
1247 2123 1326 2184 tunc
1348 2117 1401 2182 sat

297 2193 419 2232 mm
443 2225 622 2304 euanescit,
648 2221 773 2306 quando
803 2219 919 2288 Christi
952 2221 1124 2306 discipulus
1156 2219 1290 2288 efficitur
1312 2221 1401 2288 inde-

443 2339 537 2398 votus
557 2333 591 2396 in
614 2325 871 2412 contemplatione
895 2333 925 2392 et
947 2315 1136 2394 indiscretos
1163 2327 1193 2392 in
1226 2327 1347 2394 actione
1367 2333 1400 2392 et

442 2437 476 2502 in
501 2435 747 2522 praedicatione,
776 2433 857 2500 sicut
890 2433 928 2500 de
955 2433 1015 2500 illis
1039 2433 1155 2500 dieitur
1182 2431 1224 2498 ad
1247 2435 1401 2500 Romanos

443 2543 585 2626 primo³:
616 2543 850 2608 «Evanueront
871 2537 905 2604 in
927 2537 1166 2624 cogitationibus
1188 2537 1274 2618 suis,
1296 2543 1329 2604 et
1344 2537 1400 2604 ob-

443 2655 606 2714 scuratum
627 2653 675 2714 est
697 2645 848 2730 insipiens
869 2663 924 2712 cor
947 2663 1056 2712 eorum
1073 2671 1091 2704 »
1117 2651 1193 2724 etc.;
1223 2651 1252 2710 et
1277 2645 1337 2710 hoo
1352 2651 1401 2710 est

278 2751 618 2866 sunanegam-maximum
634 2751 819 2836 periculum.
838 2785 881 2798 -·
898 2749 968 2816 ldeo
990 2747 1110 2816 subdit:
1133 2751 1174 2816 Iu
1190 2767 1253 2836 quo
1271 2747 1400 2814 occata-

371 2852 377 2864 ’
443 2855 524 2922 tar?
548 2857 635 2942 quasi
662 2857 762 2924 dicat:
788 2857 818 2922 in
842 2857 946 2936 nnllo;
965 2855 1047 2924 unde
1062 2855 1266 2924 Ecclesiastici
1283 2855 1399 2922 duode-

443 2963 523 3028 cimo
536 2963 565 3028 4:
588 2963 692 3046 «Quis
708 2963 909 3030 miserebitur
932 2963 1115 3030 incantatori
1132 2981 1152 3028 a
1167 2967 1311 3046 serpente
1326 2979 1400 3046 per-

442 3083 535 3134 cusso
550 3075 587 3132 ot
605 3067 692 3152 quasi
708 3067 804 3146 dicat,
819 3067 905 3152 qood
920 3067 990 3134 talis
1004 3085 1137 3152 prorsus
1154 3073 1199 3134 est
1215 3065 1400 3150 despectibi-

443 3171 482 3238 lis
497 3177 528 3236 et
544 3171 663 3238 inutilis
678 3179 741 3238 tam
756 3189 863 3236 coram
886 3173 950 3238 Deo
967 3189 1061 3258 quam
1075 3191 1182 3240 coram
1203 3171 1398 3252 hominibus,

443 3285 505 3344 tam
530 3277 561 3344 in
584 3277 705 3344 actibus
730 3275 944 3362 spiritualibus
968 3295 1062 3364 quarn
1086 3279 1118 3344 in
1140 3279 1374 3364 temporalibus.

534 3385 584 3448 68.
614 3383 716 3466 (Vers.
749 3381 825 3464 dh).
860 3381 928 3448 ldeo
959 3381 1063 3448 addit:
1099 3381 1206 3470 Neque
1236 3383 1273 3450 r'n
1306 3391 1400 3452 terra

293 3505 544 3578 tantulumcunque
559 3489 596 3556 tu
617 3485 823 3576 sterquilinio
837 3487 851 3528 ὅ
866 3485 943 3552 utde
967 3493 1031 3566 cst,
1050 3481 1107 3554 sed
1120 3485 1220 3574 foras
1241 3489 1398 3554 mittetur.

324 3559 390 3604 sm
442 3595 566 3662 Glossa:
589 3593 696 3676 ‹<Quia
725 3591 779 3676 qui
802 3599 888 3658 retro
917 3591 999 3656 vadit
1030 3611 1132 3678 neque
1160 3593 1227 3678 ipse
1256 3591 1398 3660 fructum

442 3701 526 3768 terre
543 3717 645 3784 neque
662 3697 738 3764 alios
760 3697 908 3764 excolere
930 3697 1012 3764 valet
1030 3723 1059 3776 »3
1084 3699 1194 3776 immo,
1220 3699 1303 3782 quod
1327 3701 1400 3784 plus

385 3875 386 3878 ,
441 3815 503 3886 est,
520 3805 621 3872 reddit
644 3809 762 3872 terram
787 3803 941 3882 sterilem,
959 3803 1034 3890 quia
1049 3803 1101 3870 vir
1113 3803 1272 3888 perlectus
1287 3805 1400 3872 cadens

442 3931 501 3980 suo
524 3913 606 3980 malo
628 3911 774 3996 exemplo
790 3907 865 3978 alios
888 3909 990 3976 reddit
1009 3909 1135 3976 inutiles
1160 3911 1197 3978 ad
1221 3911 1338 3978 bonum
1354 3911 1368 3976 i
1384 3947 1400 3958 -

443 4019 598 4088 ciendum.
623 4019 659 4084 Et
680 4019 749 4086 ideo
781 4017 828 4086 vir
854 4015 1051 4084 retrocedens
1078 4023 1281 4102 comparatur
1303 4017 1399 4082 uxori

442 4127 514 4206 Lot,
547 4127 585 4192 de
616 4145 679 4212 qua
705 4109 824 4192 ‘dicitur
857 4123 984 4190 Genesis
1013 4121 1132 4190 decimo
1164 4123 1284 4204 nonni,
1313 4123 1399 4208 quod

2346 575 2407 644 381

1469 739 1668 828 «respiciens
1694 745 1796 820 retro,
1823 757 1912 808 versa
1943 747 1989 810 est
2015 743 2044 810 in
2069 747 2204 810 statuam
2234 743 2307 812 salis
2327 769 2361 824 »;
2387 753 2418 814 ot

1463 845 1532 914 ideo
1553 847 1796 916 Proverbiorum
1822 853 1927 916 sexto:
1960 851 2087 914 «Homo
2101 853 2260 934 apostata,
2281 849 2332 916 vir
2346 849 2418 918 inu-

1463 953 1542 1034 tilis,
1567 953 1713 1040 gradiens
1726 973 1782 1022 ore
1804 971 1985 1040 perverso»
2016 959 2074 1022 etc.
2087 989 2130 1004 ···-
2143 953 2227 1022 Sicut
2251 951 2346 1040 igitur
2362 973 2416 1022 ae·
2432 973 2545 1032 sacrant.

1463 1061 1612 1146 difieiurn
1637 1063 1801 1148 inceptura
1830 1067 1858 1128 et
1888 1079 1954 1128 non
1976 1069 2244 1128 consummarunt
2267 1059 2305 1126 ad
2335 1061 2417 1128 nihi-

1464 1167 1529 1232 lum
1551 1167 1629 1234 utile
1646 1173 1707 1246 est,
1729 1175 1761 1234 et
1791 1169 1900 1246 homo,
1915 1167 1971 1250 qui
1994 1165 2109 1250 incepit
2140 1171 2169 1232 et
2187 1185 2249 1232 non
2272 1165 2417 1252 perlecit,

1463 1271 1501 1338 ab
1518 1271 1663 1340 omnibus
1682 1271 1860 1350 deridetur;
1886 1277 1915 1338 et
1931 1271 2076 1338 similiter
2097 1271 2151 1336 ille
2172 1269 2227 1356 qui
2245 1269 2280 1336 r'u
2291 1271 2417 1354 proelio

1463 1387 1665 1464 suparatur:
1689 1379 1732 1448 sic
1757 1387 1787 1446 et
1817 1377 2003 1466 discopulus
2030 1385 2224 1464 apostatans
2248 1375 2418 1460 despicitur

1465 1491 1613 1572 tanquam
1636 1485 1689 1552 sol
1718 1483 1947 1572 infatuatam·
1977 1485 2061 1554 unde
2091 1483 2236 1552 Matthaei
2261 1483 2370 1570 quinto
2387 1481 2417 1546 ⁷:

1469 1591 1545 1658 «dd
1568 1591 1701 1658 nihilum
1724 1593 1806 1658 valet
1835 1589 1936 1670 ultra,
1960 1591 2020 1658 nisi
2040 1597 2079 1660 ut
2107 1591 2253 1658 mittatur
2274 1589 2357 1656 toras
2389 1589 2419 1652 et

1465 1697 1666 1764 conculcetur
1688 1697 1728 1760 ab
1746 1695 1926 1762 hominibus
1943 1721 1974 1760 a.

1551 1803 1604 1866 69.
1630 1799 1734 1866 Tertio
1758 1805 1911 1886 putantum
1942 1800 1980 1867 ad
2003 1799 2214 1886 spirituatem
2240 1799 2416 1886 interlinea-
2430 1817 2506 1872 ouaa
2519 1819 2584 1882 sprar-

1464 1907 1543 1972 tt'ant
1560 1907 1735 1992 utriusque
1751 1905 1928 1990 subiungit:
1949 1907 2016 1988 Qat'
2029 1905 2121 1972 babet
2143 1925 2242 1972 aures
2260 1871 2586 1988 1111111111111111

1464 2009 1604 2088 audian·
1626 2009 1660 2076 in
1682 2027 1745 2096 quo
1770 2011 1879 2078 invitat
1909 2009 1949 2076 ad
1971 2009 2141 2096 perlectam
2163 2013 2415 2098 intelligentiam,
2442 1983 2562 2034 ⁰²¹¹⁰⁵q”²‘

1463 2123 1498 2182 ut
1524 2133 1586 2182 non
1607 2117 1710 2182 solum
1736 2116 1835 2182 verba
1855 2115 2016 2198 praedicta
2041 2116 2211 2184 audiantur
2240 2117 2343 2204 quoad
2366 2135 2418 2184 so

1463 2241 1544 2288 nuru
1567 2221 1727 2300 vocantu,
1751 2221 1789 2288 de
1813 2239 1876 2306 quo
1900 2220 2015 2289 dicitur
2037 2221 2183 2288 Matthaei
2211 2223 2332 2288 decimo
2354 2231 2418 2290 ter-

1464 2327 1548 2396 tio⁸:
1580 2353 1596 2386 o
1610 2327 1820 2394 incrassatum
1842 2335 1890 2394 est
1919 2345 1973 2394 cor
1996 2327 2102 2414 populi
2136 2327 2248 2408 huius,
2273 2333 2303 2394 et
2334 2327 2419 2394 auri·

1464 2433 1524 2500 bus
1552 2433 1690 2516 graviter
1721 2433 1890 2500 audierunt
1904 2457 1943 2512 »3
1971 2451 2085 2500 verum
2113 2435 2208 2500 etiam
2237 2433 2341 2520 quoad
2368 2431 2418 2498 r‘n-

1464 2537 1619 2604 teltceturn
1647 2535 1876 2630 spiritualem,
1912 2537 2085 2606 secundum
2106 2537 2186 2606 illud
2210 2537 2262 2604 lob
2283 2537 2417 2604 ultimo:

1469 2643 1620 2709 thuditu
1644 2643 1730 2708 auris
1761 2641 1863 2708 audivi
1881 2651 1941 2724 sce,
1964 2661 2048 2711 nunc
2080 2645 2191 2712 oculus
2220 2661 2311 2712 meus
2334 2643 2418 2710 videt

1463 2753 1493 2814 te
1508 2771 1544 2828 >›;
1565 2747 1720 2814 Psalmus:
1740 2771 1758 2806 ε
1775 2747 1917 2830 Audiam,
1934 2749 2012 2834 quid
2034 2752 2182 2836 loquatur
2199 2751 2229 2816 in
2246 2765 2296 2816 me
2312 2747 2417 2816 Domi·

1463 2873 1524 2922 nus
1539 2855 1623 2922 Deus
1639 2879 1654 2912 2>
1675 2861 1751 2934 etc.;
1770 2861 1799 2922 et
1816 2855 1908 2922 etiam
1923 2857 2028 2942 quoad
2042 2855 2190 2944 ellectum
2205 2855 2417 2934 natanaelem

1463 2961 1560 3030 iacobi
1586 2961 1688 3048 primo
1701 2963 1730 3026 ⁹:
1761 2987 1777 3020 a
1793 2963 1896 3030 Estote
1910 2949 2043 3032 lautores
2058 2963 2162 3044 verbi,
2178 2983 2240 3032 non
2256 2963 2415 3032 auditores

1464 3075 1585 3136 tantum
1600 3095 1631 3134 ».
1657 3069 1729 3136 Vult
1752 3069 1849 3154 igitur
1871 3071 1992 3150 dicere,
2018 3069 2100 3158 qnod
2132 3071 2225 3140 verba
2249 3071 2418 3154 praemissa
2435 3087 2568 3134 statuta.

1464 3185 1538 3244 sunt
1555 3175 1776 3260 paratellam
1798 3181 1830 3242 et
1859 3175 1929 3246 ideo
1953 3185 2027 3246 sunt
2057 3175 2263 3262 spiritualiter
2293 3181 2326 3242 et
2354 3195 2417 3242 non

1464 3281 1629 3350 carnaliter
1664 3281 1818 3348 audienda
1847 3288 1878 3350 et
1901 3283 2109 3362 discutienda,
2136 3283 2307 3352 secundum
2339 3281 2417 3350 illud

1464 3385 1705 3452 proverbiorum
1726 3387 1886 3470 primo1⁰z
1914 3389 2079 3456 «Audiens
2102 3389 2224 3472 sapiens
2247 3387 2416 3472 sapientior

1463 3491 1540 3572 erit,
1563 3497 1596 3560 et
1624 3493 1798 3578 intelligens
1822 3495 2035 3578 gubernacula
2065 3495 2256 3580 possidebit;
2279 3495 2417 3562 animad-

1463 3605 1563 3664 vertet
1595 3599 1774 3684 parabolam
1796 3605 1828 3666 et
1850 3599 2154 3686 interpretationem,
2177 3599 2274 3668 verba
2295 3599 2417 3684 sapien-

1463 3711 1530 3770 tum
1560 3711 1593 3770 et
1613 3703 1788 3788 aenigmata
1814 3723 1923 3772 eorum
1941 3733 1971 3772 a.
1996 3707 2056 3790 Qui
2081 3707 2140 3774 hoe
2169 3707 2262 3772 modo
2283 3705 2417 3772 audiunt

1464 3809 1596 3876 verbum
1618 3809 1672 3876 Dei
1698 3809 1910 3878 efficacissime
1932 3811 2121 3896 suscipiunt,
2147 3811 2237 3878 iuxta
2261 3809 2338 3876 illud
2360 3809 2416 3876 lic-

1463 3913 1623 3980 ctesiastici
1637 3901 1796 3998 'vigesimo
1819 3922 1931 4000 quarto
1946 3917 1987 3980 11;
2018 3915 2109 4000 «Qui
2132 3917 2266 3982 audiunt
2280 3929 2331 3980 me
2352 3933 2416 3980 nou

1463 4019 1713 4100 contundentur,
1735 4027 1768 4086 et
1797 4019 1853 4104 qui
1876 4027 2046 4106 operantur
2078 4023 2109 4088 in
2141 4037 2191 4088 me
2213 4037 2275 4088 non
2305 4037 2413 4102 pecca-

1463 4123 1549 4190 bunt.
1574 4123 1634 4208 Qui
1655 4122 1809 4190 elucidant
1834 4143 1884 4192 me
1907 4125 2001 4192 vitam
2025 4133 2184 4192 aeternam
2208 4121 2367 4190 habebunt
2383 4151 2415 4190 a.

1302 4385 1484 4454 Castrorum
1506 4387 1569 4454 XV.

533 4651 680 4742 impietas
701 4649 885 4724 ludaeorum
910 4649 1093 4722 contutatur
1115 4647 1299 4740 tripliciter.

535 4869 561 4932 l.
581 4869 688 4934 Erant
704 4873 813 4934 autent
830 4865 1133 4952 appropinquantes
1149 4869 1206 4930 etc.
1232 4863 1399 4946 Postquam

443 4969 615 5038 confutavit
643 4971 839 5036 dolositatem
871 4969 1109 5036 Pharisaeorum
1139 4965 1398 5034 calumniantium

443 5075 558 5144 Christi
581 5075 751 5162 potentiam
766 5075 800 5140 in
815 5075 990 5154 miracolis,
1006 5075 1039 5140 in
1060 5075 1119 5140 hac
1136 5079 1227 5158 parte
1247 5069 1400 5156 confutat

443 5201 558 5250 eorum
581 5183 780 5268 inopinatam
803 5181 1110 5248 remurmurantium
1131 5186 1241 5246 contra
1264 5181 1399 5246 clemen-

443 5289 517 5354 tiam
535 5289 566 5354 in
582 5289 732 5374 operibus
746 5285 918 5372 pietatis12.
935 5286 1092 5354 Dividitur
1107 5291 1213 5352 autem
1234 5285 1309 5354 haec
1325 5303 1400 5370 pars

513 5693 522 5726 ¹
545 5699 618 5750 vers.
638 5697 686 5750 lb:
706 5695 842 5762 Quidquid
860 5695 986 5750 obtuleris
1004 5695 1130 5762 sacrillcii,
1145 5699 1333 5762 saturandus,
1353 5711 1401 5750 uec

397 5779 399 5784 ’
442 5789 546 5840 auteres
563 5787 601 5836 sel
620 5787 732 5840 laederis
749 5785 796 5838 Dei
815 5785 852 5836 tui
871 5783 906 5838 de
923 5785 1050 5838 sacriticio
1067 5791 1120 5840 luo.
1140 5789 1167 5840 ln
1184 5785 1255 5838 ononi
1270 5785 1401 5840 oblatione

325 5861 327 5864 ’
360 5915 361 5918 ,
443 5881 489 5928 tua
511 5875 606 5928 ollares
630 5875 678 5926 sal.
694 5903 732 5912 -
749 5873 875 5938 Superius
900 5887 948 5938 pro
973 5861 1131 5940 cupiditiam
1151 5875 1329 5942 eruperant,
1350 5873 1400 5928 CF

362 5971 364 5974 ·
441 5963 606 6032 cupienten,
627 5961 684 6014 Vel.
704 5963 800 6014 omittit
816 5959 846 6014 in
865 5961 1094 6028 contemplatione.

481 6095 482 6098 ,
513 6047 524 6078 ²
546 6049 644 6104 Scilicet
664 6047 804 6104 orcliuurv'a
824 6047 862 6116 (in
875 6051 936 6100 Luc.
951 6049 999 6112 11,
1013 6051 1080 6118 31),
1096 6049 1399 6116 decoramentum,

444 6143 460 6192 1.
481 6139 625 6194 Comment.
644 6139 672 6190 in
690 6139 777 6190 ttatth.
797 6139 826 6202 5,
849 6137 889 6188 13.
909 6165 943 6176 -
962 6137 1014 6190 Clr.
1033 6139 1179 6204 Chrysost„
1197 6139 1293 6192 Hamil,
1312 6139 1356 6192 to.
1372 6139 1400 6190 in

440 6219 529 6278 'llatth
551 6227 579 6290 5,
602 6227 642 6278 13.
662 6239 717 6292 sep.
738 6223 797 6292 (Op.
816 6223 982 6288 imperfect).
1232 6221 1336 6276 “Vera
1356 6224 1398 6274 11.

440 6315 442 6318 ’
512 6311 525 6342 ⁴
545 6315 618 6368 Vers.
638 6315 687 6378 13,
706 6313 752 6368 ubi
770 6325 819 6382 pro
837 6309 1007 6364 redamabat-ur
1032 6311 1109 6364 codd.
1131 6309 1297 6380 condebitam
1321 6311 1398 6366 Card.

442 6401 519 6466 Ilugo
533 6403 666 6466 duplicem
684 6407 750 6456 hanc
769 6401 906 6454 lectionem
926 6401 998 6452 aneu
1015 6405 1041 6452 et
1058 6401 1178 6466 exponit3
1196 6401 1287 6452 Glossa
1300 6397 1399 6454 interli-

442 6487 534 6542 nearis
553 6491 577 6540 in
597 6491 660 6542 Luc.
680 6491 728 6554 tt,
747 6487 797 6540 at:
816 6485 882 6550 (lais
901 6485 1076 6542 medicabitur
1097 6485 1261 6540 incantatori
1276 6491 1325 6540 eto.

512 6571 525 6602 ⁵
546 6577 603 6628 Vat.
622 6591 682 6628 cum
702 6577 825 6640 Vulgata:
847 6575 936 6642 Neque
957 6573 1107 6628 creterram
1124 6573 1248 6642 nerstein
1266 6573 1399 6642 statuario*-

441 6663 529 6718 nt'nnt.
552 6691 583 6702 -
604 6665 693 6716 Glosse
715 6677 769 6728 sep.
790 6667 827 6716 est
847 6661 988 6716 ordinaria
1007 6661 1050 6728 (ex
1066 6659 1147 6728 Dedo)
1167 6663 1239 6726 apud
1256 6665 1399 6726 Lyranom.

443 6753 501 6804 Vnt.
520 6767 572 6806 non
591 6751 675 6806 verba
692 6751 817 6816 Glossue,
840 6751 887 6804 sed
906 6751 989 6816 ipsius
1005 6751 1092 6804 Bedae
1111 6753 1191 6802 effert.

512 6837 524 6868 ⁶
544 6841 618 6894 Vers.
629 6841 672 6908 16,
682 6845 829 6906 postquem
840 6841 918 6892 Prov.
927 6841 950 6908 d,
963 6843 1003 6892 11.
1014 6839 1066 6894 Clr.
1076 6855 1157 6908 supra
1167 6853 1189 6892 c.
1199 6839 1226 6892 9.
1235 6855 1260 6890 u.
1274 6839 1284 6890 1
1295 6839 1332 6892 to.
1343 6853 1398 6908 serp.

1461 4649 1491 4716 in
1512 4655 1618 4738 partes
1635 4656 1710 4718 tres.
1732 4651 1767 4716 ln
1782 4669 1917 4738 quarum
1937 4649 2039 4736 prima
2052 4649 2266 4736 praemittitur
2285 4667 2417 4736 capros·
2435 4665 2526 4712 οεεο.

1460 4757 1509 4824 sto
1534 4757 1713 4842 impietatis
1734 4757 1902 4824 Iudaicae.
1926 4757 1962 4824 ln
1980 4757 2115 4826 secunda
2140 4757 2285 4826 subditur
2307 4757 2416 4824 onorat·
2564 4761 2565 4764 ’

1461 4859 1593 4950 festatt'o
1610 4863 1745 4946 pietatis
1769 4863 1920 4942 divinae,
1944 4861 1986 4930 ibi
2000 4865 2041 4928 1³:
2066 4865 2105 4928 nt
2129 4863 2178 4928 at't
2202 4863 2247 4930 ad
2270 4861 2416 4946 diespa-

1462 4965 1612 5034 rabolana
1636 4973 1694 5034 etc.
1719 4967 1751 5032 ln
1769 4969 1860 5034 tertia
1883 4985 1959 5036 vero
1973 4967 2156 5054 adiungitur
2178 4967 2416 5036 commendatio

1463 5081 1489 5140 et
1508 5073 1686 5158 persuasio
1709 5073 1842 5160 pietatis
1863 5071 2046 5154 humanae,
2071 5075 2292 5144 inlra‘decimo
2309 5079 2415 5142 sexto:

1462 5177 1598 5246 Dicebat
1619 5187 1731 5246 autern
1752 5187 1783 5246 et
1803 5179 1851 5246 ad
1871 5181 2051 5266 discipulos
2078 5201 2174 5248 suos:
2209 5181 2311 5248 Homo
2343 5179 2416 5266 pui-

1463 5285 1543 5350 datu
1565 5293 1640 5352 erat
1663 5285 1761 5352 acccc.

1535 5693 1544 5726 ⁷
1563 5699 1638 5752 Vers.
1661 5699 1700 5750 13.
1721 5725 1754 5734 -
1775 5697 1899 5762 Superius
1916 5695 2025 5750 ACDF
2043 5699 2166 5750 omittunt
2183 5701 2208 5752 et
2225 5709 2280 5750 uon
2292 5693 2413 5766 perficit,

1463 5791 1488 5838 et
1505 5799 1554 5850 pro
1574 5783 1608 5840 ab
1625 5783 1747 5840 ontna'bus
1767 5783 1927 5838 substituunt
1944 5783 1978 5840 ab
1997 5783 2157 5840 horninibus.

1535 5867 1545 5900 ⁸
1565 5873 1638 5924 Vers.
1659 5871 1700 5924 15.
1719 5901 1753 5910 -
1774 5875 1921 5938 Sequuntur
1939 5869 1984 5924 lob
2004 5873 2051 5934 11,
2071 5873 2095 5924 5.
2114 5877 2141 5924 et
2158 5875 2200 5924 Ρε.
2219 5871 2266 5938 81,
2285 5871 2310 5920 e.

1534 5955 1639 6012 9νεεε.
1659 5961 1701 6012 11.
1723 5987 1753 5996 -
1773 5963 1862 6012 Glossa
1886 5957 2066 6014 interlinearis
2087 5959 2127 6026 (ex
2153 5959 2249 6026 Bedalr
2270 5957 2324 6020 Qui
2340 5955 2417 6012 tradet

1428 6017 1431 6062 ¹
1463 6059 1545 6100 aures
1562 6045 1702 6120 erudiendi,
1722 6047 1818 6112 paribus
1837 6045 1947 6100 verbum
1967 6047 2015 6098 Dei
2032 6047 2167 6110 percipere
2192 6045 2288 6110 possit,
2306 6041 2416 6108 audiat,

1463 6133 1611 6188 obediendo
1629 6139 1656 6186 et
1674 6135 1791 6186 laciendo
1809 6135 1882 6200 quod
1901 6133 2001 6188 didicit.

1535 6215 1557 6248 ¹⁰
1577 6221 1652 6272 Vers.
1670 6221 1695 6272 5.
1715 6227 1739 6274 et
1758 6223 1783 6274 6.
1795 6247 1831 6260 -··
1844 6221 2043 6286 Theophanen,
2062 6221 2090 6272 in
2107 6221 2170 6272 Luc.
2190 6219 2417 6286 1135111110-

1463 6309 1533 6362 niem
1551 6307 1680 6362 obseruas
1699 6307 1916 6374 parabolicusque
1933 6321 2022 6362 sermo
2039 6307 2080 6362 ille
2098 6307 2159 6372 luit,
2180 6311 2292 6362 excitans
2318 6307 2416 6360 audito·

1463 6413 1504 6452 res
1525 6399 1664 6462 Dominus,
1682 6403 1712 6452 ut
1729 6413 1781 6452 non
1799 6395 1950 6462 simpliciter
1968 6397 2109 6464 suscipiant
2128 6399 2227 6452 dictum
2245 6395 2280 6450 de
2297 6397 2364 6462 sale,
2379 6397 2416 6448 di-

1463 6487 1509 6540 clt:
1533 6485 1587 6550 Qut
1602 6485 1680 6540 babet
1696 6499 1779 6542 aures
1796 6485 1834 6540 ad
1850 6485 2030 6554 audien-darn,
2048 6485 2157 6552 audiat,
2175 6485 2352 6550 honest:an
2369 6487 2417 6536 ha·

1463 6575 1508 6626 bet
1525 6575 1680 6628 intellectum
1699 6575 1823 6642 intelligat
1841 6581 1890 6628 etc.

1535 6659 1555 6692 ¹¹
1575 6665 1650 6716 Vers.
1669 6663 1755 6716 31111
1775 6665 1817 6740 31.

1534 6747 1555 6782 ¹2
1574 6749 1623 6806 Clr.
1644 6765 1722 6818 supra
1740 6745 1769 6806 ε.
1784 6753 1826 6806 11.
1845 6767 1869 6806 n.
1889 6755 1931 6808 36.

1535 6835 1555 6870 ¹³
1575 6843 1650 6896 Vers.
1669 6843 1683 6894 3
1690 6861 1698 6908 ;
1718 6843 1791 6896 tertia
1808 6857 1869 6910 pars
1889 6845 1978 6914 incipit
1995 6859 2020 6902 c,
2039 6845 2087 6914 16,
2108 6845 2130 6896 1.
