5900 8266
1046 565 1239 632 COMMENT.
1265 565 1303 632 IN
1323 565 1563 634 EVbNGELlUM
1587 563 1705 630 nacla
1730 565 1761 628 C.
1787 565 1833 630 ill.

458 739 564 806 adbuc
585 757 647 802 non
672 743 762 804 erant
783 737 925 824 perfecte
945 739 1088 818 eruditi,
1113 739 1182 806 ideo
1203 739 1351 806 additur:
1375 741 1416 806 m

459 843 619 912 timebant
648 865 724 910 eam
759 845 969 930 1666666666
992 847 1031 910 de
1054 843 1115 910 doc
1135 845 1242 912 verbo.
1270 847 1415 914 Nondum

458 949 543 1018 enim
566 949 732 1016 audierant
753 951 794 1016 ab
809 969 845 1016 eo
869 949 946 1016 illud
969 949 1091 1018 loannis
1115 951 1237 1018 decimo
1259 951 1414 1036 qnint01:

463 1081 480 1114 «
497 1057 558 1120 lam
574 1055 753 1120 nundinam
777 1073 831 1120 vos
844 1059 968 1132 ‘servos
986 1057 1060 1138 quia
1074 1073 1187 1120 servus
1208 1057 1321 1134 nesoit,
1339 1055 1416 1140 qnid

297 1171 445 1268 trtrlrxpdo
459 1159 551 1226 iaciat
573 1159 718 1226 dominus
743 1159 811 1228 eius
825 1187 841 1218 »
871 1165 930 1226 etc.
953 1197 997 1208 -
1016 1159 1117 1226 Huius
1138 1167 1245 1224 antem
1267 1159 1416 1244 ignoran-

301 1237 387 1280 ¹g⁰⁰mn
397 1235 440 1270 Μ’
458 1265 519 1332 6166
536 1265 654 1348 triplex
669 1269 738 1332 erat
752 1267 840 1331 ratio.
860 1265 973 1332 Partim
992 1267 1072 1332 enim
1090 1263 1236 1332 veniebat
1250 1281 1292 1330 ex
1308 1283 1416 1330 amore

458 1369 612 1448 caritatis,
635 1369 751 1454 partim
772 1387 816 1436 ex
838 1369 897 1436 lide
923 1369 1118 1450 divinitatis,
1140 1369 1255 1454 partim
1280 1387 1320 1436 ex
1342 1387 1416 1436 con-

458 1477 551 1542 sueto
584 1475 678 1542 modo
711 1473 862 1558 loquendi
890 1473 924 1540 in
958 1473 1125 1558 parabolis.
1159 1475 1194 1540 Et
1225 1475 1285 1540 boc
1316 1473 1417 1558 tangit

457 1579 567 1646 Glossa
587 1579 729 1646 Bedae2:
758 1581 870 1648 «llaec
890 1579 1067 1666 ignorantia
1082 1609 1099 1638 n
1120 1589 1178 1648 etc.
1202 1581 1287 1648 Licet
1309 1585 1415 1646 autem

458 1683 554 1750 sciret
576 1683 747 1764 Dominus,
768 1701 822 1750 eos
845 1685 1007 1770 ignorare,
1032 1687 1190 1770 praedixit
1224 1693 1328 1752 tamen
1352 1685 1415 1762 eis,

458 1797 496 1858 ut
517 1787 715 1872 postmodum
734 1791 875 1856 narravit
889 1795 961 1874 post
983 1789 1263 1868 resurrectionem,
1280 1789 1416 1874 qnando

458 1913 513 1960 eos
534 1893 724 1986 increpavit,
761 1893 842 1960 inira
876 1895 1026 1960 ultimo³2
1064 1893 1122 1960 «Ο
1153 1895 1240 1960 stulti
1271 1899 1304 1960 et
1333 1891 1414 1958 tardi

458 1999 553 2068 corde
575 1999 615 2066 ad
636 1999 870 2066 credendumat
894 2005 927 2066 et
949 1999 1074 2084 quando
1097 2027 1113 2058 α
1127 2001 1252 2084 aperuit
1267 1999 1327 2064 illis
1344 2017 1415 2064 sen-

457 2125 572 2172 sum».
595 2107 683 2172 Unde
715 2105 813 2174 buius
837 2105 996 2200 rationem
1020 2107 1123 2174 reddit
1144 2107 1266 2172 loannis
1295 2107 1415 2174 decimo

457 2221 585 2298 quarto:
617 2213 708 2278 «Hoc
733 2211 929 2290 dilatabis,
953 2211 1140 2296 priusquam
1166 2213 1239 2292 liat,
1260 2221 1314 2292 ut,
1339 2231 1414 2278 cum

456 2317 573 2384 factum
609 2317 720 2396 fuerit,
746 2317 880 2384 credatis
897 2345 930 2382 6,
953 2317 1043 2384 Τ666
1065 2325 1171 2386 autem
1193 2319 1334 2398 dicebat,
1360 2325 1413 2398 nt,

457 2421 539 2488 sicut
562 2423 681 2506 dictam
704 2425 789 2502 est4‚
813 2423 843 2488 in
868 2423 954 2488 omni
977 2431 1083 2490 nostra
1100 2425 1290 2490 exaltatione
1305 2425 1415 2492 doceat

454 2527 569 2614 ‘mortis
583 2533 616 2594 et
630 2527 816 2596 humilitatis
831 2533 957 2596 nostrae
974 2529 1090 2596 babere
1107 2531 1308 2608 memoriam;
1328 2529 1414 2596 unde

440 2621 661 2702 ''Ecclesiastici
686 2635 834 2720 septimo:
866 2635 1075 2702 «Memorare
1106 2635 1274 2704 novissima
1304 2643 1360 2702 tua
1374 2641 1415 2702 et

456 2741 489 2806 in
516 2747 682 2806 aeternum
703 2759 765 2806 non
790 2729 933 2826 peccabis
946 2767 980 2806 ».
1056 2739 1057 2742 ’

629 2967 722 3022 Norae
740 2965 901 3040 praesidendi
923 2967 1066 3040 tripliciter
1083 2959 1240 3040 explicetur.
1263 3035 1265 3040 ι

2370 571 2433 636 2163

1565 741 1600 806 16
1623 739 1826 826 persuasione
1850 745 1955 806 autem
1983 739 2180 806 hamilitatis
2208 741 2252 808 ad
2285 741 2433 808 61666661-
2454 765 2483 808 6
2501 763 2589 808 6166-

1479 863 1533 910 eos
1565 843 1752 910 habendae⁸
1785 843 1846 910 tria
1873 843 2120 910 introducuntur
2155 845 2193 910 ab
2230 845 2431 928 Evangelista.
2460 817 2589 910 diditi}

1480 949 1618 1016 Primum
1640 959 1689 1016 est
1711 949 1905 1016 1666166666
1926 947 2124 1016 hamilitatis
2154 949 2283 1016 occasio
2304 956 2433 1034 propter
2467 923 2581 1014 'aiiiiu''

1480 1073 1573 1120 suum
1592 1057 1809 1132 contrarium3
1835 1055 2007 1120 secundum
2039 1061 2087 1122 est
2110 1055 2287 1120 laudatico
2312 1073 2433 1120 66666-

1479 1159 1589 1224 dactio
1613 1177 1671 1242 per
1691 1159 1838 1226 sensibile
1860 1159 2059 1242 exemplum3
2095 1159 2224 1224 tertium
2251 1165 2299 1224 est
2326 1155 2433 1242 perfe-

1480 1269 1550 1330 ctae
1570 1263 1685 1330 laudis
1707 1265 1872 1330 conclast'o
1896 1281 1952 1348 per
1976 1263 2172 1330 definitivum
2195 1263 2358 1330 iudicium.

1567 1369 1620 1432 86.
1646 1369 1747 1448 (Vers.
1772 1371 1851 1448 16).
1882 1369 1986 1434 Primo
2022 1387 2097 1452 ergo
2123 1369 2337 1434 introducitur
2360 1367 2433 1432 laa-
2455 1387 2555 1430 eramen.

1480 1471 1613 1538 dandae
1644 1471 1843 1540 hamilitatis
1868 1475 2016 1550 occasio,
2042 1483 2072 1540 et
2105 1473 2164 1540 boc
2186 1479 2315 1558 propter
2341 1491 2431 1540 suum

1480 1577 1673 1644 contrarium
1696 1579 1929 1660 repellendum,
1945 1597 2018 1644 cum
2042 1579 2130 1644 dicit:
2156 1579 2301 1644 16666666
2321 1587 2432 1644 antem

1480 1681 1632 1766 capitatio
1656 1685 1691 1748 in
1720 1701 1788 1760 eos,
1811 1683 1886 1768 qais
1919 1701 2035 1748 eoram
2061 1685 2174 1750 66666
2204 1693 2293 1750 esset.
2321 1721 2366 1732 -
2399 1685 2433 1750 Et
2454 1701 2571 1764 autenm

1478 1793 1565 1864 nota,
1581 1787 1668 1870 quod
1682 1789 1782 1852 Lucas
1803 1789 1892 1866 dicit,
1910 1789 1939 1852 in
1958 1807 2009 1854 eos
2027 1791 2254 1874 capitationem
2270 1791 2433 1868 intrasse:
2468 1755 2560 1800 mh

1478 1891 1571 1956 Marci
1597 1891 1702 1956 norm9
1727 1891 1875 1956 dicuntur
1899 1891 2087 1974 disputasse
2095 1917 2106 1970 ;
2132 1895 2280 1960 Matthaei
2312 1895 2432 1960 decimo

1479 1999 1587 2062 actam
1610 1993 1757 2062 dicontur
1784 1995 1950 2062 Dominum
1969 1997 2198 2080 interropasse.
2222 1999 2283 2062 Nec
2297 2005 2346 2064 est
2360 2017 2432 2064 con-

1478 2101 1635 2180 tradictio,
1662 2101 1736 2186 quia
1758 2101 1816 2164 hoc
1838 2107 1938 2166 totum
1964 2101 2064 2184 potuit
2089 2117 2173 2180 esse,
2197 2107 2233 2168 ut
2256 2103 2358 2186 primo
2381 2123 2433 2170 co-

1477 2205 1594 2294 pitalia
1624 2205 1771 2284 intraret,
1807 2205 1918 2272 deinde
1952 2215 2140 2290 sequeretur
2172 2207 2370 2290 disputatio,
2404 2217 2433 2274 et

1478 2317 1635 2398 postremo
1660 2311 1696 2378 ad
1722 2311 1904 2396 Magistrum
1919 2310 2099 2378 deferretur
2114 2311 2271 2398 qaeestio.
2296 2311 2334 2377 Et
2349 2315 2431 2396 quod

1478 2437 1562 2484 unus
1586 2417 1854 2504 Evangelistarum
1878 2417 2005 2494 ratioet,
2024 2417 2206 2484 aliusdicit.
2225 2455 2268 2464 -
2283 2419 2361 2482 llaec
2376 2435 2432 2484 au·
2452 2435 2493 2476 nra
2506 2437 2535 2500 6
2547 2449 2585 2480 su-

1479 2531 1541 2590 tem
1564 2523 1720 2610 capitatio
1743 2523 1794 2590 ria
1814 2529 1882 2590 erat
1899 2523 1937 2590 ad
1954 2523 2133 2608 superbiam
2159 2533 2188 2590 et
2213 2505 2386 2590 intrauerat
2402 2525 2432 2590 in
2466 2487 2569 2542 pe'bfflm'

1478 2647 1530 2696 eos
1547 2647 1586 2696 ex
1604 2629 1805 2714 corruptione
1820 2627 1968 2714 antiqua,
1983 2629 2022 2694 de
2045 2647 2108 2712 qua
2122 2629 2249 2696 Genesis
2265 2633 2373 2694 octavo
2387 2629 2430 2694 ¹⁰:

1484 2737 1629 2802 «Sensus
1654 2743 1684 2802 et
1716 2735 1860 2820 cogitatio
1889 2735 2019 2800 bomani
2044 2733 2146 2800 cordis
2168 2751 2268 2817 prona
2299 2741 2372 2800 sunt
2400 2735 2430 2802 in

1477 2845 1596 2908 malum
1619 2843 1659 2908 ab
1682 2841 1887 2908 adolescentia
1912 2859 2010 2920 sua»,
2037 2847 2066 2908 et
2095 2841 2232 2908 maxime
2254 2839 2293 2906 ad
2321 2843 2431 2924 super-

1477 2949 1577 3028 biam;
1604 2949 1693 3034 quia,
1712 2949 1794 3016 siout
1814 2947 1931 3016 dicitur
1947 2947 2060 3016 Tobiae
2078 2953 2201 3034 quarto,
2226 2947 2428 3032 «superbiam

1415 3127 1416 3130 ,
1477 3055 1506 3122 in
1530 3061 1584 3120 tno
1609 3073 1722 3136 sensu,
1745 3063 1800 3122 aut
1821 3055 1855 3122 in
1877 3055 1977 3122 verbo
1997 3071 2162 3140 nunqnam
2183 3055 2338 3122 dominari
2360 3073 2432 3142 per-

525 3167 597 3232 88.
625 3165 765 3232 latravit
782 3165 1063 3250 auterncopitatio
1079 3173 1138 3232 etc.
1156 3167 1236 3232 llaec
1251 3171 1299 3232 est
1319 3167 1414 3234 tertia

455 3287 528 3356 pars
552 3269 648 3336 buius
672 3271 769 3356 partis
781 3269 807 3350 ⁵,
829 3269 862 3334 in
885 3287 948 3354 qua
972 3269 1076 3354 agitur
1093 3271 1131 3336 de
1148 3269 1305 3336 missione
1325 3273 1413 3356 Apo-

455 3375 705 3456 stoloram,ubi
722 3383 793 3460 post
815 3375 1055 3460 explicationem
1071 3375 1191 3442 formae
1213 3375 1415 3460 praedicandi

455 3489 487 3550 et
510 3481 578 3550 niae
613 3481 806 3574 proficiendi
822 3483 1001 3568 explicatur
1031 3469 1152 3548 norma
1184 3481 1410 3568 praesidendi.

455 3587 588 3672 Apostoli
615 3587 696 3680 enim
713 3587 864 3672 gerebant
879 3607 1046 3672 personam
1060 3587 1349 3672 praedicaturam,
1365 3587 1413 3654 ai-

455 3711 575 3758 roram
585 3691 812 3778 perfectoram
827 3697 860 3758 et
872 3691 1113 3778 praeditorum.
1137 3691 1292 3776 Quoniam
1307 3697 1413 3760 sutem

410 3873 412 3876 ,
451 3797 617 3886 praelatis
638 3799 678 3864 ad
700 3797 822 3882 plebem
847 3797 1014 3882 regendam
1041 3805 1116 3866 sunt
1137 3799 1314 3864 necessaria
1336 3799 1414 3880 tria,

345 3909 347 3912 ’
455 3901 573 3970 seilicet
595 3901 767 3970 humilitas
791 3903 912 3982 animi,
938 3903 1183 3990 aequanimitas
1204 3901 1272 3970 zeli
1294 3909 1323 3970 et
1335 3923 1414 3988 per-

347 4015 436 4062 Divisio·
455 4009 636 4094 spicaeitas
666 4009 807 4084 indicit:
833 4009 902 4076 idco
939 4025 1010 4094 pars
1045 4009 1104 4074 ista
1136 4015 1203 4074 tres
1238 4007 1348 4088 babet;
1379 4009 1413 4076 in

456 4133 591 4200 quarum
617 4115 717 4200 prima
741 4115 888 4182 informat
919 4115 957 4180 ad
989 4113 1097 4180 animi
1118 4111 1358 4192 bumilitatem:
1379 4115 1413 4180 in

456 4221 610 4300 secunda,
633 4221 673 4286 ad
695 4221 761 4288 zeii
774 4221 1086 4308 aequanimitatem,
1105 4219 1145 4286 ibi
1160 4221 1190 4284 ⁶:
1207 4221 1352 4286 Factam
1367 4227 1413 4284 est

456 4333 585 4420 autem,
611 4327 693 4392 dam
715 4327 956 4412 complerentur
980 4331 1056 4404 etc.;
1073 4325 1106 4390 in
1130 4323 1241 4402 tertia,
1263 4325 1304 4390 ad
1325 4327 1414 4392 iadi-

456 4431 503 4498 et'i
521 4431 826 4518 perspicacitatem,
843 4431 903 4500 ibi:
923 4433 1066 4498 Factam
1084 4439 1133 4498 est
1154 4437 1276 4516 antem,
1295 4429 1413 4498 amba-

457 4537 603 4604 lantibns
627 4537 693 4604 illis
714 4547 774 4606 etc.

468 4711 469 4714 ,
545 4643 648 4708 Prima
672 4661 746 4728 pars
777 4643 876 4710 babet
899 4645 989 4710 duas.
1024 4643 1127 4708 Primo
1159 4643 1243 4708 enim
1265 4641 1413 4710 informat

297 4749 504 4852 {qipqdqqrad
535 4747 755 4816 bumilitatem
788 4753 936 4834 respectu
965 4747 1242 4826 domesticarum:
1274 4747 1414 4814 secundo

455 4871 549 4932 vero,
572 4861 717 4940 respecto
742 4859 992 4934 extraneorum,
1013 4853 1103 4918 ibil:
1127 4855 1335 4940 Respondeas
1352 4873 1413 4918 aa·

306 4861 443 4958 xiiidiiiir

319 4965 438 5022 dupliciter·
456 4965 516 5026 tene
543 4961 682 5026 loannes
703 4959 792 5026 discit
813 4965 872 5026 eto.

527 5251 536 5280 ¹
558 5253 631 5306 Vers.
654 5255 696 5306 la.

525 5337 535 5368 ²
558 5341 657 5392 Scilicet
677 5339 831 5394 ordinarat:
861 5341 895 5394 dt
919 5339 960 5392 illi
986 5339 1157 5408 6666616661.
1176 5341 1245 5392 llaec
1262 5341 1410 5404 ignorantia

455 5441 507 5478 non
525 5427 631 5478 tamde
657 5427 777 5478 tarditate
802 5439 882 5494 quarn
910 5427 943 5478 do
962 5439 1053 5476 amore
1080 5425 1208 5488 nascitur,
1234 5425 1296 5490 quia
1322 5425 1411 5476 adbuc

455 5513 570 5566 carnales
593 5521 621 5566 66
644 5515 761 5578 mysterii
790 5515 875 5566 crucis
899 5515 996 5578 ignari,
1014 5527 1093 5578 quem
1124 5513 1206 5564 Deum
1228 5517 1409 5576 cognorerunt

455 5601 611 5654 moriturum
630 5603 739 5654 credere
757 5607 906 5668 nequeunt,
927 5603 972 5654 sed
992 5601 1059 5654 sicut
1075 5615 1124 5664 per
1141 5601 1242 5666 ligurus
1259 5603 1409 5668 loquentem

455 5689 546 5740 audire
564 5689 696 5752 solebant,
714 5689 753 5742 sic
779 5689 858 5740 etiam
884 5689 957 5754 qnod
977 5689 1011 5740 de
1029 5701 1076 5740 sna
1097 5689 1236 5742 traditione
1253 5689 1425 5766 loquebatur

455 5777 595 5842 figuraliter
615 5777 687 5830 alind
704 5777 851 5842 significare
870 5777 1004 5842 putabant.

524 5863 535 5892 ³
557 5867 630 5918 Mers.
648 5865 691 5918 25,
710 5875 737 5916 ot
756 5865 798 5916 l5.
816 5893 852 5902 —
872 5865 995 5932 Sequitur
1013 5853 1151 5926 166611,
1172 5865 1212 5916 29.

523 5949 631 6004 ⁴Num.
649 5953 747 6004 83.-
769 5953 887 6004 Subinde
916 5953 1041 6016 allegatur
1067 5953 1142 6004 Eccli.
1172 5953 1202 6014 7,
1234 5953 1274 6004 111.
1300 5979 1336 5990 -
1361 5951 1411 6002 Pro

456 6039 529 6092 Tunc
542 6043 634 6092 aretem
645 6037 751 6092 dicebat
767 6041 789 6090 11
806 6039 972 6094 Panaetium
985 6037 1086 6094 dicebat
1099 6039 1149 6104 eis,
1166 6043 1221 6094 1166.
1240 6041 1308 6094 Tam
1319 6037 1409 6104 etiam,

455 6129 480 6178 et
498 6139 546 6190 pro
565 6123 660 6178 babere
680 6125 839 6178 memoriam
859 6127 879 6178 Η
898 6139 954 6178 esse
974 6139 1113 6178 memores.

523 6211 604 6266 ⁵Clr.
626 6227 704 6276 supra
724 6227 752 6264 n,
771 6211 797 6264 l.

524 6297 534 6328 ⁶
555 6301 629 6352 Vers.
647 6299 696 6364 5t;
716 6299 821 6370 tertium
840 6299 951 6352 babetur
972 6315 997 6352 r.
1016 6299 1061 6352 57.

524 6385 534 6416 ³
556 6387 691 6438 1166619.

523 6475 534 6508 ⁸
555 6475 613 6526 Vat.
632 6473 760 6528 babendo.

523 6559 534 6588 ⁹
555 6561 628 6614 Vers.
646 6563 735 6614 aaa
753 6563 838 6614 Mattb.
860 6563 945 6634 181.
964 6585 1001 6600 -
1017 6559 1069 6614 Ctr.
1090 6559 1233 6626 alcyson,
1252 6561 1347 6612 Homil.
1367 6563 1408 6612 88.

455 6647 526 6714 (alias
546 6649 599 6714 59.)
620 6649 645 6700 in
668 6649 799 6700 Matina.
822 6649 852 6700 2:
872 6649 972 6712 Quodsi
991 6649 1091 6700 llarous
1115 6661 1169 6698 non
1191 6649 1272 6712 dicat,
1293 6649 1347 6700 illos
1373 6649 1410 6700 in·

454 6743 615 6800 arrogasse,
633 6739 681 6788 sed
699 6749 789 6790 secum
810 6737 834 6788 id
856 6735 994 6798 cogitasse,
1007 6735 1032 6786 id
1046 6749 1099 6788 non
1113 6749 1170 6788 esse
1182 6735 1334 6800 oppositum
1348 6739 1410 6790 baie

454 6823 607 6882 narrationi,
621 6835 681 6874 narn
695 6823 833 6874 verisimile
847 6827 897 6886 est,
911 6823 966 6872 illos
980 6813 1241 6886 calimarcense,
1254 6829 1279 6874 et
1292 6823 1408 6886 primum

1477 3163 1599 3240 mittas;
1616 3161 1648 3226 in
1673 3163 1740 3246 ipsa
1761 3163 1846 3228 enim
1869 3161 1992 3226 initium
2008 3161 2120 3228 sumsit
2136 3161 2237 3226 omnis
2252 3151 2386 3246 perditio
2400 3189 2430 3226 l.

1476 3265 1548 3334 ideo
1559 3265 1627 3332 uiro
1638 3265 1776 3352 superbe
1788 3265 1933 3352 cogitanti
1944 3265 2061 3334 dicitur
2072 3265 2124 3334 lob
2136 3265 2257 3334 decimo
2270 3265 2430 3352 quinto11:

1482 3373 1594 3458 «Quid
1619 3380 1649 3440 te
1683 3373 1785 3442 eleuat
1817 3391 1872 3440 cor
1895 3379 2004 3454 tuum,
2030 3381 2059 3440 66
2096 3375 2183 3460 quasi
2215 3375 2432 3460 666666661-

1477 3485 1548 3546 tans
1568 3481 1717 3546 attonitos
1734 3481 1829 3546 babes
1853 3481 2012 3546 oculosa
2039 3481 2125 3546 Tales
2150 3485 2239 3548 erant
2263 3487 2339 3546 tunc
2355 3481 2431 3564 ipa

1478 3583 1548 3652 stoli
1570 3589 1680 3650 contra
1714 3585 1878 3652 consilium
1915 3585 2117 3668 Ecqlesiastici
2141 3593 2249 3652 sexto:
2282 3611 2296 3644 c
2311 3585 2377 3652 Non
2403 3592 2431 3652 le

1478 3689 1611 3756 extollas
1635 3689 1668 3754 in
1690 3689 1875 3774 cogitatione
1900 3697 1954 3754 tua
1979 3691 2063 3758 velut
2088 3697 2217 3770 taurus,
2234 3707 2274 3754 ne
2297 3689 2430 3756 elidatur

1478 3793 1580 3862 uirtus
1606 3801 1661 3862 tua
1676 3823 1705 3860 ».
1732 3795 1792 3862 lsta
1806 3801 1912 3862 autern
1929 3795 2065 3880 superba
2083 3795 2229 3880 cogitatio
2250 3795 2362 3862 babuit
2386 3795 2432 3862 in-,

1478 3919 1620 3986 gressum
1645 3919 1686 3968 ex
1710 3903 1788 3982 boc,
1811 3901 1897 3986 quod
1931 3907 1996 3970 tres
2027 3901 2195 3986 discipulos
2228 3903 2258 3968 in
2294 3909 2431 3970 montem

1447 4015 1448 4020 ’
1477 4007 1615 4074 duxerat
1637 4025 1758 4086 secum;
1784 4014 1815 4074 et
1839 4015 1940 4074 tamen
1966 4009 2023 4074 soli
2048 4009 2137 4072 Petro
2161 4009 2302 4074 dixerat:
2332 4007 2430 4074 «Tibi

1476 4113 1557 4180 dabo
1586 4115 1700 4180 claves
1725 4115 1812 4198 regni
1844 4115 2050 4192 caelorum»,
2075 4119 2111 4180 ut
2141 4113 2256 4180 dicitnr
2286 4113 2430 4181 Mattbaei

1476 4219 1596 4284 decimo
1619 4217 1767 4300 sext0123
1786 4219 1856 4286 ideo
1871 4219 1997 4302 quidam
2015 4219 2160 4284 66161666
2181 4219 2326 4284 loannem
2343 4219 2432 4284 Petro

1476 4323 1658 4408 parificare,
1676 4323 1728 4390 alii
1749 4323 1895 4390 volebant
1920 4325 2046 4390 Petrum
2069 4323 2246 4408 praeferre3
2265 4331 2295 4390 et
2310 4323 2370 4390 boc
2387 4331 2433 4390 est

1477 4429 1561 4514 quod
1583 4429 1698 4496 dicitur
1724 4429 1754 4494 in
1771 4429 1895 4496 Glossa:
1914 4453 1933 4496 ,a
1945 4429 2026 4512 Quia
2042 4429 2184 4496 viderant
2200 4429 2353 4496 Petrum»
2372 4435 2431 4496 etc.

1565 4537 1617 4602 87.
1642 4537 1743 4620 (Vers.
1767 4537 1846 4610 let).
1871 4537 2012 4602 Secundo
2045 4553 2118 4600 vero
2150 4533 2331 4618 adiungitur
2360 4533 2433 4600 laa-
2455 4545 2583 4588 Secundum·

1478 4643 1593 4708 dativa
1626 4641 1845 4708 monadactio
1866 4645 1932 4724 per
1955 4639 2103 4708 sensibile
2131 4639 2334 4724 exemplum,
2358 4657 2429 4706 cuna

1477 4747 1620 4814 additur:
1634 4749 1679 4814 dc
1689 4747 1784 4814 Iesus
1795 4747 1908 4812 uidens
1921 4747 2132 4832 capitationes
2145 4747 2255 4810 cordis
2268 4765 2383 4812 eoram
2394 4747 2430 4824 1³,

1478 4861 1627 4940 tanquam
1658 4871 1753 4920 verus
1776 4855 1875 4930 Deus,
1899 4849 2072 4918 secundum
2098 4849 2174 4916 illud
2197 4849 2292 4936 primi
2313 4851 2430 4936 Regum

1478 4959 1727 5026 decimosexto:
1755 4965 1772 5016 a
1788 4957 1884 5022 Homo
1916 4955 1999 5024 ridet
2032 4975 2066 5022 aa
2096 4973 2175 5042 quae
2199 4961 2323 5038 patent,
2349 4957 2431 5024 Deus

1475 5251 1583 5316 quidem
1603 5253 1653 5302 alio
1673 5257 1793 5316 tempore
1810 5251 1890 5302 666661
1911 5257 1935 5302 et
1955 5249 2003 5302 bis·
2022 5251 2058 5302 sic
2076 5251 2219 5314 cogitasse3
2242 5257 2304 5302 tttnc
2322 5263 2387 5302 uero
2406 5255 2430 5302 et

1475 5341 1569 5392 dixisse
1581 5345 1608 5392 et
1620 5353 1708 5392 secum
1723 5333 1860 5402 cogitasse.
1870 5339 1935 5390 Vide
1949 5341 2068 5402 Eutnym
2084 5341 2109 5390 in
2122 5341 2184 5390 Lac.
2204 5339 2235 5402 9,
2252 5337 2292 5388 td.
2305 5353 2360 5404 seq.

1547 5425 1567 5458 ¹⁰
1587 5431 1664 5480 Vers,
1677 5429 1719 5478 21.
1738 5455 1773 5466 -
1793 5429 1914 5494 Sequitur
1933 5427 1998 5480 Tob.
2021 5427 2049 5488 i,
2070 5429 2111 5478 11.

1546 5515 1566 5544 ¹²
1589 5519 1661 5566 vers.
1684 5515 1725 5566 12.
1742 5541 1777 5554 -
1796 5515 1914 5566 Subinde
1937 5515 2061 5578 allegator
2081 5515 2157 5566 Ecclt.
2177 5515 2204 5578 6,
2226 5515 2248 5566 2.
2267 5541 2304 5552 -
2322 5515 2370 5566 Pro
2388 5527 2431 5580 str-

1471 5601 1553 5672 pcrbc
1570 5599 1700 5670 capitanii
1718 5605 1776 5656 Vct.
1796 5599 1912 5668 saperda
1929 5599 2064 5668 capitanii.

1547 5689 1566 5720 ¹²
1587 5693 1663 5742 Vers.
1685 5691 1773 5742 na-
1785 5691 1873 5742 Glossa
1893 5689 2037 5742 ordireom'a
2055 5689 2098 5756 (ex
2110 5689 2190 5758 Barla)
2211 5691 2236 5740 in
2254 5691 2316 5740 an.
2338 5691 2367 5752 a,
2382 5691 2430 5740 tt:

1476 5775 1590 5830 latrabit
1608 5779 1697 5830 66166
1718 5775 1853 5844 copitalia.
1873 5779 1938 5842 Quia
1958 5777 2080 5828 viderant
2099 5779 2203 5828 Petrum
2218 5783 2241 5830 et
2262 5775 2384 5828 iacobum
2405 5783 2430 5828 et

1475 5867 1595 5916 loannem
1615 5867 1641 5916 in
1662 5871 1776 5916 montem
1796 5879 1916 5916 seorsum
1940 5865 2046 5926 ductos,
2064 5871 2249 5930 secretumque
2268 5865 2373 5930 aliquod
2393 5865 2430 5914 eis
2534 5873 2537 5878 ·

1475 5965 1533 6004 esse
1550 5953 1686 6016 traditum;
1706 5953 1751 6004 sed
1765 5959 1791 6004 et
1805 5953 1877 6004 Petro
1891 5953 2011 6016 superias
2026 5953 2124 6018 [Maltb.
2144 5953 2185 6016 ts,
2205 5953 2242 6002 18.
2261 5951 2328 6018 seq]
2344 5953 2430 6002 clares

1475 6041 1549 6104 regni
1567 6041 1698 6092 caelorum
1729 6053 1786 6090 esse
1809 6039 1967 6102 promissas,
1988 6041 2181 6104 Ecclesiamqua
2199 6051 2281 6102 super
2298 6053 2359 6090 enm
2372 6053 2430 6090 essu

1475 6119 1680 6192 aedificandam,
1698 6127 1747 6178 rati
1760 6131 1833 6186 sunt;
1849 6127 1887 6176 val
1910 6127 1971 6178 istos
1983 6131 2035 6176 tres
2052 6125 2153 6188 ceteris,
2171 6127 2213 6176 vel
2229 6123 2430 6190 6661666666-

1475 6213 1547 6266 stolis
1564 6213 1669 6264 Petrum
1688 6225 1745 6264 esse
1763 6211 1922 6274 praelatum:
1939 6213 1983 6262 rel
2000 6211 2061 6276 quia
2082 6213 2109 6262 in
2126 6211 2217 6262 tributi
2241 6211 2369 6262 solutione
2388 6213 2431 6262 Pe·

1474 6307 1545 6353 trum
1562 6301 1614 6364 ipsi
1632 6301 1743 6352 Domino
1761 6299 1928 6364 parificatum
1941 6299 2061 6350 viderant
2081 6297 2181 6366 [llattb.
2201 6299 2238 6364 17,
2252 6301 2301 6364 26;
2314 6299 2428 6360 Hieron,

1474 6389 1511 6440 lll.
1529 6387 1677 6442 Comment.
1690 6387 1716 6436 in
1730 6389 1815 6438 llattb.
1835 6389 1872 6448 18,
1891 6387 1912 6438 Ι.
1925 6391 1992 6438 barra
2010 6385 2136 6438 rationem
2151 6385 2246 6454 alieri]‚
2259 6385 2348 6448 ipsum
2365 6391 2430 6436 cete·

1271 6503 1272 6506 =
1368 6485 1401 6532 g
1474 6475 1509 6526 ris
1525 6475 1728 6538 praeterendum
1747 6475 1950 6526 arbitrabantur.
1969 6475 2018 6524 Sed
2039 6473 2174 6526 sciendum
2188 6481 2239 6538 est,
2258 6473 2334 6526 istam
2354 6487 2430 6538 qnae·

1474 6561 1584 6614 stionem
1605 6565 1629 6612 et
1647 6567 1707 6612 ante
1728 6559 1853 6614 tributum
1873 6567 1898 6612 et
1912 6569 1971 6626 post
1983 6559 2109 6612 tributum
2122 6563 2237 6612 solutum
2255 6575 2313 6612 esse
2327 6565 2428 6612 tactam.

1546 6645 1566 6678 ¹³
1586 6649 1620 6700 lto
1640 6651 1719 6702 etiam
1738 6651 1766 6700 B.
1790 6649 1893 6712 albert,
1920 6651 1944 6700 S.
1975 6649 2069 6700 Tbom.
2096 6649 2161 6716 (Cat.
2179 6663 2258 6702 aurea
2279 6651 2303 6700 in
2321 6651 2384 6700 an.
2404 6651 2427 6700 11.

1473 6753 1497 6788 n.
1515 6737 1568 6802 ta.)
1587 6743 1614 6788 et
1631 6739 1777 6798 Gorranus;
1796 6739 1908 6802 Vulgata
1928 6741 1952 6788 et
1965 6739 2022 6788 Vat.
2039 6735 2159 6790 illoram.
2172 6765 2208 6776 -·-
2222 6739 2278 6790 Duo
2291 6751 2364 6804 seqq.
2377 6737 2426 6788 loct

1474 6829 1534 6876 sunt
1553 6827 1569 6874 1.
1588 6827 1653 6888 Meg.
1677 6825 1722 6888 ts,
1740 6823 1764 6876 7.
1787 6825 1908 6892 (Vulgata
1926 6827 2037 6892 parcnt)
2055 6831 2081 6874 66
2101 6827 2175 6878 66611.
2194 6827 2241 6888 23,
2262 6829 2304 6878 28.
