5908 8266
486 601 550 672 860
706 619 707 622 ’
1344 615 1460 686 INDEX
1480 617 1609 686 RERUM

770 691 834 746 uns
2135 703 2199 756 vsu

539 809 575 824 -
593 783 656 834 Esse
673 795 758 836 untrm
777 783 833 836 sine
850 781 1068 836 determinatione
1085 785 1150 836 ad··
1221 791 1338 846 14446444
1355 793 1490 844 -omnis
1503 793 1644 846 attenditur
1655 793 1802 844 secuudum
1893 797 1983 846 -est
2005 791 2164 844 illiuscuius
2193 791 2278 856 primo
2309 797 2370 862 luit,
2395 809 2478 862 qsran·

487 869 1128 936 0160101160010111111919111101101111611011140·
1164 879 1356 932 ordinationem
1377 881 1410 932 ad
1430 881 1511 932 tinem
1529 881 1650 932 ultimum
1669 879 1803 946 61476.
1839 879 2477 946 466446466644141464644464444164441634

401 1007 404 1012 ,
487 965 543 1014 tum
567 961 595 1014 in
619 961 805 1014 voluntateri
829 959 877 1020 476
904 959 934 1012 49
956 989 990 1002 -
1010 963 1085 1014 94144
1101 969 1128 1016 44
1163 995 1201 1006 -
1218 967 1284 1020 Utile
1301 969 1482 1034 quaerendum
1504 971 1557 1030 444,
1585 971 1612 1020 44
1637 967 1698 1034 quis
1720 967 1803 1030 possit
1893 995 1930 1004 —
1948 969 2040 1034 ltagna
2062 971 2099 1020 est
2118 965 2302 1034 dilectio,qua
2316 983 2380 1022 uxor
2393 969 2481 1034 diligit

485 1049 733 1102 Filiusununtsunt
752 1049 803 1102 546
825 1049 1043 1104 8—Habentes
1061 1049 1128 1104 dili·
1163 1055 1297 1118 advitam
1328 1055 1424 1120 gloriae
1450 1055 1588 1120 pervenire
1613 1055 1646 1106 69
1673 1069 1701 1106 4.
1726 1055 1743 1104 6
1768 1081 1802 1092 ·—
1839 1055 1928 1106 virum
1949 1053 1980 1106 61
2009 1055 2061 1106 460
2080 1055 2115 1106 90
2140 1083 2176 1092 -—
2200 1055 2226 1106 et
2251 1055 2291 1106 414
2316 1061 2477 1108 4661446664

485 1151 545 1190 nam
558 1143 678 1190 naturam
692 1137 843 1202 simpliciter
854 1143 915 1190 sunt
927 1151 1011 1190 unum
1026 1139 1077 1190 476
1093 1137 1125 1192 49
1163 1145 1307 1196 Possumus
1326 1145 1422 1210 aliquid
1443 1145 1564 1208 amplecti
1583 1145 1624 1194 vel
1637 1149 1746 1208 propter
1758 1141 1804 1194 uti·
1839 1155 1939 1204 corpus
1957 1141 2008 1194 466
2028 1141 2062 1196 49

517 1227 1127 1280 ’-666146646464641641114444146494-
1162 1229 1261 1284 litatem
1279 1233 1414 1296 propriam
1434 1231 1475 1284 vel
1499 1243 1666 1284 communem
1688 1231 1719 1282 90
1740 1229 1801 1282 63
1892 1253 1929 1266 -
1955 1237 2066 1292 possunt
2094 1231 2191 1284 61461441
2220 1237 2328 1296 6466444
2360 1245 2478 1284 amorem

485 1321 570 1372 teret
588 1315 666 1370 Filius
684 1315 789 1370 61367
816 1317 849 1370 90
867 1343 904 1356 --
927 1317 998 1370 Gens
1017 1321 1055 1370 est
1075 1331 1125 1370 una
1162 1319 1301 1370 -Homo
1327 1319 1445 1382 ignorat,
1471 1317 1536 1382 quid
1563 1317 1594 1370 sit
1623 1317 1726 1370 6414416
1755 1317 1803 1370 hac
1839 1313 1951 1380 Christi,
1968 1323 2000 1370 ut
2018 1333 2073 1370 non
2101 1319 2231 1372 ducantur
2255 1319 2300 1372 Vll
2319 1319 2370 1370 466
2390 1319 2424 1370 49
2442 1347 2480 1358 —-

485 1419 534 1470 per
550 1403 684 1458 caritatem
705 1403 756 1456 616
776 1405 790 1456 6
811 1433 846 1442 -
864 1405 914 1472 Qui
932 1403 964 1458 16
973 1417 1053 1458 unum
1070 1419 1127 1470 pcr-
1162 1407 1215 1458 vita
1235 1409 1416 1458 momentanea
1442 1405 1473 1460 63
1495 1421 1521 1458 v.
1547 1407 1558 1456 4
1582 1433 1617 1442 -
1637 1409 1662 1458 46
1691 1405 1803 1460 diversis
1839 1411 1950 1468 possunt
1966 1403 2076 1472 dimitti,
2095 1409 2119 1460 si
2136 1407 2231 1460 ductae
2250 1413 2322 1472 sunt,
2342 1421 2373 1460 64
2385 1421 2478 1460 earum

485 1499 606 1548 severant
626 1493 692 1546 salvi
711 1499 786 1548 crunt
803 1491 867 1548 4646.
885 1559 887 1562 ¹
1161 1493 1326 1558 temporibus
1337 1493 1528 1546 suntdiversae
1540 1493 1662 1546 utilitates
1675 1507 1705 1546 44
1717 1493 1803 1546 diver·
1838 1505 1984 1556 consensu,
2003 1497 2045 1548 vel
2064 1501 2173 1562 propter
2192 1495 2367 1550 fornicationis
2384 1509 2477 1562 pecca·

465 1603 468 1608 ·
538 1587 575 1622 -'··
593 1581 710 1634 llembra
726 1583 804 1636 unius
824 1581 989 1648 6646641446
1010 1583 1123 1634 invicem
1161 1581 1449 1634 414446414674.41
1472 1581 1802 1646 -1141114444666444414
1838 1585 1893 1634 tam
1914 1577 1976 1634 tata.
1997 1611 2029 1620 —-
2049 1583 2074 1634 in
2091 1585 2163 1648 Lege
2182 1599 2234 1636 666
2252 1591 2308 1640 6464
2323 1583 2478 1638 dimittenda

484 1671 514 1724 in
532 1685 612 1724 unum
635 1671 792 1724 conveniunt
812 1685 858 1736 per
878 1675 997 1724 mutuam
1011 1667 1127 1722 466446-
1163 1671 1199 1722 58
1216 1685 1245 1722 v.
1263 1671 1294 1720 49
1322 1699 1356 1706 —-
1382 1669 1430 1722 Per
1454 1667 1641 1734 experientiam
1668 1685 1722 1722 non
1742 1675 1803 1724 sant
1838 1669 2478 1726 6141444614646464646144416614446344

485 1761 586 1814 4166446
603 1759 640 1812 64
657 1759 744 1812 6094
1161 1757 1283 1810 44646664
1304 1757 1353 1810 6141
1374 1757 1445 1810 611414
1463 1757 1497 1808 63
1517 1771 1545 1824 q.
1569 1761 1578 1808 4
1794 1783 1796 1788 v
1838 1757 1895 1810 Non
1914 1757 1972 1808 14444
1998 1759 2072 1810 aliam
2103 1773 2208 1812 uxorein
2237 1761 2345 1826 ducere,
2370 1761 2478 1814 vivente

537 1849 620 1902 Unsus
640 1877 672 1886 -
693 1851 738 1902 944
760 1847 1125 1916 ursumintelligiturvitium
1214 1847 1270 1898 1144
1295 1875 1329 1908 κε
1358 1847 1405 1898 944
1429 1859 1509 1898 uvam
1536 1847 1704 1912 spiritualiter
1732 1847 1803 1900 intel·
1837 1847 2111 1910 dimissa,secundum
2129 1847 2478 1912 tegemnaturaedivinitus

485 1939 563 2004 galae
583 1937 615 2006 61
637 1937 680 1988 461
707 1951 730 1988 r,
752 1939 784 1990 90
1034 1965 1035 1968 =
1161 1935 1253 2000 ligitur
1281 1935 1422 2000 perspicua
1457 1935 1574 2000 cognitio
1610 1935 1724 1988 veritatis
1757 1937 1801 1988 Vll
1838 1935 1982 1988 institutam
2001 1935 2026 1986 in
2047 1935 2159 1986 hominis
2174 1921 2324 1988 lorrnationo
2343 1935 2406 1990 44144.

537 2027 651 2078 Uarrone
668 2053 706 2066 --
722 2023 863 2090 designant
882 2031 989 2090 peccata
1009 2021 1126 2078 luxuriae
1163 2023 1214 2076 163
1237 2023 1284 2074 409
1890 2051 1927 2064 ·-
1944 2023 2045 2076 ratione
2062 2021 2160 2076 vinculi
2188 2025 2381 2076 sacramentalis
2410 2023 2477 2078 desi·

483 2113 599 2168 641604
620 2115 653 2166 49
1214 2112 1286 2164 Uxon
1310 2141 1344 2150 -
1373 2111 1441 2164 144444
1463 2111 1589 2178 habetur,
1619 2111 1663 2164 sed
1693 2119 1801 2180 propter
1837 2119 1901 2180 gnat
1926 2111 2082 2174 Ecclesiam,
2102 2123 2226 2176 sponsam
2243 2111 2335 2164 Christi
2362 2111 2404 2163 644
2425 2111 2476 2162 373

537 2201 624 2256 114464
642 2229 671 2240 -
692 2201 1124 2268 64614161444446646764468
1162 2200 1275 2252 abusum
1305 2207 1330 2252 44
1356 2201 1451 2252 vitium
1475 2201 1644 2252 coniunctum
1670 2203 1800 2264 potestin
1838 2203 1872 2254 43
1889 2199 2037 2254 —Christi
2057 2204 2096 2253 est
2116 2199 2227 2252 Ecclesia
2246 2201 2298 2252 643
2318 2201 2478 2254 37-1446·

485 2293 521 2344 83
537 2321 575 2330 —-
592 2297 632 2342 444
650 2289 784 2354 multiplex
805 2293 854 2344 463
877 2293 907 2344 33
1162 2291 1261 2342 matum
1280 2291 1398 2342 concerti
1425 2291 1464 2342 644
1495 2291 1545 2354 373
1572 2291 1605 2342 43
1627 2317 1658 2326 -
1679 2291 1800 2344 ducenda
1836 2305 1892 2342 rem
1913 2291 2004 2344 Christi
2023 2291 2119 2356 accipit
2136 2295 2166 2344 at
2183 2291 2259 2343 trater
2279 2291 2324 2360 qui
2345 2289 2413 2356 gerit
2429 2291 2476 2342 Ec·

537 2381 602 2434 Usus
635 2409 666 2418 -
697 2381 880 2448 temporalium
909 2387 950 2434 cst
974 2381 1064 2434 honus
1089 2381 1125 2432 Vl
1160 2383 1201 2432 est
1217 2383 1326 2444 propter
1343 2379 1542 2442 secunditatem,
1563 2393 1613 2432 non
1632 2379 1800 2444 propterde-
1835 2381 1931 2432 clesiae
1947 2393 2038 2432 curam
2058 2377 2120 2432 46444.

486 2471 521 2522 47
537 2483 566 2536 q.
584 2497 618 2508 -
638 2473 771 2524 creaturae
783 2485 836 2524 uon
856 2477 896 2524 est
914 2469 1124 2536 peccatum‚nisi
1161 2469 1257 2522 sideria
1275 2467 1362 2520 carnis
1381 2465 1442 2522 46444.
1462 2497 1499 2504 -
1518 2469 1585 2520 6464
1610 2479 1719 2520 uxorum
1741 2481 1800 2520 con·
1870 2447 1926 2506 ⁶-—
1943 2469 2044 2520 ratione
2066 2467 2181 2522 libidinis
2205 2469 2325 2534 designat
2354 2469 2478 2534 coucupi-

485 2563 639 2624 conternpto
656 2557 779 2612 Creatore
800 2561 844 2612 191
870 2575 897 2612 v.
914 2559 1124 2612 d—immode-
1161 2557 1227 2608 sistit
1255 2557 1278 2608 16
1307 2557 1400 2620 copula
1426 2555 1521 2610 4446411
1544 2555 1578 2606 46
1604 2551 1799 2618 generationem
1835 2555 1960 2606 scentiam
1982 2555 2090 2608 44466114
2111 2557 2250 2620 voluptatis
2262 2557 2371 2610 614373
2391 2557 2475 2610 43-
2548 2545 2549 2548 “

484 2653 558 2700 ratus
575 2647 705 2700 licitorum
722 2649 841 2714 arguitur
861 2649 902 2702 641
924 2647 969 2702 441
996 2647 1027 2700 47
1161 2645 1243 2708 646114
1263 2645 1295 2696 64
1316 2645 1347 2696 39
1370 2645 1431 2696 nti
1836 2641 1963 2706 liguratur
1983 2645 2007 2694 in
2027 2643 2238 2708 concupiscentia
2264 2647 2351 2696 444644
2369 2645 2416 2698 444
2440 2645 2475 2700 47

1451 2891 1503 2998 V

539 3175 653 3227 644466
674 3199 707 3210 -··
725 3171 761 3224 ab
781 3169 953 3224 exterioribus
977 3167 1126 3236 occupatio·
1162 3165 1305 3218 honitatem
1324 3163 1359 3218 46.
1378 3179 1406 3230 4,
1428 3165 1454 3218 9*
1473 3195 1509 3204 -
1528 3165 1633 3218 6461464
1645 3163 1820 3238 mutabiliter
1888 3193 1926 3206 -
1942 3167 2028 3219 Gloria
2053 3169 2169 3220 humana
2190 3157 2351 3224 4661144444
2368 3169 2401 3222 64
2421 3169 2474 3222 347

486 3263 566 3314 nibus
587 3257 729 3328 requiritur
750 3261 781 3314 46
803 3257 918 3312 studium
940 3257 971 3308 61
993 3257 1044 3310 447
1064 3261 1125 3310 49
1161 3257 1239 3308 41416
1258 3263 1350 3310 644644
1371 3263 1408 3308 444
1428 3257 1517 3322 664644
1536 3261 1638 3320 444644
1658 3253 1730 3308 466
1835 3255 1926 3308 76-
1943 3257 2013 3308 6464
2036 3257 2116 3322 gloria
2135 3271 2183 3322 per
2200 3259 2338 3324 pulverem
2357 3259 2478 3326 designa·

485 3377 522 3390 ·-
539 3351 624 3400 Homo
642 3347 720 3398 debct
740 3359 833 3398 vacare
852 3347 887 3398 ab
907 3345 1127 3410 occupationibus
1214 3373 1252 3382 -
1269 3345 1378 3398 Vanitas
1395 3353 1436 3398 est
1453 3343 1802 3410 mutabilitatis,iniquilatis
1836 3353 1878 3398 tur
1897 3347 1940 3398 Vll
1967 3347 2017 3398 949
2045 3347 2114 3398 9-
2132 3347 2206 3398 6464
2235 3349 2317 3412 gloria
2347 3349 2476 3414 originem

488 3437 572 3492 carnis
590 3437 641 3488 696
662 3437 678 3486 9
1162 3439 1188 3486 44
1205 3433 1383 3498 poenalitatis,
1401 3449 1514 3500 quarum
1533 3449 1584 3486 uua
1612 3431 1689 3486 habet
1713 3437 1801 3486 ortum
1837 3433 1917 3486 trahit
1933 3449 1947 3486 a
1967 3433 2090 3500 superbia
2111 3435 2163 3488 346
2181 3435 2196 3488 4
2213 3463 2245 3474 -
2260 3437 2333 3488 Vana
2347 3437 2427 3500 gloria
2442 3437 2479 3490 in·

539 3525 594 3578 646
615 3551 648 3560 -
668 3525 841 3576 comminatur
862 3527 969 3588 propter
996 3523 1127 3588 negligen·
1163 3521 1197 3576 ab
1223 3523 1269 3574 alia
1292 3523 1425 3576 61349.
1451 3525 1485 3576 46
1504 3539 1530 3574 v.
1551 3527 1565 3576 9
1588 3551 1625 3562 -
1642 3523 1671 3574 46
1693 3523 1801 3576 homine
1836 3523 1950 3576 troducit
1970 3521 2106 3576 falsitatem
2124 3531 2339 3590 corrumpentem
2357 3523 2421 3578 ibid.
2440 3555 2478 3564 —

488 3615 549 3668 tiam
577 3617 601 3664 44
629 3611 868 3674 concupiscentiam
893 3613 936 3662 644
960 3609 1012 3662 639
1038 3611 1071 3662 36
1089 3637 1127 3646 -·
1163 3619 1201 3664 444
1218 3611 1320 3664 vanitas
1337 3617 1459 3676 naturae,
1479 3613 1571 3678 culpae
1586 3617 1613 3664 et
1625 3625 1725 3676 poenae
1739 3613 1800 3664 tta
1838 3611 2043 3676 Vanegloriosas
2060 3609 2184 3676 gloriatur
2204 3613 2229 3664 in
2247 3615 2420 3666 ostentatione
2437 3629 2479 3666 ex·

486 3707 597 3770 quartuor
618 3701 824 3764 correspondent
847 3705 959 3766 orratuor
986 3697 1127 3764 generibus
1162 3729 1197 3742 --
1215 3701 1237 3752 A
1256 3701 1371 3754 vanitate
1387 3713 1476 3752 rerum
1490 3701 1645 3754 exteriorum
1660 3701 1801 3754 64146446-
1838 3701 1961 3752 tortorum
1982 3685 2092 3766 operum
2111 3707 2136 3752 et
2155 3701 2298 3754 verborum
2317 3701 2368 3754 364
2389 3703 2422 3754 66
2440 3729 2478 3740 -

486 3791 624 3844 hominurn
650 3789 777 3854 oppositis
806 3787 871 3842 viris
896 3789 1056 3854 evangelicis
1075 3787 1121 3840 461
1162 3791 1230 3842 61144
1248 3791 1369 3844 cordium
1387 3797 1413 3842 et
1436 3789 1469 3842 ab
1494 3793 1544 3842 hac
1566 3789 1669 3842 vanitas
1691 3791 1801 3842 exterio·
1838 3789 2019 3854 Vanegloriosi
2039 3797 2232 3844 consueverunt
2243 3791 2365 3858 persequi
2379 3805 2479 3856 paupe·

488 3881 534 3944 66,
556 3877 587 3930 69
1164 3895 1221 3932 rum
1241 3893 1353 3944 operum
1373 3879 1388 3930 5
1410 3880 1451 3932 44.
1472 3871 1572 3932 orna
1588 3909 1622 3918 -·
1634 3879 1743 3932 6441464
1755 3881 1801 3932 161·
1820 3893 1878 3934 ,444
1891 3875 1952 3932 4646.
1974 3905 2006 3918 -··
2026 3879 2222 3944 646441644οεί4
2234 3877 2351 3932 Christus
2369 3881 2478 3932 commi·

539 3967 637 4018 644464
653 3993 691 4004 -
707 3971 768 4016 sum
786 3965 912 4028 humiles,
931 3965 975 4032 qui
996 3965 1126 4030 recipiunt
1163 3971 1268 4036 quitatis
1287 3975 1374 4022 ortum
1393 3967 1473 4022 habet
1490 3975 1521 4022 441
1541 3969 1653 4022 uanitate
1673 3967 1801 4022 mutabili·
1837 3973 1914 4018 natur
1930 3981 1981 4020 vae
1997 3965 2150 4030 sempiterni
2168 3971 2334 4034 contemptus
2354 3969 2400 4022 161
2423 3969 2452 4020 61

489 4055 604 4122 pluviam
625 4055 834 4118 compunctionis
853 4055 886 4106 64
905 4053 957 4106 304
973 4055 1126 4106 49--4664
1164 4059 1221 4112 tatis
1241 4065 1264 4112 et
1283 4061 1386 4112 vanitas
1404 4059 1568 4124 poenalitatis
1586 4073 1617 4112 44
1629 4059 1744 4110 vanitate
1754 4057 1801 4110 iui-
1889 4055 1986 4106 644444
2006 4081 2044 4094 -
2066 4055 2233 4118 significahat
2258 4071 2422 4122 synagogam
2442 4057 2477 4108 Vl

488 4143 614 4206 humiles,
632 4141 658 4192 in
679 4139 774 4208 quihus
794 4141 961 4210 requiescunt
986 4157 1069 4210 aquae
1088 4155 1126 4194 sa·
1163 4149 1266 4216 (64444114
1289 4149 1314 4200 lt
1339 4163 1407 4200 a-
1428 4147 1535 4200 vanitas
1559 4145 1738 4208 mutabilitatis
1761 4151 1801 4200 est
1838 4143 1888 4196 646
1910 4145 1923 4196 6
1942 4169 1979 4184 -
1995 4143 2132 4208 repudiata
2153 4151 2205 4208 est,
2224 4145 2286 4212 quia
2309 4145 2395 4198 uoluit
2415 4145 2478 4198 obe·

386 4251 387 4254 ¹
488 4245 548 4286 crae
566 4231 713 4298 scripturae
735 4231 783 4284 373
806 4233 819 4282 8
1163 4237 1286 4290 naturalis
1304 4241 1328 4288 ct
1348 4241 1422 4302 apta,
1440 4235 1584 4304 iniquitatis
1604 4240 1641 4288 cst
1664 4235 1801 4302 culpabilis
1838 4235 1893 4286 dire
1912 4235 2025 4286 assuero
2044 4231 2077 4288 ib.
2099 4235 2129 4286 46

538 4321 765 4382 6111169161-
784 4321 870 4380 oliti-tt
887 4335 920 4372 ex
937 4335 1005 4372 i’atta
1019 4319 1126 4372 curiosi·
1163 4333 1188 4380 et
1205 4339 1346 4390 perversa,
1365 4325 1528 4392 poenalitatis
1553 4332 1592 4379 444
1616 4325 1710 4376 misera
1730 4323 1763 4376 44.
1785 4325 1800 4376 6
1892 4323 1988 4376 tisicus
2005 4351 2041 4360 ——
2057 4323 2107 4376 Per
2126 4325 2210 4376 relus
2232 4321 2380 4388 intelligitur
2400 4327 2478 4376 hone·

488 4415 537 4460 tate
557 4409 588 4460 64
610 4409 625 4462 6
644 4409 672 4460 tt
1163 4443 1197 4456 -
1217 4415 1322 4468 6461444
1340 4415 1433 4478 464644
1450 4421 1490 4466 441
1507 4415 1623 4466 mortalis
1640 4419 1668 4466 44
1679 4415 1800 4478 pestilera
1838 4417 1890 4462 stas
1910 4411 2114 4464 conversationis
2132 4411 2166 4464 Vl
2186 4409 2236 4464 663
2258 4415 2274 4464 9
2293 4439 2328 4450 -
2347 4413 2477 4466 04644614

536 4487 633 4550 Ι’64466
649 4525 686 4534 --
704 4497 781 4562 6666
802 4503 839 4550 444
859 4497 890 4550 64
917 4499 1003 4562 nihilo¹
1019 4503 1060 4550 est
1082 4511 1125 4548 ra·
1163 4503 1194 4556 44
1214 4517 1229 4554 a
1838 4505 1875 4550 est
1895 4501 1979 4564 figura
1996 4499 2093 4552 4444444
2109 4499 2226 4564 Virginis
2242 4499 2288 4552 Vll
2306 4499 2342 4550 96
2360 4501 2394 4552 63

485 4597 564 4652 utrm,
581 4585 643 4652 quia
663 4589 701 4636 est
719 4585 754 4638 de
776 4585 858 4638 nihilo
881 4593 907 4640 et
932 4583 981 4638 sibi
1004 4587 1123 4638 relictum
1214 4619 1249 4630 -
1267 4591 1343 4644 tiana
1362 4605 1417 4644 non
1433 4593 1543 4658 implent
1559 4591 1594 4646 64
1614 4589 1706 4642 47-
1720 4593 1800 4658 Quac-
1889 4587 2142 4652 64666-1464611
2160 4587 2272 4640 scissum
2291 4593 2330 4640 est
2348 4589 2373 4640 46
2391 4595 2475 4640 morte

488 4673 569 4724 tondit
585 4673 621 4724 ad
644 4673 707 4724 nihil
728 4675 759 4726 64
779 4675 797 4728 7
815 4689 828 4726 6
848 4703 887 4714 -
901 4679 992 4742 aparte
1015 4679 1125 4740 4664444
1161 4685 1246 4732 rentes
1262 4681 1405 4734 vanitatem
1425 4685 1486 4734 suut
1503 4679 1630 4734 inhabiles
1647 4679 1680 4732 ad
1692 4679 1800 4732 creden·
1837 4675 1929 4730 Christi
1947 4677 1991 4730 644
2010 4677 2055 4730 661
2082 4677 2115 4730 66
2134 4703 2169 4716 -
2186 4677 2214 4728 16
2231 4675 2356 4730 scissione
2373 4677 2425 4730 veli
2438 4677 2475 4730 in·

486 4763 511 4812 in
530 4761 611 4814 199116
629 4763 759 4816 universis
779 4763 812 4814 18
830 4779 860 4818 t'·
877 4763 920 4816 ii·
939 4763 966 4814 ii
992 4777 1017 4814 1·
1040 4763 1071 4814 15
1088 4787 1125 4802 ·-·
1162 4771 1225 4824 dum
1245 4769 1269 4820 in
1289 4769 1426 4822 veritatem
1445 4769 1497 4820 347
1510 4771 1545 4822 76
1558 4799 1594 4808 -
1607 4769 1698 4820 046416
1714 4773 1798 4820 444444
1838 4765 1959 4832 telligitur
1976 4765 2100 4818 revelatio
2123 4765 2289 4830 scripturae,
2313 4781 2382 4832 quae
2408 4769 2474 4820 lacta

487 4849 582 4904 0191198
600 4863 656 4916 163,
677 4865 707 4904 0⁰
727 4853 801 4918 quod
818 4865 871 4904 1104
882 4859 1052 4918 permanent,
1064 4857 1124 4904 suut
1162 4859 1312 4910 dilectorem
1337 4871 1416 4910 suum
1439 4859 1538 4912 iaciunt
1559 4871 1659 4910 vanum
1682 4857 1718 4910 97
1736 4871 1763 4910 v.
1784 4859 1797 4908 6
1837 4859 1874 4906 444
1894 4853 2016 4918 gentihus
2035 4851 2264 4906 4646.-6444416
2283 4853 2475 4920 velisignihcat

487 4939 667 4992 1141136446·
688 4939 715 4990 ii
1161 4977 1195 4984 -
1215 4947 1321 5000 6461144
1340 4947 1474 5000 mundana
1496 4953 1536 5000 cst
1558 4947 1679 5000 meretrix
1703 4959 1798 5010 magna
1837 4943 2029 5006 intelligentiam
2047 4943 2257 5008 scripturarum,
2277 4955 2345 5010 quae
2363 4943 2423 4994 data
2436 4947 2476 4994 est

538 5057 574 5066 -
592 5027 745 5092 simpliciter
761 5029 863 5084 dictum
881 5031 969 5094 privat
988 5043 1079 5082 verum
1100 5033 1125 5080 44
1163 5035 1213 5088 647
1235 5031 1249 5086 3
1274 5065 1310 5072 -
1335 5035 1441 5088 6461444
1470 5035 1604 5088 mundana
1631 5039 1799 5098 comparatur
1837 5031 1936 5096 eisqui
1956 5031 2064 5082 crodunt
2084 5029 2133 5080 646
2154 5029 2476 5096 94-6466466614444

488 5113 603 5180 honum,
620 5129 720 5168 vanum
740 5131 788 5182 per
806 5119 1030 5184 comparationem
1045 5117 1125 5170 44161-
1161 5123 1239 5176 villae
1256 5123 1308 5174 646
1328 5123 1362 5174 49
1837 5131 1917 5180 46644
1934 5123 2035 5168 mentes
2052 5131 2147 5168 eorum
2164 5117 2210 5182 qui
2222 5129 2276 5168 non
2288 5117 2399 5172 credunt
2413 5115 2475 5170 4046.

488 5203 520 5256 614
536 5211 563 5256 ut
573 5205 609 5258 ad
621 5205 762 5258 terminum
782 5207 906 5258 initialem
926 5221 977 5258 non
995 5209 1125 5270 repugnat
1214 5211 1317 5276 -Qui
1344 5213 1435 5264 volunt
1460 5207 1617 5276 perscrutari
1646 5207 1798 5262 abscondita
1890 5207 1962 5258 6444
1979 5233 2016 5246 --
2034 5207 2095 5256 l‘ost
2111 5209 2223 5258 mortem
2241 5207 2360 5272 sequitur
2378 5205 2476 5258 resolu-

487 5291 557 5346 bono
575 5295 642 5346 Vll
663 5309 732 5346 a—
752 5297 903 5360 simpliciter
928 5309 977 5360 per
1000 5295 1125 5360 privatio·
1163 5303 1320 5350 evanescunt
1340 5299 1374 5372 64
1391 5297 1425 5348 63
1444 5313 1473 5348 4.
1492 5297 1519 5350 44
1543 5325 1578 5336 -
1598 5297 1680 5348 446466
1706 5297 1734 5348 04
1756 5309 1800 5348 va·
1838 5293 1871 5344 tio
1890 5307 2020 5364 venarum
2037 5291 2072 5342 64
2091 5291 2123 5344 94
2144 5307 2169 5346 4.
2186 5293 2344 5348 6-64614
2355 5299 2409 5348 4644
2420 5309 2477 5348 464·

486 5395 549 5434 nem
564 5381 621 5434 veri
638 5389 666 5434 44
683 5381 746 5432 6661
763 5399 815 5436 666
833 5385 914 5436 estin
926 5385 1050 5436 universo
1062 5379 1125 5434 ibid.
1163 5399 1213 5438 nus
1237 5385 1346 5438 interius
1367 5387 1395 5438 46
1415 5387 1494 5438 66464
1512 5399 1560 5450 644
1578 5383 1744 5450 superbiam,
1764 5385 1800 5436 lu·
1838 5381 1910 5446 poris
1921 5381 2040 5432 machina
2054 5381 2232 5434 circumdatur
2244 5389 2271 5436 ct
2283 5383 2398 5438 salvatur
2409 5381 2473 5438 ibid.

487 5495 521 5510 -·
541 5469 618 5534 Quod
633 5469 730 5522 dicitur
747 5483 862 5534 vanarn,
885 5471 946 5538 quia
974 5471 1005 5522 da
1032 5469 1125 5534 nihilo,
1163 5473 1279 5534 4641446,
1298 5473 1433 5524 auaritiam
1453 5477 1480 5526 et
1496 5473 1674 5526 curiositatem
1689 5471 1706 5524 4
1721 5473 1800 5524 40-
1892 5471 2043 5522 6464444444
2060 5497 2096 5510 ·-
2114 5471 2290 5536 intelliguntur
2313 5471 2477 5540 praedicato·

487 5555 565 5610 hahet
582 5555 727 5608 honitatem
743 5557 795 5610 sub
807 5559 915 5610 scientia
927 5563 951 5610 et
965 5559 1023 5610 ideo
1038 5557 1069 5610 64
1083 5555 1125 5608 4614
1164 5561 1270 5614 6461464
1289 5573 1336 5612 464
1355 5561 1493 5612 661646164
1512 5561 1592 5614 444614
1608 5561 1643 5612 66
1667 5563 1755 5624 gulam
1776 5567 1800 5612 el
1838 5573 1879 5612 ras
1899 5561 1931 5612 64
1951 5559 2001 5612 966
2022 5559 2050 5610 94

487 5649 573 5710 664444
590 5657 647 5696 4446
667 5643 771 5696 scientia
785 5643 895 5698 40441.-
909 5645 1062 5710 6141464644
1076 5643 1125 5710 pri·
1165 5661 1212 5714 per
1230 5651 1281 5702 hoc
1298 5647 1332 5700 ad
1356 5647 1565 5702 1646646446.
1586 5679 1617 5688 -
1637 5651 1742 5702 inclinat
1767 5651 1800 5702 46
1892 5649 1972 5702 Vanis
1988 5675 2026 5688 -
2042 5649 2157 5702 9444664
2173 5651 2362 5704 4444461466
2377 5651 2427 5704 935
2442 5649 2475 5702 97

487 5733 618 5786 rationem
642 5747 700 5786 esse
725 5733 892 5798 simpliciter,
907 5727 957 5786 'rel
977 5749 1023 5798 per
1042 5733 1127 5800 priva·
1164 5723 1324 5804 vruluptatem
1345 5739 1377 5790 90
1397 5753 1423 5792 v.
1442 5739 1459 5790 3
1839 5765 1873 5778 ·-
1893 5737 1932 5792 hd
1952 5739 2169 5792 condonationem
2189 5737 2283 5792 veniae
2296 5739 2427 5792 concurrit
2439 5753 2477 5792 re·

486 5823 582 5876 tionem
602 5821 699 5876 ordinis
719 5821 746 5872 in
764 5823 862 5886 finani,
879 5826 922 5877 vel
940 5837 989 5888 per
1004 5823 1126 5888 privatio·
1217 5855 1251 5868 -·
1271 5827 1378 5882 Vanitas
1397 5827 1545 5882 mundanae
1557 5829 1699 5894 sapientiae
1715 5829 1800 5882 reddit
1841 5827 1929 5882 6414416
1950 5829 2042 5892 culpae
2061 5833 2087 5880 et
2102 5829 2216 5882 remotio
2234 5827 2478 5892 6646449797-

487 5909 813 5964 64644444164661661114
832 5909 909 5978 laia,
927 5911 945 5964 6
1164 5915 1335 5986 vaniloquum
1348 5917 1379 5970 ill
1395 5915 1411 5968 6
1430 5917 1459 5970 44
1477 5947 1513 5956 -
1526 5917 1656 5972 blandana
1673 5919 1799 5984 sapientia
1839 5915 1880 5970 hd
1901 5915 2092 5982 impetrandam
2115 5915 2220 5970 veniam
2246 5923 2412 5984 peccatorum
2439 5915 2478 5970 di·

539 6029 573 6040 --
593 5999 629 6054 De
648 5999 762 6054 vanitate
782 6001 936 6068 privationis
959 6001 1127 6056 omnimodae
1164 6007 1324 6072 4644664144
1342 6007 1445 6074 decepti
1464 6007 1530 6062 alios
1551 6011 1644 6062 volunt
1661 6023 1710 6074 per
1731 6023 1800 6062 vana
1839 6005 1994 6060 mittendum
2016 6011 2054 6058 444
2073 6005 2146 6060 omni
2162 6005 2271 6060 debenti
2286 6005 2423 6060 66614961
2446 6003 2478 6056 46

487 6103 540 6144 nou
558 6095 599 6142 est
616 6089 723 6144 scientia
741 6105 827 6160 644644
848 6091 966 6146 doctrina
985 6091 1018 6144 64
1032 6093 1048 6146 7
1061 6091 1079 6146 6
1093 6119 1126 6130 -
1164 6095 1245 6148 verba
1264 6095 1392 6150 seducere
1410 6093 1472 6150 itia.
1893 6121 1926 6134 ··-
1946 6093 2084 6146 tribuenda
2106 6101 2147 6146 est
2170 6093 2290 6158 proximo
2316 6093 2411 6160 petenti
2438 6107 2478 6146 se-

488 6179 564 6246 Quod
581 6179 670 6246 641464
681 6193 739 6232 4444
750 6179 912 6246 simpliciter,
925 6195 977 6234 non
990 6185 1075 6246 potest
1088 6195 1128 6236 co
1218 6213 1251 6224 -
1265 6185 1361 6238 Omnes
1373 6185 1473 6238 debent
1484 6185 1577 6250 lugere
1589 6185 1729 6238 vanitatem
1742 6197 1801 6236 con·
1840 6183 1908 6248 64144
1931 6187 1959 6236 44
1980 6183 2095 6246 amplius
2114 6181 2157 6236 Vll
2184 6181 2232 6234 499
2262 6185 2288 6234 44
2312 6181 2477 6234 -Veniam

463 6317 464 6320 ,
488 6269 578 6334 gnosci
598 6269 646 6322 nisi
665 6271 809 6324 secundum
827 6283 886 6324 esse
906 6271 930 6322 in
947 6285 1043 6336 causa,
1054 6269 1127 6338 qarod
1164 6275 1306 6327 temnendo
1323 6273 1395 6326 hona
1413 6280 1515 6328 terrena
1529 6273 1561 6326 64
1577 6275 1608 6326 40
1621 6287 1650 6328 4.
1661 6275 1686 6326 9.
1700 6273 1733 6326 97
1745 6275 1800 6326 466
1840 6269 1929 6324 tribuit
1948 6271 2018 6324 Deus
2034 6269 2105 6322 64661
2126 6269 2224 6336 patenti
2243 6269 2306 6324 4646.

487 6371 543 6412 non
560 6365 600 6414 444
617 6371 732 6426 446646;
749 6361 797 6414 446
818 6359 967 6412 secandum
992 6359 1066 6426 quod
1085 6373 1128 6412 va·
1165 6391 1200 6404 -
1219 6361 1336 6416 Christus
1353 6363 1441 6418 iacens
1453 6365 1480 6416 in
1492 6361 1581 6416 medio
1594 6363 1744 6416 animalium
1759 6363 1803 6416 dat
1893 6389 1927 6402 -
1946 6361 2014 6414 llors
2031 6359 2126 6414 Christi
2144 6361 2300 6424 suffragatur
2319 6359 2352 6414 ad
2378 6359 2477 6414 honum

485 6461 553 6500 »uum
571 6455 624 6512 est,
644 6461 691 6500 nec
711 6461 758 6512 per
777 6465 804 6502 se
822 6463 872 6502 nec
891 6463 938 6514 644
955 6449 1078 6502 66416464
1091 6451 1128 6500 444
1157 6453 1277 6520 16446446
1290 6449 1473 6504 innocentibus
1484 6451 1650 6518 relinquendi
1661 6451 1800 6504 vanitatem
1840 6449 1933 6504 veniae
1952 6449 1984 6502 64
2004 6449 2049 6500 eor
2076 6449 2091 6500 3
2110 6477 2145 6488 -
2162 6449 2313 6512 impetratio
2330 6451 2422 6502 446144
2440 6453 2479 6502 444

488 6537 521 6590 de
546 6551 576 6590 eo
603 6535 709 6592 scientia
727 6535 790 6592 4446.
808 6569 843 6578 -
860 6539 932 6606 quod
959 6539 1045 6604 privat
1070 6549 1128 6592 esse
1166 6539 1218 6592 649
1243 6539 1272 6590 44
1295 6539 1368 6590 -h
1390 6539 1502 6592 vanitate
1527 6537 1647 6592 miseriae
1672 6539 1803 6594 receditur
1841 6535 2358 6592 146646444414641144441464666940

447 6683 449 6694 ,
488 6627 651 6692 ordinatam,
669 6629 819 6680 666441464
839 6641 886 6692 per
905 6641 948 6692 sc,
968 6627 1074 6694 446644
1091 6639 1129 6680 ac·
1166 6627 1311 6700 descrendo
1329 6629 1471 6682 vanitatem
1488 6629 1596 6696 culpae,
1613 6635 1641 6680 et
1658 6627 1805 6682 haccdese·
1895 6627 2094 6680 Ventus-est
2105 6623 2220 6680 absentis
2231 6625 2267 6680 64
2279 6627 2374 6680 96331
2392 6627 2472 6692 argi

488 6715 577 6770 cidens
597 6713 759 6782 4414.,4*-
779 6719 814 6770 De
833 6731 864 6770 eo
883 6717 957 6782 quod
975 6721 1014 6770 cst
1031 6727 1129 6770 446646
1166 6719 1231 6770 41464
1248 6731 1302 6770 646
1321 6717 1485 6782 respiciendo
1505 6717 1539 6770 ad
1556 6715 1700 6770 vanitatem
1724 6721 1805 6770 muta·
1841 6741 1878 6754 -
1896 6719 1935 6768 est
1953 6713 2046 6768 Christi
2066 6713 2212 6768 secundum
2225 6715 2429 6778 humanitatem,
2443 6729 2480 6766 sc·

488 6809 516 6858 ut
541 6803 679 6872 mutabile,
704 6805 809 6860 scientia
826 6811 865 6860 est
889 6821 936 6872 per
955 6821 984 6858 se
1007 6805 1079 6872 44444,
1102 6803 1131 6858 9*
1166 6805 1227 6882 bilis
1243 6811 1365 6872 naturae,
1384 6807 1431 6860 sed
1451 6803 1582 6872 sperando
1599 6813 1624 6860 et
1637 6805 1804 6860 adhaerendo
1841 6803 2480 6866 466664611141614414464644646164464446144,

488 6921 523 6930 -
543 6893 568 6944 16
590 6899 708 6948 64444644
726 6907 781 6948 646
803 6895 918 6950 excludit
941 6895 1080 6952 veritatem
1105 6899 1131 6948 et
1168 6893 1307 6948 41416646
1330 6895 1360 6946 49
1573 6959 1575 6962 ¹
1632 6947 1634 6952 ,
1841 6905 1902 6946 carn
1921 6889 2211 6958 414161414466644446,
2232 6893 2262 6946 31
