5900 8266
496 623 566 694 aas

496 807 622 880 monte,
654 801 707 870 ubi
741 811 952 888 cognoverant
983 805 1053 872 eius
1082 805 1277 872 maiestatem
1307 809 1341 870 et
1372 803 1459 870 vide-

497 912 568 972 rant
593 907 675 976 Eliae
705 907 883 976 societatem
895 933 904 988 ;
928 917 960 976 et
983 909 1052 976 ideo
1078 907 1211 976 similem
1235 907 1280 974 illi
1306 907 1459 976 ultionem

496 1013 642 1080 volebant
672 1013 790 1092 lacere,
820 1015 914 1080 iuxta
943 1013 1030 1100 quod
1058 1011 1176 1080 dicitur
1201 1013 1306 1096 quarti
1340 1015 1458 1098 Regum

496 1117 634 1204 primo1,
659 1117 743 1204 quod
764 1143 781 1176 α
797 1117 877 1184 dixit
902 1117 1004 1186 Elias:
1029 1117 1058 1184 Si
1092 1117 1185 1182 homo
1208 1117 1264 1184 Dei
1289 1131 1377 1196 sum,
1406 1117 1459 1186 de-

496 1223 624 1292 scendat
646 1223 728 1310 ignis
748 1223 789 1290 de
809 1225 897 1290 caelo
920 1229 951 1290 et
974 1225 1104 1290 devoret
1124 1229 1158 1288 te
1179 1229 1212 1288 et
1231 1221 1460 1308 quinquaginta

497 1336 570 1398 tuos
586 1357 615 1396 s.
641 1331 678 1396 Et
698 1329 816 1398 lactum
840 1339 886 1398 est
911 1329 965 1398 sic.
1328 1411 1330 1414 Ι

588 1437 639 1502 99.
665 1435 767 1520 (Vens.
794 1437 869 1520 bh).
896 1435 1038 1504 Secundo
1060 1453 1137 1502 vero
1161 1441 1317 1520 quantum
1345 1435 1383 1500 ad
1408 1453 1459 1502 rc-

347 1557 477 1604 seeunaum.
493 1539 742 1628 prebensioncm
767 1541 1000 1608 rationabilem
1024 1541 1054 1606 in
1079 1539 1203 1606 Domini
1226 1541 1323 1608 verbo
1352 1541 1459 1608 subdi-

497 1653 569 1712 tur:
596 1647 633 1712 nl
658 1665 838 1714 conuersas
859 1645 1044 1732 increpavit
1062 1645 1137 1710 illos
1152 1645 1282 1724 diceus.-
1305 1645 1458 1726 Nescitis,

497 1753 597 1818 cuius
618 1751 761 1836 spiritns
784 1753 869 1818 estis.
896 1751 957 1816 Hoc
976 1749 1068 1828 dicit,
1093 1749 1168 1836 quia
1190 1751 1249 1835 ipsi
1274 1751 1458 1832 credebant,

497 1875 533 1924 se
555 1859 674 1924 moneri
697 1877 717 1924 a
738 1857 853 1942 spiritu
876 1855 1089 1936 rectitudinis3
1111 1861 1145 1922 et
1166 1855 1225 1942 ipsi
1249 1857 1459 1924 movebantur

497 1965 564 2032 zelo
588 1963 702 2030 amarit
689 1961 825 2044 tudiniS,
857 1963 942 2048 quod
973 1981 1037 2028 non
1066 1961 1238 2042 dehebant,
1271 1963 1353 2030 sicut
1384 1963 1459 2032 dicit

353 2083 386 2128 na
400 2083 480 2128 zoroa-
497 2069 627 2136 lacobus
652 2069 785 2137 tertiol.
809 2067 960 2152 «Quodsi
979 2069 1083 2134 zelum
1098 2085 1242 2136 amarum
1267 2067 1404 2150 habetis,
1426 2077 1460 2138 et

377 2147 446 2182 ”¹³¹⁰
498 2173 714 2242 contentiones
734 2173 857 2242 suntin
881 2173 1030 2240 cordibus
1051 2173 1183 2254 vestris;
1208 2175 1303 2242 nolite
1331 2173 1458 2260 gloriari

497 2287 531 2350 ct
518 2279 718 2348 truendaces
739 2299 808 2348 esse
824 2281 978 2348 adversus
1001 2279 1167 2348 veritatem
1184 2307 1215 2348 s.
1231 2281 1269 2350 Et
1291 2287 1460 2368 propterea

496 2387 612 2456 dicitur
636 2385 756 2472 primae
782 2387 903 2454 loannis
926 2385 1082 2472 quartat:
1109 2413 1127 2446 <t
1143 2387 1242 2456 Nolite
1257 2389 1342 2456 omni
1366 2389 1459 2476 spiri-

496 2495 543 2562 tui
568 2493 715 2572 credere,
739 2493 793 2562 sed
817 2495 950 2580 probate
972 2493 1121 2578 spiritus,
1146 2495 1169 2562 si
1195 2515 1236 2564 ex
1262 2497 1326 2564 Deo
1348 2497 1411 2564 sint
1426 2527 1458 2568 a.

497 2599 635 2686 Spiritus
656 2599 740 2668 enim
758 2599 874 2668 Christi
897 2605 945 2666 est
967 2599 1099 2686 spiritus
1122 2603 1388 2684 mansuetudinis,
1410 2623 1460 2672 se-

497 2707 639 2774 cundum
669 2705 748 2772 illud
780 2707 874 2774 isaiae
893 2701 1101 2794 'sexagesimo
1134 2707 1254 2792 primo:
1282 2709 1460 2794 «Spiritus

497 2813 621 2880 Domini
645 2831 741 2900 super
765 2833 831 2894 777,
854 2815 1000 2902 eoquod
1024 2815 1155 2904 unxerit
1178 2833 1247 2894 me,
1274 2815 1314 2882 ad
1337 2833 1459 2884 annun-

497 2918 642 2986 tiandum
666 2921 839 2986 mansuetis
862 2919 948 2986 misit
965 2937 1017 2988 me
1031 2945 1069 3000 »3
1093 2925 1125 2986 el
1148 2921 1388 3004 quadragesimo
1411 2937 1460 2988 se-

499 3025 618 3094 cundo:
648 3025 776 3104 «Ecce,
799 3043 912 3092 servus
937 3043 1044 3104 meus,
1077 3025 1247 3108 suscipiam
1270 3043 1353 3090 eum.
1383 3023 1460 3094 Dedi

499 3131 645 3215 spiritum
668 3147 776 3196 meum
791 3147 889 3214 super
904 3147 987 3196 eum.
1010 3129 1170 3196 Calamam
1190 3137 1374 3214 quassatum
1397 3147 1460 3196 non

333 3309 343 3316 ,
500 3235 674 3320 confringet
701 3241 732 3300 ct
758 3235 857 3300 linum
891 3235 1048 3320 fumigans
1076 3253 1139 3300 non
1162 3235 1345 3318 exstinguet
1368 3259 1398 3298 s.
1425 3237 1461 3304 Et

428 3329 432 3334 ’
500 3343 588 3408 hunc
609 3339 758 3426 spiritum
790 3339 947 3408 debebant
972 3339 1024 3408 isti
1046 3335 1173 3408 'habere
1204 3345 1353 3426 tanquam
1386 3337 1460 3410 boni

500 3446 645 3532 discipuli
666 3453 699 3514 et
719 3445 894 3514 imitatores
916 3447 1052 3532 blagist
1027 3465 1065 3514 rr.

592 3555 664 3618 700.
691 3553 790 3636 (Vers.
828 3553 904 3636 76..)
942 3553 978 3620 Et
965 3559 1180 3638 tpropterea
1212 3553 1316 3620 addit.
1352 3551 1460 3622 Filias

335 3671 487 3770 Quemcun-
500 3659 614 3726 enirn4
637 3655 762 3726 bomim
713 3659 870 3726 crusnam
899 3659 987 3726 uenit
1017 3679 1077 3726 ant
1079 3679 1153 3726 mas
1184 3657 1274 3726 bonel
1273 3679 1356 3724 nam
1383 3677 1460 3742 per

500 3765 593 3844 dere,
618 3765 674 3832 sed
697 3763 849 3844 salucra
874 3765 1022 3852 quoniam
1046 3765 1098 3832 hic
1121 3765 1236 3834 advent
1222 3771 1275 3832 tus
1298 3783 1362 3832 uon
1391 3775 1460 3836 erat

500 3871 654 3952 iustitiae,
680 3871 733 3940 sed
758 3871 1007 3952 misericordiae,
1030 3871 1206 3940 secundum
1229 3871 1308 3940 illud
1337 3871 1459 3944 loannis

502 3977 637 4048 tertia⁵z
665 4005 682 4038 a
698 3979 764 4044 Non
781 3979 867 4044 misit
880 3979 965 4048 Deus
989 3979 1100 4046 Filium
1124 3997 1216 4046 suurn
1235 3979 1266 4048 in
1289 3977 1458 4064 mundum,

500 4093 537 4154 at
560 4085 676 4154 iudicet
706 4085 880 4166 mnndum,
910 4085 965 4154 sed
998 4093 1033 4152 77
1064 4087 1203 4154 salvetur
1233 4085 1373 4152 mundus
1401 4105 1459 4172 per

500 4189 605 4274 ipsum
620 4213 655 4270 >³3
680 4189 764 4254 unde
787 4187 827 4254 ab
849 4187 909 4256 ism
933 4189 996 4256 dne
1017 4207 1132 4258 nomen
1154 4189 1293 4276 accepit,
1316 4195 1353 4256 ut
1376 4189 1459 4258 dice-

501 4301 590 4364 retur
615 4297 723 4374 lesas,
749 4292 924 4360 secundum
946 4293 1023 4362 illud
1047 4295 1192 4362 Matthaei
1215 4293 1336 4380 primo:
1367 4319 1382 4352 «
1398 4297 1459 4366 Vo-

502 4399 585 4468 cahis
610 4417 722 4468 namen
754 4399 822 4468 eius
855 4399 973 4480 lesum;
992 4399 1068 4484 ,ipse
1099 4399 1183 4468 enim
1213 4399 1335 4468 salvum
1368 4397 1459 4470 tacta
1475 4449 1476 4454 ,

501 4505 653 4594 populum
677 4523 771 4574 suum
795 4523 818 4572 a
835 4505 972 4590 peccatis
995 4523 1104 4572 eorum
1125 4531 1163 4586 »;
1187 4511 1218 4572 77
1241 4505 1386 4574 Matthaei
1413 4509 1458 4576 ni·

501 4613 636 4700 gesimo:
666 4639 683 4670 «
697 4611 792 4678 Filius
823 4609 959 4678 hominis
990 4629 1053 4678 non
1074 4611 1161 4678 venit
1190 4609 1380 4690 ministrari,
1405 4615 1459 4682 sed

501 4717 682 4786 ministrare
702 4723 735 4786 77
756 4717 831 4782 dare
855 4715 989 4782 animam
1013 4735 1104 4782 suam
1127 4715 1374 4800 redemptionem
1400 4735 1459 4804 pro

398 4903 401 4908 ¹
501 4825 610 4893 multis
624 4851 654 4890 s.
680 4825 716 4892 Et
739 4823 808 4892 ideo
830 4821 884 4908 qui
910 4821 1058 4908 spiritum
1074 4823 1190 4890 Christi
1214 4823 1310 4890 hahet
1331 4841 1395 4890 non
1409 4825 1460 4894 de-

500 4933 555 5000 het
569 4939 720 5018 expetere
743 4929 929 5008 vindictam,
945 4919 1000 4996 sed
1022 4929 1176 4996 exhihere
1192 4927 1390 5014 patientiam,
1415 4949 1460 4998 se·

501 5037 639 5106 cundum
671 5037 750 5106 illud
770 5035 925 5104 hmbrosii
948 5035 982 5102 in
1012 5035 1120 5102 Giossa
1134 5035 1170 5100 ⁶:
1199 5061 1216 5094 <t
1233 5035 1419 5114 Perfecta,
1412 5057 1458 5104 77

429 5383 431 5386 ,
571 5317 581 5350 ¹
602 5323 677 5374 Vers.
698 5323 741 5374 ili.
758 5347 796 5360 -
814 5317 940 5384 Superius
958 5323 1017 5384 past
1037 5321 1063 5374 77
1079 5317 1137 5374 ideo
1157 5317 1271 5374 similem
1292 5319 1349 5372 Vel.
1372 5335 1461 5386 prose·

500 5411 590 5476 quitur
608 5407 663 5464 illis
680 5407 804 5464 calebant
821 5407 952 5462 ultionem
971 5407 1071 5476 lacere,
1096 5407 1203 5476 qualem
1223 5407 1299 5464 Elias
1315 5407 1410 5478 [777777
1427 5411 1461 5464 le·

500 5497 582 5568 ptiar.
602 5497 680 5554 777777
698 5497 840 5554 Eliasete.

571 5583 582 5614 ²
602 5587 677 5640 Vers.
695 5587 738 5638 77.
755 5613 792 5626 -
809 5585 870 5638 Post
887 5597 943 5638 non
962 5583 1092 5638 debebant
1109 5585 1167 5638 777.
1185 5585 1259 5638 addit
1278 5585 1374 5656 lacere.

571 5671 582 5704 ⁸
602 5677 676 5728 Vers.
697 5677 722 5728 l.
740 5703 777 5716 -
794 5673 914 5726 Subinde
931 5673 1077 5740 allegantur
1097 5673 1153 5728 isai.
1173 5677 1221 5742 61,
1242 5677 1266 5728 7.
1286 5681 1310 5728 77
1328 5675 1376 5740 72,
1397 5677 1421 5730 7.
1434 5683 1461 5732 77

411 5811 413 5818 .
500 5763 531 5830 3,
550 5763 596 5818 uhi
614 5779 664 5830 pro
683 5761 771 5818 linum
789 5761 873 5816 ACD
893 5759 1000 5830 liquam
1019 5761 1043 5830 (t
1056 5761 1211 5832 lychnium).

570 5851 582 5882 ⁴
602 5853 713 5920 Vulgata
732 5859 757 5906 et
782 5851 840 5904 Vnt.
859 5851 991 5904 omittunt.
1004 5849 1092 5916 777777,
1116 5853 1190 5918 quod
1209 5857 1297 5904 tamen
1322 5851 1461 5906 exhibetur

499 5941 578 5996 etiam
598 5941 623 5994 in
641 5943 755 5996 translat.
774 5955 805 5994 en
824 5941 924 6004 Syriae.
941 5945 968 5992 et
985 5955 999 5992 a
1019 5941 1146 5992 Ganrano.

569 6027 675 6086 “Vera
695 6031 784 6084 7.-7
794 6029 854 6082 Duo
871 6043 946 6098 seqq.
966 6027 1016 6082 loci
1028 6033 1089 6082 sunt
1106 6031 1192 6082 blattb
1214 6031 1237 6094 7,
1250 6031 1293 6082 27
1307 6033 1334 6082 77
1352 6031 1400 6094 20,
1417 6031 1461 6082 28.

500 6119 553 6174 Cir.
567 6133 648 6186 supra
662 6133 725 6186 pag.
737 6119 780 6186 87,
792 6117 940 6170 77777-
952 6117 1062 6170 lnlerias
1074 6131 1123 6184 pro
1136 6115 1208 6172 77777
1220 6115 1254 6172 77
1274 6115 1323 6172 islo
1341 6117 1422 6190 fine(
1413 6117 1460 6186 (ita

500 6205 564 6272 GG;
584 6209 636 6262 AD
655 6209 731 6262 omitt
721 6211 777 6260 tunt
794 6205 862 6276 fine,
881 6219 930 6270 pro
943 6219 997 6274 quo
1012 6205 1070 6258 777.
1088 6207 1183 6270 snum)
1203 6205 1225 6256 H
1243 6203 1314 6260 unde
1333 6203 1458 6260 asainte.

572 6291 703 6350 ⁰Scilicet
727 6293 870 6350 7777777777
896 6293 936 6362 (ex
962 6293 1100 6360 ambros,
1123 6295 1176 6348 Vll.
1202 6295 1228 6346 in
1252 6295 1316 6346 Luc.
1340 6307 1365 6346 7.
1392 6295 1460 6362 28.),

500 6385 576 6438 cuius
594 6385 672 6438 linem
692 6385 750 6436 Vel.
770 6383 807 6436 sic
826 6381 942 6436 exhibet:
962 6395 1011 6436 aec
1029 6379 1087 6436 ulla
1101 6385 1140 6436 est
1158 6379 1302 6436 iracundia
1322 6379 1461 6448 caritatis,

499 6471 548 6528 soti
560 6469 711 6542 plenitude.
728 6499 765 6510 -·-
783 6471 907 6538 Sequitur
925 6473 1001 6524 Rom.
1022 6471 1069 6536 72,
1091 6471 1134 6524 ts.

572 6557 583 6590 ⁷
602 6559 677 6614 Vens.
696 6559 739 6612 23.
757 6587 794 6598 --
811 6559 930 6614 Subinde
949 6559 1077 6624 allegatur
1090 6559 1154 6614 Gen.
1174 6559 1223 6622 73,
1242 6559 1269 6612 8.
1287 6571 1343 6628 seq.
1358 6587 1398 6598 -
1414 6559 1461 6610 Su-

500 6649 592 6714 perius
608 6663 659 6720 pro
676 6651 711 6704 nt
725 6651 788 6702 ante
806 6649 863 6701 vat.
884 6649 915 6700 ut
927 6645 1030 6718 potins.
1394 6639 1395 6642 ’

573 6733 678 6790 ⁸Vers.
698 6733 745 6800 27,
764 6735 806 6790 cni
825 6735 992 6802 subiungitur
1011 6737 1061 6790 lac.
1082 6737 1105 6800 l,
1125 6737 1168 6790 79.
1190 6749 1245 6804 seq.

573 6819 585 6850 ⁹
604 6825 678 6876 vers.
701 6825 729 6888 2,
748 6829 808 6886 post
826 6837 908 6890 quem
926 6825 968 6878 777.
987 6825 1036 6892 89,
1055 6825 1100 6878 70.

574 6903 597 6936 ¹⁰
613 6907 668 6960 lam
686 6921 768 6972 supra
787 6923 847 6974 pag.
869 6911 935 6978 777,
954 6917 1016 6964 uota
1034 6913 1058 6964 5.
1079 6913 1206 6976 allegatus
1224 6909 1284 6978 (pro
1307 6911 1460 6966 Generosos

1103 629 1296 696 COMMENT.
1319 630 1359 696 IN
1380 627 1619 698 anthentica
1643 625 1760 694 LUChE
1786 625 1816 694 C.
1843 625 1889 692 nl.
1993 657 1998 664 ·

1522 801 1609 888 quit,
1625 803 1730 868 virtus
1752 801 1926 868 nonhabet
1949 801 2091 869 stadium
2105 801 2247 880 ultionis;
2273 819 2331 870 nec
2352 803 2481 870 aliaest

1522 907 1703 988 iracundia,
1727 907 1782 976 nbi
1805 907 1944 976 caritatis
1968 913 2016 974 est
2037 907 2200 991 plenitudo
2216 933 2244 972 o.
2271 907 2342 976 ldeo
2362 907 2479 976 dicitur

1522 1013 1560 1080 ad
1586 1015 1752 1080 Romanos
1770 1013 1974 1082 duodecimo:
2002 1039 2019 1072 n
2042 1013 2108 1082 Non
2137 1015 2344 1100 vosmetipsos
2374 1015 2480 1084 delen-

1503 1117 1648 1198 .dentes,
1671 1119 1841 1200 carissimi,
1862 1119 1918 1186 sed
1940 1117 2013 1186 date
2034 1117 2139 1186 locum
2161 1119 2228 1186 irae
2243 1145 2275 1186 ».

1613 1225 1685 1292 tel.
1712 1227 1816 1294 Tertio
1843 1231 1995 1312 quantum
2021 1225 2058 1292 ad
2085 1221 2354 1312 informationem
2380 1243 2479 1294 renn-
2500 1241 2601 1286 renium.

1522 1329 1717 1398 morabilem
1745 1331 1778 1396 in
1800 1331 1922 1398 Domini
1957 1331 2037 1400 lacte
2060 1331 2225 1400 subditur:
2259 1333 2298 1398 Et
2327 1329 2480 1402 abierunt

1523 1435 1557 1504 in
1583 1435 1677 1504 aliud
1702 1437 1890 1516 roscelinum
1906 1437 1937 1506 in
1961 1457 2025 1524 quo
2046 1437 2133 1506 debit
2147 1437 2280 1504 sormam
2303 1437 2478 1522 discipulis,

1523 1549 1558 1608 ut
1581 1549 1654 1610 ante
1674 1541 1796 1628 ingiam
1811 1543 1972 1624 hominos,
1997 1563 2093 1630 quam
2115 1561 2189 1614 com
2212 1543 2259 1612 eis
2273 1543 2478 1626 contendant;

1522 1647 1612 1714 iuxta
1636 1647 1722 1730 quod
1742 1647 1829 1714 deciit
1842 1647 1976 1714 formam
2001 1649 2160 1734 discipulis
2176 1649 2244 1716 suis
2267 1649 2410 1716 Matthaei
2428 1650 2480 1717 de

1523 1753 1647 1820 cimel:
1674 1777 1692 1810 <t
1708 1751 1784 1818 Cum
1808 1757 1912 1820 autem
1936 1761 2167 1840 persequentur
2193 1773 2248 1822 ros
2271 1755 2301 1822 in
2320 1775 2384 1822 nna
2405 1755 2480 1822 civi-

1523 1863 1602 1936 tate,
1626 1854 1724 1942 lugite
1746 1855 1779 1922 in
1801 1855 1895 1922 aliam
1910 1881 1944 1920 u.
1961 1855 2148 1942 Exemplum
2169 1867 2276 1926 autem
2300 1861 2398 1926 huius
2424 1861 2481 1926 ha-

1521 1963 1634 2030 bemus
1656 1963 1695 2030 de
1721 1963 1878 2028 7777777777
1901 1969 1932 2028 77
1962 1963 2034 2042 Lot,
2060 1963 2187 2032 Genesis
2216 1963 2337 2032 decimo
2369 1965 2479 2044 tertia,

1523 2069 1578 2136 uhi
1605 2067 1719 2136 «dixit
1748 2069 1920 2134 Abraham:
1950 2069 2008 2148 Ne,
2037 2087 2169 2154 quaeso,
2201 2069 2241 2136 sit
2270 2069 2409 2154 iurgium
2434 2071 2481 2136 in-

1523 2183 1572 2244 ter
1594 2193 1645 2244 me
1667 2181 1753 2244 ette
1721 2175 1908 2254 t;fratres
1931 2173 2016 2242 enim
2040 2193 2160 2242 sumus.
2195 2175 2223 2242 Si
2256 2175 2294 2242 ad
2322 2175 2480 2244 sinistram

1523 2283 1610 2362 ieris,
1636 2301 1693 2368 ego
1721 2281 1799 2348 dext
1787 2287 1887 2350 teram
1917 2281 2029 2350 tenebo
2045 2309 2076 2350 u.
2109 2283 2142 2350 ln
2174 2301 2237 2369 quo
2270 2281 2379 2350 docuit
2366 2289 2481 2366 tper-

1522 2389 1635 2458 lectam
1664 2389 1958 2470 mansuetudinem,
1989 2407 2071 2476 quae
2093 2389 2183 2458 decet
2212 2389 2328 2458 Christi
2353 2405 2479 2468 servos,

1523 2495 1698 2566 secundum
1719 2493 1797 2562 illud
1829 2497 1983 2564 secundae
2007 2495 2046 2560 ad
2060 2487 2268 2563 timotheum
2299 2495 2479 2564 secundo⁸:

1528 2605 1694 2670 «Servum
1720 2609 1827 2668 autem
1858 2601 1980 2668 Domini
2006 2621 2069 2668 non
2098 2609 2223 2686 oportet
2255 2601 2394 2686 litigare,
2428 2600 2481 2668 sed

1523 2715 1722 2776 mansuetum
1763 2725 1830 2776 esse
1856 2731 1896 2786 »;
1932 2707 2015 2774 unde
2054 2709 2226 2776 secandum
2263 2707 2340 2774 illud
2380 2707 2480 2776 iacobi

1523 2813 1643 2896 primo:
1673 2813 1750 2878 «Sit
1772 2811 1875 2878 omnis
1897 2813 1992 2878 homo
2015 2813 2126 2878 tardus
2147 2813 2188 2878 ad
2210 2813 2302 2878 iram.
2326 2813 2376 2878 lra
2396 2813 2481 2878 enim

1523 2917 1583 2982 viri
1605 2915 1758 2982 iustitiam
1774 2917 1830 2982 Dei
1852 2935 1914 2980 non
1932 2923 2126 3000 operatur»
2149 2917 2182 2982 Si
2201 2917 2284 2984 enim
2309 2905 2409 2982 noluit
2426 2917 2482 2982 Do·

1523 3023 1629 3088 minus
1650 3019 1851 3088 maiestatis
1843 3023 1938 3088 irasci
1960 3027 2064 3088 tantae
2090 3021 2329 3102 inhumanitati,
2363 3029 2506 3108 quanto

1522 3127 1629 3194 minus
1650 3145 1708 3192 uos
1730 3125 1882 3194 dehemus
1903 3127 1998 3192 alicui
2020 3127 2199 3214 indignari?
2225 3127 2259 3194 lit
2282 3129 2362 3196 haec
2384 3127 2482 3212 potis

1523 3231 1600 3298 sime
1625 3237 1769 3298 mansuet
1758 3231 1833 3298 tudo
1856 3231 1989 3316 reperiri
2012 3233 2128 3300 debet
2122 3253 2151 3298 77
2173 3233 2359 3318 praepositis
2378 3235 2482 3302 Eccle

1523 3337 1600 3418 siae;
1619 3337 1702 3406 unde
1712 3337 1878 3424 Apostolus
1889 3338 2045 3406 secundae
2057 3339 2094 3406 ad
2109 3339 2306 3406 Timotheum
2321 3349 2438 3424 quarto
2449 3339 2481 3410 ⁹:

1529 3469 1545 3502 e
1561 3445 1678 3530 Argue,
1697 3443 1842 3524 obsecra,
1860 3445 1988 3530 increpa
2006 3445 2137 3514 inomni
2154 3445 2304 3532 patientia
2318 3445 2351 3514 et
2366 3447 2483 3514 doctri-

1522 3567 1564 3616 na
1578 3573 1610 3628 >³3
1634 3549 1781 3634 quoniam
1806 3547 1836 3616 in
1854 3549 1974 3616 Psalmo
1997 3551 2130 3618 dicitur:
2160 3553 2377 3636 «Supervenit
2391 3571 2481 3618 man-

1523 3655 1675 3736 suetudo,
1691 3663 1722 3724 et
1738 3655 1947 3742 corripiemur
1963 3685 1995 3722 e.
2018 3657 2057 3724 Et
2078 3659 2194 3724 Seneca
2207 3659 2250 3724 1⁰:
2273 3683 2289 3718 7
2306 3657 2484 3730 Generosos

1522 3766 1570 3830 est
1592 3763 1716 3828 animus
1740 3761 1888 3840 hominis,
1905 3769 1937 3828 et
1958 3761 2080 3830 facilius
2105 3763 2247 3844 ducitur,
2263 3781 2359 3849 quam
2376 3767 2484 3832 traha-

1523 3875 1576 3936 tur
1591 3893 1629 3948 »3
1652 3869 1737 3936 unde
1760 3867 1826 3954 ipse
1858 3869 1949 3950 dicit,
1974 3871 2058 3956 quod
2081 3887 2141 3938 rex
2165 3889 2260 3954 apum
2293 3889 2355 3936 non
2386 3871 2483 3942 hahet

1521 3977 1679 4044 aculeum.
2445 4003 2447 4008 v

1615 4083 1686 4148 702.
1725 4081 1809 4148 Fact
1797 4087 1868 4148 tam
1898 4089 1944 4148 est
1976 4099 2022 4146 au
2025 4089 2108 4160 tem,
2138 4081 2389 4148 ambulantibus
2422 4087 2480 4152 etc.
2495 4097 2574 4150 nertio
2590 4099 2648 4152 Ano·

2458 4189 2464 4202 ,
2505 4151 2603 4194 stoliil
2567 4165 2592 4194 77
2593 4153 2634 4194 7-77

1522 4187 1593 4254 Post
1616 4187 1867 4254 informationem
1890 4187 2109 4274 apostolorum
2130 4187 2171 4254 ad
2192 4203 2336 4254 normam
2363 4207 2481 4274 praem·
2504 4207 2591 4266 martur
2606 4203 2649 4300 ag
2695 4263 2700 4282 x

1521 4291 1614 4360 dendi
1637 4299 1793 4378 quantum
1814 4292 1854 4360 ad
1875 4293 2085 4360 humilitatem
2113 4293 2208 4360 animi
2233 4297 2263 4360 et
2287 4295 2481 4380 aequanimi·
2497 4267 2633 4354 77787173ῗὲῑί

1521 4405 1620 4466 tatem
1642 4399 1700 4466 zeli
1733 4399 1785 4468 hic
1808 4399 1900 4466 tertio
1927 4401 1995 4466 loco
2017 4399 2166 4466 informat
2153 4407 2234 4466 teos
2255 4407 2421 4486 quantum
2435 4405 2483 4472 ad
2507 4363 2632 4420 mmm

1520 4503 1807 4592 perspicacitatem
1826 4505 1946 4572 iudicii
1959 4507 2001 4582 ¹¹‚·
2021 4513 2053 4572 et
2067 4507 2127 4572 hoc
2144 4525 2199 4590 per
2213 4507 2396 4588 exemplum
2412 4507 2481 4576 lesu

1522 4609 1648 4678 Christi.
1679 4611 1900 4696 Perspicacitas
1930 4617 2038 4678 autem
2060 4609 2167 4678 iudicii
2198 4609 2417 4678 manifestatur
2447 4611 2479 4680 77

1522 4725 1612 4802 parte
1626 4717 1686 4784 ista
1701 4717 1883 4804 tripliciter:
1911 4717 2010 4802 primo
2027 4717 2058 4782 in
2077 4717 2263 4802 repulsione
2279 4717 2481 4804 duplicium;

1522 4823 1678 4904 secundo,
1702 4823 1917 4890 advocatione
1937 4821 2158 4906 simpliciam,
2177 4823 2221 4888 ihi
2234 4819 2279 4888 ¹2:
2296 4823 2355 4890 Ait
2369 4831 2481 4894 autern
2575 4847 2576 4850 ’

1524 4931 1569 4996 ad
1585 4929 1632 4996 alt
1621 4937 1771 4996 iterante
1772 4947 1813 5008 c.;
1758 4929 1925 4996 ttertio
1941 4945 2032 5008 vero,
2048 4929 2285 5016 redarputione
2298 4929 2481 5014 mabiliam,

1523 5034 1638 5104 77777
1637 5035 1720 5100 7777
1707 5035 1846 5102 7777777
1870 5035 1999 5122 Sequar
2024 5041 2073 5114 te,
2101 5035 2235 5102 Domine
2258 5041 2316 5102 etc.

1525 5321 1638 5376 ACDH
1658 5323 1735 5374 etiarn
1760 5321 1803 5374 hie
1823 5317 1986 5384 Gloriosus).
2011 5319 2083 5372 idem
2106 5319 2123 5372 l.
2150 5319 2183 5372 de
2208 5317 2361 5384 Clementia,
2389 5335 2411 5372 c.
2432 5321 2481 5374 lli:

1529 5413 1608 5464 «Rex
1626 5409 1684 5474 ipse
1698 5407 1805 5478 [aprrm]
1824 5409 1878 5462 sine
1892 5409 1983 5460 aculeo
2001 5413 2040 5460 est
2052 5429 2078 5462 ».
2097 5407 2280 5472 Cremiscoe,
2294 5409 2326 5462 V.
2341 5409 2373 5462 de
2387 5409 2481 5464 Hister.

1525 5497 1628 5550 animal.
1650 5513 1671 5552 c.
1685 5499 1715 5550 27
1727 5515 1733 5548 2
1754 5517 1769 5544 a
1782 5499 1867 5564 Reges
1879 5497 2015 5564 ducesque
2033 5497 2142 5566 [apum]
2156 5497 2253 5550 hahent
2267 5497 2421 5566 [aculonem]‚
2435 5499 2481 5552 sed

1524 5599 1576 5638 non
1596 5591 1716 5652 7777777,
1733 5587 1856 5652 quocirca
1875 5599 1921 5638 eos
1940 5599 2031 5638 cerere
2046 5587 2139 5638 aculeo
2157 5587 2271 5638 nonnulli
2294 5587 2442 5638 existimant
2457 5609 2481 5640 u.

1526 5675 1620 5728 Plinius
1641 5675 1933 5744 (enthimematum.
1954 5689 1977 5728 c.
1997 5673 2064 5742 ll.):
2088 5677 2168 5728 «Non
2189 5681 2288 5728 constat
2312 5677 2378 5728 inter
2397 5683 2482 5730 aucto·

1512 5779 1580 5828 res,
1599 5779 1645 5818 rex
1658 5763 1762 5832 [apum]
1781 5765 1916 5818 nullumve
1928 5765 2000 5818 solus
2020 5763 2112 5818 haheat
2129 5767 2265 5828 aculeum,
2284 5765 2418 5818 ruaiestate
2430 5769 2482 5818 tan·

1525 5859 1581 5906 tum
1600 5858 1731 5916 armatus,
1749 5867 1784 5904 en
1802 5853 1905 5906 dederit
1922 5867 1983 5904 eum
2003 5845 2110 5920 quidem
2138 5857 2242 5918 natura,
2263 5851 2310 5904 sed
2330 5865 2406 5904 nsum
2425 5853 2481 5906 eius

1525 5941 1559 5992 illi
1586 5947 1683 5994 7777777
1710 5941 1852 6006 negaverit.
1878 5941 1944 5994 lllud
1969 5947 2085 6006 constat,
2107 5941 2292 6006 imperatorem
2319 5941 2409 5992 aculeo
2428 5953 2481 5994 7ο7

1525 6031 1560 6084 777
1574 6049 1599 6082 a.
1618 6029 1648 6082 ln
1670 6031 1713 6082 ed.
1736 6043 1848 6094 operum
1867 6031 1982 6082 Senecae
2006 6043 2036 6082 en
2060 6031 2213 6082 recensione
2228 6031 2258 6082 F.
2276 6031 2337 6082 777.
2356 6029 2485 6094 Rchkopl

1526 6115 1670 6184 (Augustae
1689 6117 1795 6168 Tauria.
1817 6117 1896 6184 7828)
1915 6115 2056 6180 praedictis
2075 6115 2163 6168 verbis
2176 6117 2289 6168 Senecae
2308 6119 2373 6168 liaeo
2393 6115 2481 6168 adiun-

1525 6205 1595 6268 gitur
1611 6211 1685 6256 nota:
1709 6203 1854 6258 «Ceterum
1867 6205 1938 6268 iure,
1951 6219 1983 6256 en
2003 6205 2067 6258 laiso
2084 6205 2112 6258 id
2131 6205 2222 6258 dixerit
2241 6205 2353 6268 Seneca,
2374 6203 2407 6256 ad
2426 6219 2481 6256 rem

1524 6293 1633 6356 minime
1651 6293 1775 6360 pertinet3
1793 6307 1854 6346 naun
1874 6293 1968 6346 eadem
1986 6307 2091 6358 semper
2108 6293 2295 6360 consequentia
2315 6299 2361 6346 est.
2377 6293 2481 6346 Etiamsi

1523 6381 1593 6434 enim
1617 6385 1709 6436 aculeo
1726 6383 1818 6448 regina
1842 6397 1922 6448 apum
1943 6381 1972 6452 [a
1992 6383 2125 6436 veteribus
2146 6383 2290 6448 appellator
2310 6395 2364 6436 rece
2385 6381 2482 6452 apum]

1525 6471 1649 6524 instructa
1667 6471 1714 6534 sit,
1732 6469 1778 6524 ubi
1796 6473 1838 6526 ille
1855 6473 1963 6526 aculeus
1979 6485 2100 6538 pungere
2118 6487 2172 6526 aon
2191 6479 2291 6540 potest,
2318 6471 2422 6526 ridetur
2441 6487 2481 6526 na·

1523 6563 1582 6612 tara
1599 6559 1731 6624 noluisse,
1751 6559 1890 6626 imperanti
1908 6561 2012 6626 placere
2030 6561 2166 6616 saevidam
2187 6561 2365 6628 ultionemque
2385 6575 2483 6628 magno

1523 6653 1737 6702 constaturam».
1760 6649 1826 6702 Vide
1844 6649 1922 6702 etiam
1941 6649 2069 6702 werneri
2082 6647 2185 6700 abbatis
2199 6649 2224 6702 S.
2240 6649 2333 6714 Blasii,
2352 6651 2380 6704 tl.
2399 6651 2483 6706 Deilo-

1523 6737 1614 6790 ration.
1634 6737 1678 6788 SS.
1698 6739 1818 6802 Petrum,
1836 6737 1971 6790 Dominica
1991 6737 2049 6790 XV.
2069 6739 2101 6790 de
2120 6735 2229 6802 Apibus.

1594 6819 1616 6852 ¹¹
1637 6821 1688 6876 Ch.
1707 6837 1786 6888 snpra
1805 6839 1833 6876 n.
1852 6825 1895 6878 85.

1594 6907 1616 6940 ¹²
1637 6911 1710 6964 Vers.
1730 6911 1777 6974 593
1796 6913 1901 6964 tertium
1918 6913 2030 6966 habetur
2048 6927 2076 6964 v.
2093 6913 2139 6964 67.
