5908 8266
576 589 618 654 26

361 837 362 840 Ἴ
574 763 746 848 possibilia,
769 779 849 846 qaae
874 761 972 828 ordini
999 769 1131 830 naturae
1145 761 1293 830 videntur
1316 767 1383 830 esse
1406 767 1530 828 contra-

372 921 373 924 .
422 887 552 934 stannum.
574 867 621 936 ria
636 895 666 934 u.
695 869 727 932 et
751 867 820 932 ideo
841 867 995 934 Dominus
1016 867 1234 950 totsteritium
1254 875 1425 952 conceptus
1439 885 1529 952 prae-

573 973 673 1052 misit,
698 983 733 1040 ut
767 973 863 1040 istam
897 979 1083 1058 conceptum
1114 973 1289 1058 figurarent
1313 977 1342 1038 et
1368 971 1530 1058 hgarando

505 1121 506 1124 =
572 1081 831 1164 praenuntiarent
854 1085 886 1146 et
903 1077 1158 1164 'praenuntiando
1184 1077 1395 1144 testimonium
1420 1079 1530 1164 darent

466 1175 467 1178 '
549 1175 602 1250 Ιθῖ
628 1185 808 1252 credibilem
832 1185 979 1250 lacerent.
1385 1245 1390 1252 .,

661 1291 712 1356 66.
739 1289 839 1376 (Vens.
866 1289 943 1364 371.
960 1289 1134 1356 Rationem
1156 1295 1261 1356 autem
1278 1289 1377 1356 huius
1397 1289 1529 1356 subiun-

407 1393 634 1480 sunungnragit,
656 1413 728 1462 cum
764 1393 855 1460 dicit:
893 1395 982 1478 Quia
1012 1415 1079 1460 aaa
1115 1395 1178 1460 erit
1207 1395 1407 1480 impossihile
1438 1397 1530 1480 apud

446 1473 533 1512 Μ
577 1501 679 1566 Deum
695 1519 786 1568 amru
802 1499 958 1580 rcarliacum
982 1501 1185 1568 Ecclesiastae
1205 1509 1315 1568 octavo
1331 1503 1359 1568 ¹:
1388 1527 1404 1560 ε
1418 1499 1530 1580 Omne,

574 1607 656 1690 quad
681 1605 833 1686 noluerit,
862 1607 969 1684 faciet,
995 1613 1024 1674 θῖ
1049 1625 1152 1674 sermo
1177 1607 1260 1674 illius
1292 1613 1449 1692 potestate
1466 1607 1531 1692 ple·

574 1731 637 1778 nas
667 1719 714 1780 est
731 1737 766 1792 ¹³3
803 1713 948 1780 Matthaei
982 1713 1103 1778 decimo
1139 1721 1239 1778 nono:
1268 1739 1283 1772 t<
1308 1715 1395 1798 apud
1432 1715 1530 1780 Deam

575 1819 678 1886 omnia
701 1817 858 1904 possibilia
874 1825 956 1906 xsam
971 1847 1009 1898 »,
1025 1819 1108 1886 siout
1131 1819 1314 1886 dictumest
1337 1819 1449 1898 Sarae,
1474 1819 1531 1886 Ge-

575 1925 656 1992 nesis
679 1925 798 1992 decimo
815 1931 956 1992 ‘octaroz
986 1951 1002 1982 «
1022 1925 1170 2010 Nunquid
1195 1925 1258 1992 Deo
1288 1925 1461 2010 quidquam
1486 1931 1532 1992 θεῖ

575 2029 700 2120 difficile
715 2035 758 2096 »1
780 2029 1003 2098 Bernardus2:
1031 2057 1047 2088 t<
1065 2029 1151 2114 lpud
1176 2031 1342 2096 Dominam
1373 2029 1453 2096 idem
1486 2037 1533 2096 θεῖ

575 2137 675 2202 lacere
700 2135 782 2220 quod
809 2135 907 2222 loqui,
934 2141 964 2204 et
986 2135 1072 2222 loqui
1095 2135 1182 2222 qnod
1211 2135 1302 2202 velte.
1325 2135 1436 2202 llerito
1457 2153 1533 2220 ergo

574 2241 712 2320 noveris,
728 2259 789 2308 non
808 2259 876 2310 esse
891 2241 1080 2328 impossibile
1095 2261 1191 2308 ornae
1205 2241 1338 2308 uerbum
1354 2269 1370 2300 ε
1382 2267 1388 2322 ;
1401 2249 1434 2308 et
1448 2241 1532 2320 ideo,

575 2365 645 2414 oum
668 2345 787 2432 aliquid
812 2347 964 2432 promittit
981 2349 1079 2426 Dens,
1103 2347 1170 2414 sine
1187 2347 1381 2432 dubitatione
1403 2347 1533 2414 creden-

575 2453 648 2522 dam
672 2461 737 2534 est,
769 2457 960 2538 quia,‘cum
998 2453 1100 2520 ornnia
1125 2455 1221 2538 possit
1246 2459 1288 2522 et.
1311 2453 1436 2520 mentiri
1452 2489 1454 2494 ·
1469 2471 1532 2522 non

575 2561 695 2644 possit,
710 2577 836 2628 necesse
859 2567 923 2638 θεῖ,
949 2569 984 2624 ut
1007 2559 1062 2624 hat
1084 2559 1143 2638 ita,
1167 2561 1250 2624 sicat
1271 2561 1446 2642 promittit;
1470 2561 1533 2626 Nu-

575 2681 734 2730 merornm
764 2663 912 2750 vigesimo
946 2665 1035 2732 tertio
1053 2663 1083 2730 ³:
1123 2663 1216 2732 «Non
1252 2673 1299 2730 est
1328 2665 1412 2730 Deus
1443 2663 1531 2750 quasi

525 2857 527 2862 ,
575 2771 689 2852 homo,
711 2779 748 2838 ut
771 2771 959 2850 mentiatur;
984 2789 1041 2838 nec
1066 2777 1101 2836 ut
1118 2771 1202 2838 tilius
1224 2771 1380 2852 hominis,
1404 2779 1440 2838 ut
1462 2789 1533 2838 ma-

576 2883 669 2944 tetur.
696 2879 780 2944 Dixit
806 2897 894 2964 ergo,
918 2885 950 2944 et
965 2897 1026 2944 uun
1052 2877 1161 2946 faciet?
1187 2879 1323 2946 Loorrtus
1338 2885 1399 2958 est,
1425 2885 1454 2946 θῖ
1470 2895 1532 2944 nan

575 2983 714 3068 implebit
729 3011 746 3044 u
761 2991 772 3050 l
789 3021 831 3034 -
848 2971 886 3050 Et
908 2983 954 3050 sic
976 2985 1112 3052 ostendit
1135 2985 1269 3072 Angelus
1293 3003 1382 3052 stram
1406 2987 1533 3054 conclu·

575 3089 694 3156 sionem
716 3091 942 3170 necessariam,
965 3089 1078 3158 utiam
1104 3091 1198 3176 Virgo
1214 3107 1271 3158 nec
1294 3091 1440 3159 dubitare
1461 3109 1533 3176 pos-

485 3283 486 3288 *
575 3193 614 3260 sit
639 3213 696 3262 nec
716 3197 819 3270 ualeat
840 3195 1015 3262 dissentire.

683 3423 771 3478 Tertio
789 3421 949 3480 describitur
962 3423 1097 3500 ¹tisseoulio
1116 3423 1242 3494 propositi
1260 3423 1341 3494 quoad
1359 3425 1425 3478 iria.

665 3623 716 3686 or.
743 3621 841 3704 (Vens.
868 3623 954 3704 ’38.).
989 3621 1080 3688 Dixit
1111 3629 1221 3688 atatem
1253 3623 1368 3688 Maria
1390 3629 1447 3688 etc.
1481 3623 1533 3686 Hic

576 3729 688 3794 ultima
704 3727 831 3812 ponitur
847 3729 1011 3796 assecutio
1030 3725 1210 3812 propositi,
1237 3727 1321 3814 quud
1335 3727 1395 3794 suit
1412 3727 1443 3794 iu
1459 3745 1533 3794 eon-

577 3849 670 3900 sensu
695 3831 843 3918 Virginis,
869 3851 927 3918 per
950 3849 1044 3918 quem
1068 3845 1140 3898 mon
1167 3835 1310 3918 concepit
1331 3833 1442 3900 Filium
1467 3833 1532 3900 Dei.

576 3937 662 4004 Hunc
687 3945 789 4004 autem
817 3957 1002 4004 aurisensum
1031 3937 1183 4008 describit
1204 3939 1308 4006 debite
1331 3945 1363 4004 θῖ
1392 3937 1533 4004 ordinate

575 4043 708 4110 taetram:
732 4043 808 4130 qaia
830 4061 870 4110 ex
895 4041 1081 4112 ltumititate
1100 4045 1422 4130 praedispoueutoet
1445 4043 1534 4110 curi-

473 4223 475 4228 ,
577 4155 641 4214 tute
659 4149 844 4234 perficiente
869 4156 899 4216 et
923 4151 1116 4216 ar'edutitate
1135 4151 1383 4236 pronuntiante.

663 4253 878 4322 introducitur
908 4273 984 4340 ergo
1008 4255 1112 4340 primo
1139 4257 1373 4340 pronuntiatio
1402 4277 1443 4322 cu
1465 4277 1534 4324 cre-

576 4359 726 4438 dulitate,
752 4377 824 4424 crim
846 4359 984 4426 dicitur:
1011 4355 1101 4426 Diuit
1131 4369 1243 4426 uulua
1265 4361 1442 4430 Mariand
1474 4365 1533 4428 hn-

577 4469 692 4552 gelum.
714 4465 794 4550 Quia
811 4465 894 4534 enim
913 4467 1017 4552 hugeli
1034 4467 1152 4534 dictum
1175 4469 1307 4536 credidit
1322 4487 1389 4536 esse
1403 4487 1533 4550 rerum,

577 4571 646 4640 idea
668 4573 720 4640 dat
744 4589 894 4656 expresse
917 4591 1104 4656 responsum
1129 4579 1389 4654 consentaneum;
1414 4577 1452 4642 ad
1476 4577 1534 4642 lio-

576 4697 685 4746 manos
714 4677 877 4746 decimo4:
904 4703 921 4736 «
938 4679 1035 4746 Corde
1061 4681 1200 4748 ereditur
1223 4681 1263 4748 ad
1286 4681 1455 4760 iustitiam,
1480 4699 1535 4748 ore

578 4793 681 4852 autem
714 4781 866 4852 coniessio
900 4785 937 4850 lit
969 4785 1008 4850 ad
1043 4787 1229 4866 salutem»;
1265 4795 1296 4854 et
1329 4787 1363 4852 in
1396 4787 1533 4854 Psalmo:

584 4917 599 4950 r
614 4889 756 4968 Credidi,
773 4897 900 4976 propter
917 4890 1002 4976 quod
1018 4893 1144 4958 locutus
1160 4911 1230 4958 sum
1246 4919 1274 4958 u.
1294 4893 1406 4970 Dicin·
1419 4883 1459 4958 ‘de
1476 4893 1536 4958 hac

490 5047 491 5050 ,
578 4997 674 5064 verbo
699 4997 768 5064 idei
791 4995 906 5062 dicitur
932 4995 968 5062 ad
993 4997 1146 5064 Romanas
1169 4997 1305 5064 decima:
1334 5023 1350 5054 «
1369 4997 1464 5082 Prope
1489 5005 1536 5064 est

578 5105 711 5170 rerhum
736 5105 845 5180 inore
863 5111 917 5168 tua
942 5109 971 5168 et
989 5103 1019 5168 in
1043 5105 1137 5170 corde
1160 5111 1231 5182 tuo,
1256 5105 1317 5168 hcc
1331 5111 1380 5170 est
1401 5103 1536 5170 verbum

578 5209 666 5290 fidei,
693 5209 776 5298 quod
791 5209 1010 5294 praedicamus
1025 5235 1056 5274 a.
1080 5209 1159 5294 Quia
1181 5227 1256 5294 ergo
1278 5209 1374 5276 corde
1395 5207 1537 5294 concepit

432 4381 465 4426 De
478 4379 556 4436 primo.

650 5645 659 5676 ¹
680 5649 756 5700 Vers.
768 5645 793 5698 3.
807 5659 863 5714 seq.
879 5675 912 5686 -
926 5649 1078 5712 Sequuntur
1089 5645 1178 5700 llattb.
1193 5649 1239 5714 ta,
1252 5647 1294 5700 16.
1309 5653 1331 5700 et
1346 5649 1409 5702 Gen.
1424 5649 1470 5714 l8,
1496 5647 1538 5700 11.

649 5733 659 5766 ²
678 5735 771 5790 llomil.
791 5735 818 5786 1.
835 5749 915 5800 super
929 5735 1026 5792 Missus
1040 5741 1092 5802 est,
1107 5751 1134 5788 n.
1145 5735 1178 5788 7:
1199 5737 1252 5790 Soli
1270 5737 1325 5790 Deo
1338 5737 1400 5804 quta
1415 5737 1486 5792 idem
1499 5743 1538 5790 est

580 5829 663 5880 lucere
686 5825 759 5894 quod
775 5823 862 5890 loqui,
882 5825 951 5876 idem
963 5825 1035 5892 loqui
1055 5825 1128 5892 quod
1145 5827 1227 5892 relle;
1248 5827 1405 5880 meritonae
1426 5827 1472 5878 erit
1492 5825 1538 5878 iru-

535 5897 537 5904 ’
575 5913 703 5984 possibile
719 5909 795 5984 apud
813 5915 898 5966 Deum
917 5927 996 5966 omae
1013 5911 1133 5966 uerbum.

650 5999 660 6032 ³
682 6005 757 6058 Vers.
779 6003 875 6074 111-
893 6001 1019 6066 Superius
1046 5999 1129 6054 ACD
1151 6001 1274 6054 omittant
1298 6005 1325 6056 et
1349 5999 1460 6056 mentiri
1483 6015 1539 6056 aaa

575 6093 672 6162 possit.

650 6179 661 6212 ⁴
681 6183 758 6236 Vers.
779 6179 823 6234 11).
839 6209 877 6220 -
894 6179 1012 6234 Subinde
1029 6181 1176 6244 allegantur
1194 6179 1235 6232 Ρε.
1256 6179 1320 6246 115,
1340 6177 1383 6230 ta.
1402 6179 1469 6248 (sire
1486 6177 1537 6246 t.);

579 6271 656 6326 Rom.
678 6273 723 6334 to,
745 6271 775 6334 83
794 6269 857 6322 Luc.
879 6271 906 6332 1,
928 6269 968 6322 lb.
989 6275 1014 6324 et
1034 6269 1081 6336 11,
1100 6269 1145 6324 27.
1280 6273 1283 6278 “

650 6355 660 6386 ⁵
680 6361 757 6414 Vera
775 6357 822 6422 11;
840 6365 900 6422 post
917 6373 999 6426 quem
1017 6357 1136 6426 sequitur
1153 6357 1222 6410 Ruth
1248 6359 1275 6422 1,
1297 6355 1337 6408 tc,
1358 6363 1384 6408 et
1403 6355 1445 6406 l3.

650 6443 662 6476 ⁶
680 6447 774 6500 llomil.
795 6445 821 6498 l.
833 6461 912 6512 super
932 6445 1182 6512 Maeuiusque:
1200 6445 1336 6498 Humiliter
1351 6455 1416 6506 ergo
1433 6455 1540 6508 respon·

581 6535 639 6602 det,
658 6541 687 6588 at
704 6539 754 6588 etc.
772 6533 838 6586 Edd.
864 6539 891 6588 et
913 6533 994 6586 codd.
1019 6547 1069 6600 pro
1092 6531 1238 6588 Humiliter
1262 6531 1360 6584 habent
1385 6527 1538 6584 humilitas.

581 6623 646 6680 thid.
663 6625 743 6678 etiam
762 6623 886 6676 sententia
905 6635 963 6690 seq.
980 6621 1106 6688 habetor,
1126 6621 1167 6676 cui
1187 6621 1337 6698 adiungitur
1356 6621 1433 6674 Eccli.
1447 6619 1495 6688 te,
1511 6617 1537 6672 ’1.

650 6709 660 6740 ²
680 6713 774 6766 llomil.
789 6701 820 6764 l.
836 6725 918 6776 super
930 6709 1029 6768 Missus
1042 6715 1093 6776 est,
1111 6727 1137 6764 n.
1150 6711 1244 6764 11.-
1256 6711 1407 6776 Sequutitur
1419 6711 1460 6764 Ps.
1478 6709 1539 6772 105,

1185 583 1699 652 COMMENT.1NEVANGEL[UM
1724 581 1840 650 tutela
1866 581 1896 650 C.
1923 583 1941 648 l.

1592 761 1727 828 vertiam
1751 759 1839 838 hdei,
1865 767 1974 826 ventre
1997 761 2136 844 concepit
2161 759 2271 826 Filium
2296 761 2367 840 Dei;
2393 761 2474 824 intra
2495 777 2549 824 eo-

1592 867 1682 934 dem:
1710 893 1728 926 «
1744 867 1854 946 Beata,
1877 883 1957 952 quae
1982 867 2276 948 θῖθ111111ε111’θῖθ.;
2300 871 2331 932 et
2363 867 2548 932 undecimo:

1601 971 1745 1038 «Beatus
1766 979 1893 1048 venter,
1931 971 1985 1054 qui
2021 977 2052 1038 te
2074 971 2229 1054 portarit,
2263 979 2295 1036 et
2317 971 2435 1048 ubera,
2468 989 2549 1054 quae

1594 1077 1706 1144 suxisti
1722 1085 1752 1142 »g
2545 1089 2546 1094 ’

1661 1201 1662 1206 ’
1685 1185 1736 1248 68.
1760 1181 1876 1268 Deinde
1891 1183 2037 1268 seqnitur
2050 1181 2268 1268 praeparatio
2286 1199 2324 1246 aa
2350 1179 2550 1262 bumilitate,
2570 1199 2710 1252 assecutus,

1594 1307 1667 1354 curn
1691 1289 1822 1354 dicitur:
1850 1289 2091 1366 decennalia
2119 1287 2258 1354 Domini.
2285 1287 2397 1352 Simile
2421 1305 2550 1370 respua-

1595 1411 1665 1460 sum
1682 1393 1764 1460 dedit
1781 1393 1913 1478 abigail,
1930 1393 2045 1460 mulier
2066 1393 2224 1478 prudens,
2246 1409 2319 1458 cum
2338 1391 2434 1458 David
2459 1391 2552 1460 uellet

1595 1517 1663 1566 eam
1687 1517 1821 1566 uxorem
1847 1499 2004 1584 accipere;
2023 1499 2122 1584 'primi
2147 1501 2262 1586 Regum
2289 1497 2552 1584 vigesimo'quin-

1596 1605 1675 1672 to⁵:
1702 1631 1717 1662 a
1738 1607 1826 1684 Ecce,
1850 1605 1968 1670 tantula
2003 1607 2125 1672 tuasit
2148 1607 2180 1672 in
2214 1605 2375 1682 ancillam,
2398 1609 2435 1670 ut
2472 1605 2552 1671 lavet

1595 1709 1689 1796 pedes
1712 1727 1877 1778 serrorum
1909 1709 2023 1776 domiai
2057 1711 2115 1776 mei
2139 1737 2172 1792 »3
2195 1719 2229 1778 et
2254 1711 2307 1778 illa
2342 1711 2438 1788 lieth,
2472 1727 2552 1796 quae

1595 1815 1737 1900 designat
1770 1817 1890 1884 beatam
1919 1815 2097 1902 Virginem,
2131 1817 2214 1884 Ruth
2250 1817 2406 1884 secundo:
2435 1815 2552 1884 «Unde

1597 1923 1656 1988 hoc
1680 1921 1770 2000 mihi,
1796 1929 1830 1988 at
1856 1921 2025 1988 invenirem
2051 1921 2182 2006 gratiam
2205 1929 2278 1990 ante
2301 1923 2409 1988 oculos
2432 1927 2502 1988 tuas
2516 1931 2551 1988 »t

1597 2027 1746 2112 quoniam
1766 2053 1782 2086 «
1800 2029 1925 2096 locutas
1943 2045 1977 2094 es
2000 2027 2039 2094 ad
2055 2045 2109 2094 teor
2131 2029 2259 2096 ancillae
2280 2033 2367 2108 tuae,
2392 2045 2474 2114 quae
2489 2045 2552 2096 non

1598 2149 1668 2198 sum
1694 2133 1803 2200 similis
1825 2135 1922 2200 ninias
1951 2133 2130 2218 puellarum
2156 2141 2329 2200 tuarum».
2357 2135 2391 2198 Et
2423 2135 2495 2218 qaia
2519 2151 2553 2200 εθ

1597 2237 1686 2324 virgo
1709 2239 1806 2306 llario
1836 2239 2034 2318 humiliarit,
2056 2257 2088 2306 se
2118 2241 2157 2306 ad
2180 2237 2310 2326 gratiam
2346 2241 2552 2326 praeparavit.

1597 2345 1817 2412 heruardust:
1839 2371 1856 2406 «
1872 2345 2037 2412 Humiliter
2053 2347 2273 2432 respondetur,
2297 2351 2332 2412 nt
2354 2345 2439 2414 sedes
2464 2363 2554 2432 prae·

1597 2457 1728 2534 paretur
1743 2477 1773 2516 ».
1800 2453 1833 2516 Et
1858 2453 1932 2538 quia
1954 2453 2123 2538 singularis
2146 2453 2323 2534 humilitas,
2350 2453 2418 2520 ideo
2435 2459 2468 2518 et
2490 2451 2553 2518 sin-

1596 2555 1715 2640 gularis
1739 2555 1797 2622 luit
1819 2557 1936 2642 gratia3
1961 2555 2046 2624 unde
2068 2559 2259 2626 Bernartius:
2291 2587 2306 2618 «
2322 2561 2388 2626 Nau
2417 2565 2463 2626 θεῖ
2487 2577 2552 2624 ma-

1597 2681 1707 2746 gnum,
1727 2679 1794 2728 θεεθ
1811 2663 1962 2730 humilem
1982 2663 2009 2728 in
2029 2663 2223 2746 abiectione;
2240 2681 2353 2750 magna
2374 2681 2505 2748 prorsus
2522 2671 2553 2732 et

1598 2785 1671 2834 rara
1686 2767 1788 2834 virtus
1812 2769 1972 2836 humilitas
1989 2771 2140 2844 llariurata
2153 2795 2187 2850 »3
2209 2771 2268 2836 hnc
2291 2795 2305 2828 c
2318 2777 2365 2836 est
2381 2771 2551 2850 luminare,

1597 2873 1682 2958 quad
1696 2873 1852 2940 minuitur
1877 2873 1907 2940 in
1925 2873 2238 2956 consummatione»,
2255 2873 2458 2942 Ecclesiastioi
2477 2893 2553 2960 qaa-

1596 2979 1771 3064 dragesimo
1797 2981 1898 3048 tertio.
2289 3011 2291 3014 ·
2320 3011 2329 3052 J

1688 3087 1740 3152 69.
1763 3089 1924 3154 Postremo
1946 3089 2094 3154 subditur
2117 3099 2295 3154 cousensus
2321 3085 2490 3172 perfectus
2511 3107 2551 3152 ea
2569 3105 2602 3150 aa
2615 3105 2686 3150 seruo.

1597 3195 1755 3274 caritate,
1779 3211 1852 3260 curru
1869 3195 2001 3260 dicitur:
2018 3193 2099 3260 Fiat
2120 3191 2203 3260 milti
2218 3193 2398 3260 ceorrudum
2416 3193 2552 3292 riarium
2579 3237 2581 3242 ,

1598 3311 1702 3368 tirum.
1734 3329 1749 3362 «
1769 3303 1864 3380 Fiat,
1898 3307 1935 3368 ut
1955 3299 2031 3366 dicit
2064 3299 2279 3380 Demardusl,
2314 3309 2362 3368 est
2396 3301 2553 3368 ctesiderii
2570 3317 2718 3380 risurum.

1596 3407 1749 3494 siguum,
1772 3425 1834 3472 non
1860 3407 2063 3472 dubitationis
2085 3405 2235 3472 indicium
2256 3431 2293 3482 »;
2316 3407 2412 3472 etiam
2434 3413 2482 3472 θεῖ
2506 3407 2552 3472 si·
2588 3383 2696 3470 8’Ἶθῖἶῖω

1595 3531 1701 3596 paura
1727 3511 1935 3590 assertionis,
1960 3511 2042 3578 sicut
2064 3511 2095 3576 ia
2122 3511 2242 3578 Psalmo
2264 3509 2397 3576 dicitur:
2426 3537 2441 3568 «
2468 3511 2554 3578 Dicet

1597 3617 1699 3684 omnis
1723 3617 1876 3702 populas:
1909 3617 1992 3696 Fiat,
2014 3617 2069 3682 liat
2084 3623 2121 3696 ›'›;
2150 3617 2318 3684 etiterum
2354 3613 2552 3704 allectionis,

1598 3731 1633 3790 ut
1656 3723 1689 3788 in
1712 3725 1850 3790 Psalmo:
1873 3723 1969 3788 «Fiat
1995 3741 2107 3790 manus
2129 3729 2257 3802 tua,‘ut
2272 3721 2379 3788 salvet
2404 3741 2453 3788 ine
2474 3749 2489 3782 a
2511 3727 2553 3770 -”-

1598 3831 1680 3898 idem
1702 3831 1785 3898 enim
1811 3839 1857 3896 θεῖ
1879 3829 2013 3896 uerbum
2039 3839 2068 3896 et
2092 3849 2214 3896 niolitus
2232 3829 2330 3896 Patris
2347 3865 2389 3878 —-
2407 3835 2436 3894 et
2451 3835 2553 3914 potest

1598 3953 1666 4004 esse
1680 3935 1841 4004 orationis
1858 3935 2004 4016 ueritum,
2017 3945 2054 4004 ut
2066 3937 2111 4004 sic
2123 3935 2167 4024 sit
2179 3935 2467 4014 desideratorium,
2480 3935 2553 4020 quia

1598 4061 1639 4110 en
1664 4043 1810 4124 caritate;
1835 4043 2042 4124 oratorium,
2065 4043 2138 4130 qaia
2162 4061 2202 4110 ex
2228 4041 2421 4122 hriuiilitate;
2444 4061 2553 4108 ascer-

1598 4141 1742 4230 tariuru,
1757 4149 1831 4234 quia
1848 4169 1889 4216 en
1906 4149 2090 4216 credulitate
2103 4151 2124 4216 ⁸.
2141 4151 2280 4216 -llaec
2297 4155 2345 4214 est
2360 4167 2423 4214 trux
2438 4149 2553 4216 duleis·
2571 4167 2710 4230 vagatus.

1599 4253 1678 4322 sima
1697 4253 1891 4334 hominibus,
1908 4253 2031 4340 Angelis
2054 4259 2084 4322 et
2100 4253 2159 4340 ipsi
2182 4255 2309 4340 Sponsa.
2327 4253 2411 4318 Hanc
2430 4251 2553 4334 petebat
2608 4233 2669 4266 ⁵¹m³'

1598 4361 1630 4426 in
1653 4361 1855 4426 Canticorum
1879 4361 2034 4428 secando:
2052 4385 2077 4418 ¹«
2095 4361 2187 4428 Sonet
2209 4379 2273 4428 ron
2291 4367 2353 4424 tua·
2367 4359 2400 4424 in
2423 4359 2554 4426 auribus

1598 4467 1694 4548 meis;
1718 4485 1782 4532 run
1807 4467 1888 4532 enim
1913 4475 1968 4554 tua
1991 4467 2106 4548 dulcis,
2129 4475 2161 4534 et
2189 4467 2284 4534 iacies
2306 4471 2362 4532 tua
2381 4465 2496 4532 decora
2515 4491 2556 4546 »t

1570 4581 1572 4586 ’
1599 4571 1685 4658 qaod
1706 4571 1795 4652 lacit,
1819 4589 1890 4638 cam
1909 4573 1991 4640 dixit
2012 4573 2144 4658 Angeia:
2171 4575 2249 4640 Fiat
2271 4569 2358 4640 arilei
2372 4571 2556 4640 acciendum

1598 4679 1736 4746 erardum
1752 4685 1856 4746 turtru.
1879 4679 2062 4758 «Verbum,
2075 4681 2160 4766 quod
2176 4687 2243 4748 erat
2258 4679 2289 4744 in
2303 4679 2456 4764 principio
2474 4679 2556 4764 apud

1598 4787 1716 4862 Deum,
1743 4787 1797 4850 hat
1819 4803 1891 4852 caro
1916 4787 1953 4852 de
1986 4795 2085 4852 carne
2102 4805 2184 4866 mea,
2216 4785 2387 4854 secundum
2422 4787 2556 4852 verbum

1599 4891 1716 4958 tuum9
1734 4919 1763 4956 a.
1800 4891 1885 4958 llnde
1920 4891 2114 4958 bernardus:
2142 4893 2244 4958 «Fiat
2279 4891 2373 4970 milii,
2408 4893 2555 4972 obsecro,

1570 5073 1572 5076 ,
1600 4997 1734 5064 verbum
1757 5015 1817 5064 non
1843 4997 2018 5082 prolatum,
2044 5005 2079 5064 ut
2104 5007 2255 5078 transeat,
2282 4997 2334 5066 sed
2357 5007 2555 5084 conceptum,

1566 4993 1571 5286 1
1600 5109 1636 5168 ut
1658 5109 1793 5170 maneat.
1817 5105 1881 5170 Fiat
1912 5105 2045 5172 verbum
2066 5123 2129 5172 non
2153 5113 2279 5174 tantam
2306 5105 2442 5172 audibile
2462 5105 2558 5172 ‘auri-¹

1601 5207 1680 5290 bus,
1703 5209 1805 5276 sedet
1826 5209 1947 5278 visibile
1961 5211 2078 5290 aculis,
2105 5211 2255 5296 palpabile
2273 5213 2441 5292 manibus,
2456 5215 2556 5296 gesta-

1602 5647 1627 5700 l.
1644 5663 1677 5700 ex
1700 5647 1875 5714 Vigueriauis)
1895 5663 1923 5702 n.
1941 5649 1973 5702 2:
1997 5647 2115 5702 Christus
2132 5651 2201 5702 enim
2222 5661 2316 5702 manus
2345 5647 2461 5708 Domini,
2480 5645 2557 5698 Filius

1601 5737 1647 5788 Dei
1667 5751 1760 5790 montis
1780 5739 1839 5800 Dei,
1860 5737 1977 5790 Verbum
2002 5739 2050 5792 Dei
2068 5753 2164 5792 mantis
2181 5737 2237 5792 Dei.
2260 5737 2334 5802 Quae
2354 5741 2391 5788 est
2416 5735 2484 5790 enim
2504 5749 2558 5788 ma·

1601 5841 1650 5878 nus
1669 5825 1729 5888 Dei,
1748 5825 1797 5878 nisi
1816 5841 1961 5892 perquam
1980 5827 2054 5896 sacta
2070 5827 2139 5880 aaut
2158 5825 2248 5880 amaia
2267 5823 2352 5892 [toan.
2372 5825 2394 5890 1,
2415 5825 2460 5894 3.].

1673 5911 1684 5942 ⁸
1701 5915 1839 5978 bernard,
1860 5917 1908 5966 loe.
1928 5915 1983 5966 cit:
2002 5917 2033 5966 et
2052 5915 2075 5966 in
2096 5917 2146 5966 hoc
2165 5915 2238 5982 quod
2255 5913 2332 5966 dicit:
2355 5913 2415 5966 Fiat
2432 5911 2502 5966 utihi
2517 5927 2558 5966 se·

1601 6001 1721 6056 caedum
1742 5987 1851 6056 uerbum
1871 6005 1961 6066 iterant,
1985 6003 2069 6066 magis
2088 6001 2253 6068 intelligenda
2273 6007 2313 6056 est
2336 6003 2456 6054 allectum
2478 6001 2558 6066 expet·

1602 6103 1674 6142 mere
1692 6087 1877 6152 desiderantis,
1900 6101 1982 6156 quam
2006 6091 2127 6142 ellectum
2151 6091 2286 6158 requirere
2310 6103 2383 6142 more
2408 6089 2557 6142 dubitantis

1602 6179 1767 6244 Quamquam
1788 6177 1823 6230 nil
1842 6177 1929 6230 obstat
1946 6177 2067 6244 intelligi,
2085 6179 2136 6248 fiat
2153 6191 2210 6232 θεεθ
2229 6175 2341 6230 verbum
2359 6177 2465 6230 orantis.
2477 6179 2558 6230 Nemo

1602 6267 1701 6332 quippe
1720 6271 1791 6332 orat,
1811 6265 1859 6318 nisi
1871 6265 1943 6332 quod
1957 6265 2041 6320 credit
2052 6273 2076 6320 et
2095 6271 2191 6332 sperat.
2210 6265 2271 6320 Vult
2285 6271 2370 6318 nutem
2384 6279 2400 6316 a
2420 6277 2447 6318 se
2459 6263 2558 6332 requiri

1602 6353 1673 6406 Deus
1691 6353 1768 6404 etiam
1788 6353 1862 6420 quod
1874 6353 2014 6418 pollicetur.
2029 6357 2059 6408 Et
2076 6353 2136 6408 ideo
2156 6357 2220 6406 torte
2234 6353 2325 6416 multa,
2345 6367 2415 6420 quae
2432 6353 2496 6404 dare
2508 6353 2559 6406 dis·

1602 6443 1703 6506 posuit,
1723 6441 1798 6506 prius
1815 6443 1965 6506 pollicetur,
1985 6449 2012 6494 at
2036 6457 2067 6494 ex
2092 6439 2265 6506 promissione
2290 6441 2394 6494 devotio
2421 6441 2558 6506 excitetur,

1602 6531 1692 6596 sicque
1710 6529 1783 6596 quod
1804 6531 1884 6596 gratis
1907 6531 2016 6584 daturus
2036 6537 2090 6584 erat
2110 6531 2202 6584 derata
2219 6531 2302 6584 oratio
2315 6535 2497 6596 promereatur
2508 6537 2559 6582 etc.

1602 6647 1637 6662 ·-
1656 6619 1779 6686 Sequitur
1797 6617 1870 6674 Cant.
1889 6621 1920 6686 2,
1943 6619 1984 6674 rt.
2387 6611 2388 6618 '

1673 6703 1686 6734 ⁹
1702 6707 1835 6770 bernard,
1855 6707 1947 6760 llomil.
1966 6707 1998 6758 l.
2016 6719 2097 6772 super
2118 6705 2216 6762 Missus
2235 6707 2287 6770 ast,
2306 6719 2331 6758 n.
2355 6707 2392 6758 tt.
2414 6705 2559 6770 despicitur

582 6801 624 6854 18.
643 6807 668 6854 et
688 6801 752 6862 118,
772 6799 836 6864 173,
860 6799 906 6862 uhi
924 6799 1035 6862 August.
1061 6797 1151 6866 (serm.
1169 6797 1213 6868 31,
1240 6811 1263 6848 n.
1288 6795 1337 6858 at:
1361 6795 1423 6852 rac
1439 6809 1539 6852 atauus
1576 6819 1578 6836 =

1603 6797 1672 6848 ioan.
1693 6797 1720 6862 1,
1740 6797 1770 6848 1ι
1790 6797 1843 6848 lloc
1863 6799 1918 6848 erat
1935 6795 1961 6848 in
1982 6795 2112 6860 principio
2130 6793 2202 6860 apud
2223 6795 2316 6848 Deum.
2334 6793 2478 6848 -Verba
2499 6795 2559 6848 Der·

581 6893 644 6956 tua,
662 6881 692 6942 ut
710 6899 810 6942 manus
823 6887 868 6940 Dei
887 6887 1007 6940 Christus
1022 6885 1190 6952 intelligatur.
1208 6883 1261 6938 Gir.
1278 6883 1365 6964 Serm.
1385 6885 1447 6938 191.
1463 6883 1539 6952 (alias
1577 6961 1578 6966 η
2427 6881 2429 6886 ’

1602 6885 1692 6950 nudi,
1710 6897 1780 6950 quae
1799 6887 1957 6950 sequuntur,
1979 6881 2108 6936 habentur
2125 6883 2176 6936 loc.
2193 6881 2237 6936 cit.
