5900 8266
1090 539 1284 614 COMMENT.
1307 543 1347 614 lN
1364 541 1612 616 geVlNGttlbtl
1628 535 1753 612 tome
1775 543 1809 610 C.
1823 535 1896 610 nn:

500 725 582 792 hanc
603 721 720 808 peccati
746 717 1020 790 irremissibilitas:
1043 721 1113 790 ideo
1130 721 1324 808 blasphemia
1344 721 1378 790 in
1394 723 1458 808 Spi·

500 831 596 898 ritum
620 837 764 898 sanctum
786 829 1087 898 444-4444444441.
1166 873 1167 876 ,
1226 873 1227 878 ,

534 1057 686 1114 luformallu
706 1057 805 1130 duplex'
817 1059 850 1114 al
870 1057 1037 1114 securitatem
1056 1057 1146 1114 4444444
1158 1059 1419 1130 pusillanimitatem.
1435 1065 1436 1068 ’

592 1259 642 1324 17.
665 1257 769 1342 (Vers.
795 1255 872 1340 ll.).
899 1255 982 1322 Guni
1007 1263 1118 1322 autem
1141 1255 1297 1324 inducent
1319 1275 1377 1322 uos
1396 1261 1455 1324 etc.

500 1363 553 1430 4444
578 1363 639 1428 4444
661 1369 777 1446 quarto
800 1361 948 1428 hortatur
970 1361 1011 1426 44
1032 1357 1219 1426 laedendam
1247 1359 1457 1426 securitatem

501 1475 619 1534 444444
647 1465 958 1550 pusillanimitatem
974 1465 998 1532 ².
1022 1465 1083 1532 Hoc
1115 1471 1219 1534 444444
1245 1465 1319 1532 44444
1338 1465 1456 1552 duplici

500 1573 566 1652 444,
589 1571 707 1660 44444444
728 1569 911 1658 auferendo
931 1571 1185 1640 sollicitudinem.
1206 1573 1246 1638 de
1262 1571 1410 1658 periculo
1427 1576 1458 1638 et

499 1675 696 1764 conserendo
718 1675 947 1744 certitudinem
970 1679 1011 1744 de
1028 1677 1209 1762 pracsidio.

590 1781 694 1848 Primo
716 1781 814 1868 igitur
836 1781 950 1870 aufert
968 1783 1220 1850 sollicitudiuem
1244 1783 1282 1848 de
1295 1783 1456 1868 periculo,

336 1905 486 2002 4444114444·
501 1905 574 1956 cum
596 1887 690 1972 dicit:
709 1889 789 1956 Cura
817 1899 927 1956 4444444
951 1891 1104 1956 inclament
1128 1907 1185 1954 uos
1208 1887 1244 1954 iu
1266 1905 1458 1974 spnopopas

337 1963 481 2108 {Rebili}
500 2005 529 2062 44
551 1995 598 2062 ad
620 1995 842 2080 irrupisttutus
865 2003 894 2064 et
912 2003 1104 2080 potestates,-
1127 1993 1158 2060 44
1183 2013 1247 2080 quo
1269 1993 1458 2072 44444444-

387 2095 393 2108 ’
502 2099 640 2186 scipulos
665 2103 898 2170 tribulationem
932 2119 1081 2186 passuros
1103 2119 1124 2166 a
1145 2101 1266 2166 ludaeis
1296 2107 1328 2168 et
1358 2099 1458 2184 genti·

503 2209 573 2272 hus.
597 2207 684 2274 Unde
708 2207 851 2272 llatthaei
877 2205 1020 2272 decimo¹
1043 2203 1236 2272 4444444444
1260 2203 1456 2290 expressius:

505 2311 672 2380 «1444444
689 2311 772 2380 44444
789 2329 845 2378 444
868 2313 899 2378 44
916 2309 1055 2378 444444444
1071 2317 1101 2376 44
1118 2311 1148 2376 44
1164 2311 1329 2396 synagogis
1345 2337 1362 2368 4
1383 2317 1457 2390 444.;

500 2419 584 2486 4444
605 2419 639 2486 44
661 2419 795 2486 Psalmo:
820 2417 1024 2486 «Astiterunt
1047 2435 1138 2502 reges
1161 2423 1266 2484 terrae
1280 2443 1296 2476 »
1327 2423 1385 2484 etc.

591 2527 641 2590 48.
664 2525 702 2592 Et
716 2533 804 2602 nota,
829 2523 911 2610 qood
932 2523 993 2590 4444
1012 2539 1128 2608 genera
1149 2539 1357 2608 personarum
1381 2539 1458 2590 enu-

336 2645 482 2742 rormrpap·
500 2637 615 2710 marat,
640 2647 744 2698 coram
769 2631 885 2716 quibus
913 2629 1061 2696 formidat
1083 2629 1179 2694 homo
1205 2629 1310 2714 loqui,
1340 2629 1458 2698 scilicet

344 2703 407 2796 {iiii
423 2709 458 2754 '¹¹'
467 2711 483 2740 ¹¹
502 2755 606 2806 444444
632 2737 763 2818 multis,
785 2755 893 2804 coram
914 2735 1032 2820 peritis
1049 2741 1080 2802 et
1102 2753 1208 2802 coram
1232 2735 1377 2822 4444444.
1400 2737 1458 2802 Co-

502 2861 570 2910 ram
586 2843 714 2922 intuitis,
739 2863 812 2912 cum
829 2843 916 2910 dicit:
943 2843 981 2908 ln
998 2839 1199 2930 spreupopis;
1214 2847 1389 2928 quocontra
1405 2841 1458 2908 lob

504 2949 662 3036 trigesimo
686 2949 831 3034 primo4:
859 2975 876 3010 c
893 2949 923 3016 Si
948 2947 1061 3034 444444
1088 2947 1128 3014 44
1151 2947 1386 3032 multitudinem
1410 2949 1457 3014 ni-

500 3055 614 3136 miam,
640 3063 669 3124 et
693 3057 849 3144 despectio
873 3055 1125 3142 propinquorum
1143 3055 1258 3122 terruit
1279 3073 1330 3124 me
1345 3081 1378 3122 a.
1401 3055 1458 3124 Co-

501 3181 570 3228 ram
591 3163 724 3248 peritis,
754 3163 837 3230 unde
858 3163 960 3230 addit:
984 3161 1030 3230 ad
1058 3161 1297 3250 44444444444444;
1325 3165 1458 3230 ictuum

502 3265 634 3350 quinto:
662 3291 678 3324 «
700 3269 786 3334 Tunc
810 3267 886 3334 abiit
908 3267 1110 3352 magistratus
1142 3285 1212 3334 cum
1245 3267 1397 3334 4444444444
1428 3275 1458 3334 44

501 3371 705 3438 4444444444
726 3373 930 3458 Apostolos».
948 3373 1057 3440 Coram
1075 3373 1223 3460 44444444,
1250 3391 1321 3442 ctum
1337 3373 1457 3442 subdit:

501 3485 529 3544 et
548 3483 738 3562 potestatem
763 3477 800 3544 ad
825 3481 975 3544 Romanos
1001 3479 1250 3546 decimotertio:
1280 3505 1296 3538 «
1313 3479 1366 3546 tis
1394 3499 1458 3546 444

502 3583 613 3652 timere
644 3589 854 3670 potestatem?
887 3585 1006 3650 1444444
1034 3583 1083 3652 444
1107 3613 1139 3652 s.
1163 3585 1257 3652 Primi
1289 3605 1351 3652 444
1385 3593 1459 3652 4444

502 3687 648 3768 444444444,
679 3687 754 3774 quia
786 3715 802 3746 «
827 3687 934 3772 plures
963 3689 1179 3770 nobiscnm»,
1203 3691 1309 3774 quarti
1340 3691 1458 3774 Regum

428 3867 430 3870 ,
502 3795 633 3874 sexla⁵;
657 3793 785 3862 secundi
802 3811 880 3874 4444,
896 3795 970 3880 quia
986 3795 1172 3880 prudentior
1188 3795 1367 3874 4414444444,
1385 3795 1459 3880 quia

501 3901 635 3968 4444444
659 3907 765 3966 sento:
788 3925 804 3958 »
826 3901 891 3966 Non
907 3907 1053 3984 poterant
1077 3901 1222 3968 resistere
1244 3901 1412 3986 sapientiae
1429 3907 1459 3970 et

503 4005 666 4092 spiritui»
697 4011 776 4084 etc.;
806 4005 948 4072 4444414444
979 4025 1036 4074 444
1061 4007 1161 4086 444444;
1188 4007 1308 4092 primae
1337 4007 1459 4074 loannis

503 4119 632 4200 quarto:
660 4111 814 4180 «vicistis
830 4129 897 4192 eos,
920 4115 1068 4199 (quoniam
1091 4113 1192 4180 maior
1214 4121 1263 4182 est
1285 4113 1340 4200 qui
1357 4115 1389 4180 44
1404 4133 1458 4180 44-

502 4219 550 4286 bis
574 4225 636 4300 est,
659 4237 755 4304 quam
779 4217 834 4302 qui
857 4219 889 4284 44
904 4219 1031 4286 muodo
1046 4245 1079 4282 n.

594 4327 645 4414 19.
661 4323 699 4392 Et
714 4323 861 4408 quoniam
880 4325 1056 4410 perieulum
1072 4331 1119 4392 est
1135 4325 1218 4412 loqui
1241 4325 1271 4390 44
1288 4333 1458 4410 4444444444

338 4443 418 4540 hilp
431 4431 713 4498 sacumultitudinis
734 4429 945 4510 observantis3
968 4439 1001 4498 et
1022 4431 1200 4516 periculum
1223 4431 1344 4498 inducit
1369 4431 1458 4498 timo-

345 4507 481 4604 44444444.
501 4555 584 4618 rem,
606 4545 640 4606 44
657 4537 751 4604 timor
772 4535 1026 4616 sollicitudinem,
1050 4543 1081 4604 et
1101 4535 1278 4604 sollicitudo
1298 4537 1458 4620 inquietu-

500 4645 619 4724 dinem,
652 4651 683 4710 et
706 4643 891 4730 inquietudo
920 4643 1151 4722 turbationem,
1181 4651 1211 4710 et
1242 4643 1382 4709 turbatio
1410 4647 1460 4708 est

500 4753 621 4820 occasio
644 4751 854 4836 impatientiae
879 4757 908 4816 et
924 4749 1050 4816 ruinae:
1072 4749 1141 4818 ideo
1163 4755 1326 4816 44444444
1349 4765 1458 4834 super·

500 4857 564 4924 ilua
589 4855 816 4936 sollicitudine,
838 4875 909 4924 cum
943 4855 1069 4924 subdit:
1093 4855 1200 4922 Nolite
1217 4853 1350 4922 solliciti
1373 4873 1457 4934 esse,

440 5025 441 5028 ,
500 4967 658 5054 qrtaliter,
683 4963 847 5052 quiquid
880 4961 1125 5050 respondentis,
1148 4961 1267 5028 scillcet
1294 4961 1458 5026 «iuterro-

459 5095 461 5098 ·
500 5073 648 5158 gentibus
662 5097 678 5130 »
701 5070 868 5150 4444444444,
893 5079 954 5138 aaa
975 5067 1210 5158 quatetenus,
1228 5067 1346 5134 seilicet
1376 5093 1391 5124 1<
1403 5085 1457 5134 44-

549 5511 551 5516 ’
572 5511 581 5542 ¹
600 5509 653 5566 Cir.
670 5513 699 5564 ll.
718 5511 787 5564 Sent.
807 5511 834 5566 d.
852 5509 896 5566 43.
913 5525 937 5562 4.
957 5511 981 5564 4.
1002 5525 1027 5578 q.
1048 5511 1072 5562 4.
1091 5525 1146 5578 seq.

529 5671 530 5676 ἵ
572 5599 582 5632 ¹
602 5601 668 5656 Vide
686 5613 766 5666 supra
784 5613 810 5650 n.
831 5601 853 5652 4.
888 5659 889 5662 ,

572 5689 677 5742 414444.
698 5689 743 5752 44,
764 5689 806 5742 4444
825 5689 991 5754 subiungitur
1011 5691 1052 5742 Ps.
1072 5689 1101 5752 4,
1122 5691 1151 5754 23
1172 5691 1224 5742 alh·
1237 5689 1293 5742 4444.
1313 5689 1341 5752 4,
1362 5689 1405 5740 244.

572 5777 583 5808 ⁴
601 5779 675 5830 Vere.
696 5779 738 5832 34.
751 5805 785 5818 -
799 5779 921 5846 Sequitur
934 5779 988 5830 Act.
1010 5779 1039 5842 ii,
1053 5779 1101 5830 444
1127 5779 1224 5832 4Τ4444
1242 5777 1307 5830 abiit
1325 5775 1459 5842 ntagislra·

399 5907 401 5912 ,
500 5871 541 5918 tus
560 5879 621 5918 4444
641 5865 778 5930 ministris,
796 5873 824 5920 et
834 5865 942 5920 4444444
953 5867 1011 5920 illos
1021 5865 1080 5920 'sine
1091 5867 1134 5934 44;
1147 5865 1274 5920 timebant
1290 5865 1360 5920 enirn
1375 5877 1458 5930 4444-

500 5955 568 6016 14444,
582 5965 613 6006 44
626 5953 802 6016 lapidarentur
815 5973 844 6016 »;
862 5967 943 6022 quern
961 5969 1068 6006 versum
1086 5955 1290 6008 4444444444444
1307 5953 1458 6020 posuimus,

500 6041 578 6094 codd.
588 6039 718 6106 siquidem
728 6047 852 6106 corrupte
864 6043 967 6104 legunt:
980 6039 1051 6094 uncle
1061 6039 1150 6096 addit:
1159 6041 1197 6096 nd
1205 6041 1385 6110 magistratus
1394 6053 1457 6094 cum

499 6125 635 6184 uniuersis
653 6125 724 6196 [cum
737 6127 893 6196 4441444444]
911 6131 938 6182 44
954 6127 1131 6182 444-44444444
1147 6127 1297 6196 Apostolos.
1319 6129 1457 6184 Vaticana:

502 6217 577 6274 Unde
600 6217 630 6272 in
653 6215 762 6270 4444444
786 6215 964 6270 adducerent
986 6215 1129 6286 Apostolos
1152 6215 1191 6272 ed
1209 6217 1396 6286 magistratus.
1423 6227 1458 6256 ψ’·

501 6301 619 6360 Subinde
644 6307 770 6370 allegatur
792 6307 870 6358 Rom.
890 6305 939 6366 l3,
963 6305 993 6366 3,
1013 6305 1037 6356 in
1056 6303 1133 6358 444444
1149 6305 1202 6358 line
1219 6303 1299 6358 CDF
1317 6307 1388 6360 Bene
1403 6303 1458 6374 sac.

500 6423 535 6434 --
558 6397 648 6448 Glossa
666 6391 865 6448 interlinearis:
886 6391 954 6446 dum
977 6395 1081 6458 4444444,
1100 6397 1192 6446 444444
1210 6397 1323 6446 44444444
1340 6393 1458 6446 4444444-
1483 6415 1484 6418 ¹

500 6483 549 6546 tie,
569 6481 696 6538 inducent
711 6495 773 6550 eos,
791 6487 822 6534 ut
833 6495 878 6534 me
889 6477 1050 6544 negetis,.in
1069 6493 1238 6550 4444444444,
1257 6479 1377 6546 publicos
1395 6493 1458 6532 con-

499 6573 606 6632 uentus,
620 6571 646 6622 et
657 6569 695 6622 ecl
710 6567 901 6640 magistratus,
923 6567 1056 6634 principes
1075 6581 1240 6634 synagogae,
1259 6571 1283 6622 et
1296 6569 1457 6636 potestates,

497 6655 598 6724 regiam
617 6663 789 6722 potestatem,
806 6655 888 6712 nolite
909 6655 1019 6712 solliciti
1034 6669 1090 6712 esse
1108 6665 1156 6712 etc.
1178 6655 1224 6724 (ita
1243 6655 1287 6724 lt).

569 6745 581 6776 ⁵
599 6747 674 6802 Vere.
686 6749 727 6802 46.
737 6775 774 6790 -
784 6747 901 6802 Subinde
910 6747 1056 6814 allegantur
1068 6747 1124 6802 444.
1136 6741 1167 6824 li,
1183 6749 1224 6802 10.
1237 6749 1374 6802 4441444.
1388 6745 1416 6814 4,
1431 6745 1455 6802 4.

569 6831 582 6862 ¹
601 6835 638 6888 144
656 6835 747 6892 4414444
773 6835 969 6892 interlinearis:
989 6833 1077 6894 Nolite
1103 6835 1212 6892 solliciti
1228 6847 1299 6902 esse,
1324 6833 1456 6906 qualiter,

2408 555 2475 622 ets

1521 721 1659 792 lentibus
1682 721 1910 802 addiscereim
1935 721 1966 788 in
1990 741 2060 810 quo
2081 723 2264 792 44444444
2292 725 2571 812 tollit-solliciter
2585 747 2643 794 soni.

1521 829 1692 896 4444444444
1714 827 1955 908 studiositatis,
1979 829 2034 898 sed
2059 829 2273 896 curiositatis.
2295 829 2344 898 -De
2361 849 2425 916 qua
2439 835 2480 900 44
2522 801 2604 846 ‘mm'

1515 935 1736 1022 Philippenses
1767 943 1899 1022 quarto:
1938 923 2052 1004 «Nihil
2085 935 2205 1004 solliciti
2243 935 2324 1014 sitis,
2362 935 2415 1004 sed
2445 937 2479 1006 44

1520 1041 1605 1108 omni
1630 1041 1770 1110 44444444
1794 1061 1867 1110 cum
1889 1041 2064 1128 gratiarnm
2092 1043 2213 1110 actione
2238 1039 2402 1126 petitiones
2426 1057 2478 1108 44-

1521 1145 1605 1214 41444
1629 1147 1823 1216 44444444444
1854 1149 1938 1234 4444
1967 1149 2068 1216 Deum
2084 1171 2118 1228 »ς
2140 1149 2235 1234 quia,
2257 1145 2340 1216 sicut
2362 1147 2479 1214 dicitur

1521 1253 1854 1346 144444444444,-444
1878 1255 1949 1340 quis
1975 1261 2120 1324 44444444
2155 1255 2273 1340 indiget
2309 1253 2478 1338 sapientia,

1520 1359 1658 1444 postulet
1688 1379 1706 1426 4
1741 1361 1836 1428 Deo»
1867 1369 1924 1428 etc.
1954 1361 1993 1426 Et
2024 1359 2104 1426 illud
2139 1361 2277 1426 44444444
2302 1357 2479 1428 iaciendum
2498 1373 2628 1420 loentum·

1520 1473 1569 1532 est
1590 1465 1625 1530 44
1646 1465 1779 1532 44444444
1805 1467 2013 1546 aesculetis,
2039 1465 2090 1534 ubi
2123 1473 2255 1534 nonest
2278 1465 2480 1552 quaerendus

1520 1577 1651 1636 ornatus
1676 1573 1845 1638 uerborum
1872 1589 1906 1638 44
1931 1571 2126 1654 444144444444
2148 1573 2393 1652 sententiarum,
2425 1573 2478 1638 sed

1521 1693 1610 1744 44444
1633 1685 1662 1742 44
1688 1677 1822 1762 simplex
1844 1675 1917 1744 otei
1941 1677 2058 1744 4444444
2080 1695 2151 1744 4444
2180 1679 2277 1744 mulla
2306 1677 2480 1744 4444444444

1521 1789 1554 1846 44
1576 1781 1701 1848 4444444
1731 1783 1871 1866 4441444;
1901 1783 1993 1848 iuxta
2025 1783 2112 1866 qood
2141 1783 2257 1850 dicitur
2288 1783 2408 1870 primae
2438 1783 2479 1850 ad

1521 1883 1700 1952 Corinthios
1730 1885 1907 1952 secundm:
1941 1887 2081 1952 «Sermo
2118 1893 2223 1954 noster
2254 1907 2316 1954 444
2351 1887 2412 1954 4444
2444 1889 2477 1954 44
2555 1897 2556 1900 ’

1521 1991 1782 2080 persuasibilibus
1807 1993 1961 2058 humanae
1987 1991 2154 2074 sapientiae
2171 1993 2275 2058 4444444
2291 2021 2307 2052 n
2335 1993 2478 2060 4441444

1522 2107 1630 2166 autem
1665 2097 1797 2166 intendit
1831 2099 2036 2166 retraheres
2069 2095 2181 2164 studio
2201 2097 2372 2178 ueritatis,
2405 2119 2478 2168 cum

1521 2205 1587 2290 ipse
1612 2205 1694 2272 dicat
1724 2203 1845 2272 loannis
1877 2203 2004 2290 quinto:
2035 2231 2051 2262 «
2067 2203 2257 2272 Scrutamini
2281 2203 2478 2290 Scripturas,

1520 2311 1554 2378 in
1577 2311 1695 2396 quibus
1716 2311 1834 2396 potatis
1859 2309 1952 2376 444444
1976 2315 2135 2376 aeternam
2160 2309 2276 2376 habere
2294 2331 2323 2386 »;
2354 2309 2408 2376 444
2431 2311 2479 2376 44-

1522 2417 1622 2484 tendit
1643 2417 1854 2504 persuadere,
1879 2423 1914 2484 ut
1945 2419 2039 2484 homo
2062 2415 2093 2482 44
2118 2417 2259 2502 44444444
2282 2415 2391 2482 mortis
2416 2435 2479 2484 444

1523 2525 1658 2590 4444444
1681 2525 1719 2590 44
1743 2521 1885 2608 ingenio,
1910 2523 1986 2610 quia
2001 2509 2094 2590 homo
2111 2521 2214 2590 deficit
2230 2523 2261 2590 44
2277 2521 2478 2602 4444444444,

1521 2629 1641 2697 fallitur
1666 2629 1698 2696 44
1721 2629 1903 2708 iudicando,
1929 2637 1959 2696 et
1983 2629 2052 2696 ideo
2081 2627 2186 2696 444444
2206 2627 2408 2714 1444444444,
2431 2629 2480 2696 44-

1521 2735 1626 2804 444444
1647 2735 1771 2822 ingenio
1796 2753 1864 2802 suo.
1889 2737 2018 2820 Propter
2042 2735 2126 2822 quod
2148 2735 2391 2802 Proverhiorum
2417 2741 2479 2802 ter-

1522 2839 1608 2908 tioi:
1637 2865 1652 2900 «
1670 2841 1753 2908 Habe
1775 2839 1923 2908 iiduciam
1946 2841 1978 2906 in
2003 2839 2133 2908 Domino
2156 2859 2197 2908 ex
2214 2845 2281 2908 tcto
2298 2839 2389 2908 corde
2408 2845 2478 2920 444,

1521 2951 1554 3014 44
1576 2965 1616 3014 44
1638 2945 1782 3012 innitaris
1805 2945 1991 3032 prudentiae
2012 2953 2085 3014 44444
2101 2973 2131 3012 4.

1613 3055 1664 3122 ab.
1691 3055 1790 3140 (Vere.
1820 3055 1893 3136 la).
1925 3053 2066 3122 Secundo
2100 3055 2219 3124 4444444
2250 3053 2479 3122 certitudinem
2491 3065 2641 3162 pecundum·

1522 3161 1562 3226 de
1581 3161 1770 3246 praesidio,
1808 3179 1880 3228 cunr
1903 3161 2026 3228 subdit:
2053 3161 2200 3246 Spiritus
2224 3161 2310 3228 enim
2340 3169 2479 3226 sanctus
2504 3125 2642 3272 eifrhgosiffin'

1522 3269 1646 3334 docebit
1668 3289 1724 3334 uos
1749 3269 1783 3336 iu
1809 3269 1884 3354 ipsu
1906 3265 2010 3348 hora,
2042 3267 2150 3358 qttae⁹
2176 3277 2322 3354 oporteat
2346 3287 2402 3334 uos
2428 3267 2478 3334 ni·
2508 3239 2549 3282 pa
2620 3255 2625 3268 ¹

1522 3391 1602 3440 cere.
1628 3373 1682 3440 Hie
1714 3381 1820 3442 444444
1857 3373 1992 3461 Spiritus
2014 3383 2063 3442 est
2088 3373 2229 3460 optimus
2251 3373 2377 3454 doctor,
2401 3373 2477 3460 quia

1522 3477 1612 3546 dotet
1635 3479 1794 3548 hominem
1819 3479 1997 3566 intelligere
2011 3485 2042 3546 ei
2059 3487 2175 3546 4444444
2188 3479 2381 3566 conprimere.
2400 3481 2475 3544 Pro-

1522 3591 1591 3670 pter
1606 3583 1748 3674 primom
1763 3585 1880 3652 dicitur
1895 3587 1948 3652 1444
1964 3585 2124 3672 trigesimo
2139 3587 2323 3654 secuuntur:
2348 3613 2364 3646 «
2379 3587 2477 3672 laspi-

1523 3691 1603 3758 44444
1638 3689 1868 3776 omnipotentis
1899 3691 1953 3758 dat
1988 3691 2222 3778 intelligentiam
2241 3717 2269 3772 »3
2295 3699 2324 3760 et
2357 3691 2479 3760 loannis

1522 3797 1643 3864 decimo
1667 3805 1774 3864 sento:
1805 3823 1821 3856 4
1836 3797 1914 3862 Com
1940 3799 2062 3866 4444444
2083 3799 2135 3866 4444
2165 3799 2299 3884 Spiritus
2321 3799 2478 3876 tentatie,

1521 3903 1644 3970 docebit
1667 3921 1722 3970 444
1747 3909 1871 3970 onlnem
1894 3903 2059 3970 veritatem
2075 3931 2106 3984 n,
2123 3907 2221 3990 quia,
2246 3905 2328 3972 444444
2363 3905 2478 3972 4444444

1522 4009 1643 4092 primae
1665 4009 1703 4074 ad
1719 4009 1897 4078 Corinthios
1914 4009 2066 4090 secundo,
2088 4037 2105 4070 a
2121 4011 2255 4096 Spiritus
2269 4011 2374 4078 omnia
2389 4029 2480 4084 scru-

1523 4119 1628 4196 tatur,
1651 4117 1746 4182 etiam
1769 4117 1927 4198 profonda
1952 4117 2007 4184 Dei
2024 4145 2056 4184 4.
2080 4117 2210 4202 Propter
2235 4117 2408 4186 4444444444
2432 4117 2479 4184 44-

1522 4219 1605 4286 44444
1640 4219 1815 4306 Sapientiae
1851 4221 1970 4288 4444444
1985 4223 2026 4288 ¹¹:
2066 4249 2081 4282 «
2098 4223 2253 4306 Sapientia
2286 4223 2412 4308 aperuit
2441 4241 2478 4290 44

1523 4329 1717 4392 mutorum»
1757 4329 1833 4408 etc.;
1868 4333 1896 4394 et
1928 4327 2072 4396 Matthaei
2108 4327 2246 4396 decimo:
2287 4355 2302 4386 «
2318 4327 2380 4396 Vos
2416 4347 2478 4396 4444

1523 4429 1612 4510 estis,
1640 4429 1694 4516 qui
1731 4429 1914 4516 loquimini,
1946 4435 2001 4500 secl
2030 4433 2168 4518 Spiritus
2197 4433 2298 4500 Patris
2331 4435 2477 4502 vestri».

1523 4535 1592 4602 ldeo
1616 4535 1918 4620 4444444444444144
1934 4537 2088 4606 secundae
2104 4539 2142 4606 ad
2159 4539 2336 4606 Corinthios
2359 4539 2479 4608 decimo

1523 4641 1634 4708 tertio:
1663 4667 1680 4700 «
1697 4641 1740 4708 44
1763 4645 2024 4728 experimentum.
2042 4645 2193 4732 quaeritis
2216 4645 2286 4714 eius
2302 4647 2356 4732 qui
2379 4645 2412 4712 in
2429 4663 2479 4714 me

1522 4747 1664 4834 loquitur
1688 4747 1832 4816 Christus
1849 4757 1887 4816 »t
1911 4787 1955 4798 -
1978 4753 2022 4818 De
2046 4751 2095 4818 his
2119 4759 2224 4818 autem
2247 4753 2372 4820 dnobus
2394 4753 2477 4820 44444
2493 4735 2644 4860 44444444-

1521 4855 1674 4942 vlgesimo
1698 4855 1800 4940 444444
1814 4857 1857 4923 ¹¹:
1880 4883 1893 4916 4
1907 4857 1968 4942 Ego
1985 4857 2065 4924 daho
2080 4857 2169 4924 444444
2184 4877 2219 4924 44
2236 4863 2265 4926 44
2282 4859 2475 4946 sapientiam,
2499 4879 2501 4884 ‘
2534 4829 2602 4864 Μ’

1522 4961 1574 5026 444
1596 4978 1658 5028 444
1684 4967 1831 5044 44444444
1854 4963 2002 5030 resistere
2016 4967 2049 5030 et
2072 4963 2286 5032 contradicere
2302 4981 2409 5032 omues
2426 4963 2480 5030 ad-

1522 5065 1653 5134 versarii
1670 5065 1766 5134 444444
1778 5093 1811 5148 »3
1826 5076 1859 5136 et
1874 5069 1995 5156 primae
2015 5069 2136 5136 loannis
2161 5069 2315 5138 seeurndo:
2336 5069 2480 5136 «1444444

1522 5509 1557 5562 de
1575 5509 1654 5562 modo
1675 5509 1837 5576 proterendi,
1858 5513 1905 5566 4444
1925 5509 2001 5580 quid,
2020 5509 2056 5564 de
2075 5511 2152 5566 modo
2181 5509 2346 5574 inveniendi,
2369 5521 2481 5578 respon-

1522 5597 1621 5664 deatis,
1640 5599 1875 5666 interrogantibus,
1892 5605 1941 5656 aul
1967 5599 2033 5670 quid
2060 5599 2169 5674 dicetis,
2187 5599 2290 5654 discere
2316 5599 2478 5654 volentibus.

1521 5713 1559 5726 —
1576 5687 1633 5740 Duo
1650 5697 1725 5756 seqq.
1745 5687 1793 5740 loci
1812 5695 1873 5740 sunt
1889 5689 1952 5740 Phil.
1973 5689 2004 5754 4,
2023 5689 2051 5740 a.
2068 5693 2093 5740 44
2112 5689 2160 5740 444.
2182 5689 2208 5754 4,
2229 5687 2253 5740 5.

1592 5771 1603 5802 ⁷
1625 5773 1797 5830 414444.-
1817 5777 1939 5844 Sequitur
1955 5777 2026 5830 ioan.
2047 5777 2076 5842 5,
2097 5779 2139 5830 39.

1592 5859 1604 5890 ⁸
1624 5863 1698 5916 11444.
1717 5863 1743 5916 5.
1764 5891 1800 5904 -
1821 5863 1947 5930 Superius
1964 5879 2014 5928 444
2038 5863 2070 5918 de
2093 5863 2199 5932 ingen-ie
2221 5865 2264 5930 (ita
2286 5863 2478 5918 Daseeunda

1522 5949 1613 6016 mano)
1633 5951 1650 6004 C
1670 5951 1868 6006 desinentibus
1887 5953 1933 6008 lita
1956 5953 1979 6004 l)
2006 5951 2153 6018 primitus),
2173 5953 2194 6004 G
2216 5951 2245 6006 in
2262 5949 2475 6016 incentionibus,

1522 6039 1581 6092 vat.
1598 6051 1660 6092 4444
1680 6039 1809 6092 nonnullis
1826 6037 1902 6094 codd.
1924 6037 1954 6092 de
1973 6037 2182 6104 inventionibus,
2203 6039 2227 6090 Η
2246 6037 2277 6090 de
2297 6035 2409 6090 14444444
2423 6035 2479 6090 siue

1522 6113 1696 6182 informandis.

1592 6209 1605 6242 ⁹
1624 6217 1657 6268 lta
1678 6211 1755 6268 etiam
1772 6215 1843 6268 Beda
1864 6219 1889 6268 et
1906 6215 2052 6278 Gorraous;
2071 6215 2184 6280 Vulgata
2201 6217 2229 6266 et
2248 6215 2307 6282 444.
2324 6211 2398 6282 quid.

1592 6297 1616 6330 ¹⁰
1634 6301 1710 6356 Vere.
1728 6305 1754 6354 8.
1766 6329 1802 6342 -
1814 6305 1872 6356 Duo
1889 6315 1964 6370 seqq.
1983 6301 2031 6354 loei
2052 6309 2113 6356 4444
2129 6303 2199 6354 ioan.
2221 6303 2266 6364 ts,
2290 6303 2329 6354 13.
2344 6305 2371 6354 44
2387 6301 2480 6356 44144.

1521 6393 1553 6454 4,
1573 6391 1624 6443 lo.
2117 6419 2120 6456 ;

1592 6477 1614 6508 ¹¹
1634 6479 1709 6532 Vere.
1729 6481 1775 6546 41,
1795 6485 1855 6546 4444
1874 6493 1953 6546 quem
1972 6481 2061 6532 lllattb.
2079 6481 2127 6546 lli,
2146 6479 2280 6532 2444411.
2301 6475 2359 6532 Car.
2379 6479 2429 6542 43,
2448 6479 2476 6532 3.

1592 6563 1616 6598 ¹¹
1634 6567 1708 6622 Vers.
1729 6569 1770 6632 14,
1789 6574 1815 6622 et
1827 6567 1888 6622 dein
1900 6571 1920 6622 l.
1935 6567 2154 6632 1444444-
2168 6567 2258 6620 Glossa
2276 6565 2476 6620 interlinearis:

1520 6653 1641 6726 Spiritus
1658 6655 1731 6712 enim
1748 6661 1859 6714 senatus
1886 6655 1989 6712 docebit
2010 6669 2058 6712 eos
2084 6663 2142 6724 444,
2162 6655 2225 6724 quia
2248 6667 2301 6708 non
2318 6669 2351 6706 ex
2369 6655 2477 6720 ingenio

1522 6747 1564 6802 vel
1581 6751 1638 6802 4444
1655 6751 1743 6802 vestra
1761 6745 1843 6802 rerba
1863 6745 2021 6816 procedent,
2041 6745 2088 6802 sed
2108 6745 2263 6814 suspiritus
2282 6745 2367 6800 saneti
2384 6745 2478 6810 gratia
