5908 8266
599 607 660 674 tta

596 785 687 854 tertio
702 791 730 852 ¹:
752 813 769 846 «
785 783 889 850 lnveni
914 801 1010 866 quem
1033 781 1134 868 diligit
1152 781 1256 848 anima
1272 799 1357 848 mea:
1374 781 1461 848 tenui
1477 797 1548 848 eum

595 905 653 956 neo
674 889 828 956 dimittam
846 915 860 948 »
890 893 948 956 etc.
965 889 1026 954 Nec
1041 887 1176 966 mirum,
1202 887 1290 972 quia,
1308 887 1550 954 proverbiorum

595 995 705 1074 tertio,
733 1021 749 1052 <c
773 995 893 1080 lignum
923 993 1006 1060 vitae
1040 999 1089 1060 est
1114 993 1165 1060 his
1197 993 1252 1076 qui
1286 991 1551 1080 apprehenderint

595 1117 676 1178 eam;
701 1105 732 1166 θῖ
755 1101 807 1184 qui
834 1099 971 1166 tenuerit
993 1115 1080 1178 eam,
1103 1099 1216 1166 beatus
1230 1127 1263 1164 a.
1287 1097 1374 1166 Unde
1406 1103 1551 1182 poterant

594 1205 698 1270 dicere
720 1203 797 1270 illud
821 1205 942 1270 animae
966 1209 1091 1270 sanctae
1106 1203 1139 1269 in
1162 1203 1299 1270 Psalmo:
1331 1203 1401 1268 «Ne
1415 1201 1550 1268 derelin-

594 1325 672 1396 quas
696 1325 764 1388 me,
787 1309 930 1388 uomina
948 1311 1032 1378 Deus
1047 1327 1149 1390 meus,
1164 1327 1205 1376 ne
1219 1309 1400 1376 discesseris
1421 1325 1441 1374 a
1457 1325 1506 1376 me
1517 1333 1548 1374 a.

594 1415 626 1478 ln
651 1431 714 1498 quo
736 1415 929 1492 ostenditur,
956 1415 1039 1500 quod
1062 1415 1208 1482 Christus
1229 1433 1287 1482 nec
1315 1415 1470 1482 ambiebat
1493 1415 1549 1480 ho

593 1535 720 1598 norem,
744 1527 912 1605 antequam
936 1521 1103 1598 offerrent,
1129 1539 1186 1586 nec
1210 1521 1302 1586 etiam
1319 1521 1381 1586 iarn
1397 1519 1548 1598 oblatum,

488 1637 574 1694 arura.
592 1623 667 1708 quia
678 1625 768 1708 quasi
780 1625 938 1692 violenter¹
948 1625 1156 1694 detinebatur.
1172 1663 1215 1676 -
1226 1627 1326 1694 Huius
1341 1627 1444 1712 Ugura
1460 1643 1548 1712 prae-

593 1727 685 1802 cessit
708 1727 835 1796 Genesis
851 1729 1011 1816 trigesimo
1027 1733 1164 1798 secundo
1177 1733 1205 1798 2ε
1227 1733 1382 1800 «Dimitte
1399 1751 1458 1814 me,
1474 1733 1550 1820 quia

592 1851 709 1900 aurora
730 1843 777 1904 est
791 1861 825 1916 a,
848 1835 933 1920 quod
956 1837 1036 1904 dixit
1060 1841 1194 1926 lagatus
1216 1841 1256 1904 ad
1278 1839 1377 1906 lacob.

682 1943 733 2008 96.
767 1943 867 2028 (Vers.
893 1943 969 2026 aa).
995 1945 1100 2012 Tertio
1136 1947 1318 2012 excluditur
1340 1945 1494 2012 adrodatio
1516 1947 1548 2012 in

425 2053 651 2160 neqffiqgftuhoc
672 2051 759 2138 quod
781 2051 920 2120 additur:
947 2051 1075 2138 Quibus
1097 2053 1149 2120 aa
1172 2053 1239 2120 ait:
1267 2051 1380 2134 Quta³
1403 2051 1480 2120 aliis
1505 2053 1549 2120 ci-

591 2157 748 2222 uitatibus
771 2165 896 2244 oportet
917 2179 968 2224 rac
992 2159 1223 2244 evangelizare
1238 2177 1381 2244 regnam
1395 2159 1463 2224 Dei.
1480 2159 1547 2226 Non

591 2261 638 2354 eis
659 2263 837 2344 blanditur,
861 2265 915 2330 sed
938 2263 1091 2342 ostendit,
1116 2281 1149 2332 se
1172 2263 1344 2348 aequaliter
1374 2281 1487 2330 curare
1511 2263 1549 2330 de

590 2369 754 2450 omnibus;
777 2371 861 2438 unde
884 2375 1007 2456 poterat
1028 2371 1134 2438 dicere
1155 2369 1233 2438 illud
1256 2369 1377 2456 primae
1391 2369 1430 2434 ad
1452 2371 1549 2436 Thes·

591 2475 797 2540 salonicenses
832 2475 985 2540 secundo:
1023 2475 1161 2560 «Neque
1197 2473 1316 2540 inirnus
1342 2475 1375 2540 in
1404 2491 1549 2540 sermone

590 2575 791 2656 adulationis,
816 2595 917 2664 neque
942 2585 1131 2662 quaerentes
1153 2581 1194 2648 ab
1208 2579 1391 2646 hominibus
1405 2579 1547 2664 gloriam,

588 2699 694 2768 neque
716 2701 735 2748 a
758 2683 845 2750 vobis
870 2699 971 2768 neque
995 2683 1033 2750 ab
1058 2685 1172 2752 aliis».
1197 2687 1263 2750 Non
1278 2685 1362 2750 enim
1379 2685 1549 2768 quaerebat

589 2789 771 2856 hominibus
793 2791 934 2876 placere,
965 2789 1020 2858 sed
1043 2791 1127 2872 Deo;
1151 2801 1183 2858 et
1207 2791 1275 2858 ideo
1298 2791 1390 2858 dicit:
1418 2791 1550 2876 Oportet

590 2913 641 2960 ace
673 2897 919 2982 evangelizare,
956 2897 1029 2982 quia
1065 2899 1141 2966 haec
1172 2905 1218 2966 est
1253 2897 1396 2966 voluntas
1431 2897 1547 2978 Patris;

590 3001 674 3068 unde
698 3001 820 3068 subdit:
846 3001 935 3086 Qctia
958 3005 1029 3068 ideo
1061 3005 1185 3070 atdraus
1207 3025 1308 3082 aarum
1338 3005 1434 3072 Isaiae
1457 3021 1550 3070 sexa-

590 3105 708 3190 gesimo
722 3107 826 3190 primo
837 3107 866 3172 4:
885 3133 900 3164 «ι
913 3109 1133 3194 Evangelizare
1148 3109 1340 3194 pauperibus
1353 3107 1438 3176 misit
1453 3125 1503 3176 me
1515 3133 1546 3170 a.

591 3213 627 3279 Et
650 3213 718 3280 ideo
743 3215 927 3300 oportebat,
952 3215 1026 3300 qnia
1052 3215 1171 3282 loannis
1190 3215 1311 3282 decimo
1336 3221 1450 3300 quarto
1472 3215 1548 3280 dici-

590 3324 657 3386 tur:
689 3319 807 3386 «Siout
839 3321 1023 3388 mandatum
1058 3321 1141 3386 dedit
1178 3321 1254 3386 mihi
1289 3321 1392 3400 Pater,
1429 3321 1471 3386 sic
1503 3321 1548 3386 ia-

590 3425 681 3490 cio».
705 3425 817 3494 llissus
839 3433 944 3494 autem
964 3425 1069 3494 fuerat
1091 3427 1305 3514 evangelizare
1321 3425 1547 3512 antenoridae,

590 3531 764 3598 secundum
787 3531 874 3626 quod
902 3533 1017 3598 dicitur
1037 3515 1073 3598 in
1097 3533 1282 3600 auctoritate
1313 3533 1485 3616 praemissa
1514 3533 1548 3598 in

590 3637 676 3704 isaia.
701 3637 813 3705 hlissus
842 3637 936 3706 ctiam
967 3639 1026 3704 init
1050 3641 1263 3726 evangelizare
1296 3657 1437 3724 regnant
1470 3639 1547 3720 Dei,

587 3743 672 3812 sicut
695 3743 810 3810 dicitur
833 3743 894 3810 hic.
912 3743 948 3813 Et
967 3745 1036 3812 ideo
1054 3743 1224 3830 colligitur,
1250 3743 1332 3830 quod
1349 3745 1464 3812 missus
1480 3747 1548 3812 sue-

590 3853 640 3914 rat
662 3849 876 3936 evangelizare
898 3849 1092 3936 pauperibus
1117 3869 1250 3936 reguum
1273 3851 1338 3920 Dei.
1364 3851 1449 3920 Unde
1472 3855 1548 3920 llat-

590 3955 675 4022 thaei
706 3957 817 4040 quinta
832 3955 863 4016 ⁵:
893 3957 1009 4022 «Beati
1041 3975 1197 4042 pauperes
1232 3959 1364 4042 spiritu,
1398 3959 1547 4044 quoniam

589 4061 732 4148 ipsorum
755 4069 802 4130 θεῖ
825 4079 957 4148 regnum
992 4065 1149 4130 caelorum
1166 4089 1196 4144 »3
1220 4069 1252 4130 et
1274 4081 1349 4130 vere
1377 4063 1546 4150 ipsorum,

590 4169 679 4256 quia,
702 4167 822 4236 decimo
849 4187 946 4250 nono,
977 4197 993 4230 a
1008 4169 1133 4236 difficile
1165 4171 1219 4256 qni
1251 4171 1399 4256 pecunias
1430 4171 1549 4238 babent

589 4273 765 4342 introibunt
788 4275 820 4340 in
843 4293 977 4360 regnum
995 4277 1153 4342 caelorum
1174 4301 1204 4340 a.
1230 4277 1309 4362 Quia
1331 4295 1424 4344 nemo
1446 4280 1548 4360 potest

589 4379 707 4448 habere
730 4380 809 4448 illud
838 4399 990 4466 regnum,
1013 4381 1071 4448 nisi
1103 4387 1281 4448 contemnat
1306 4387 1485 4462 terrenum3
1516 4387 1548 4448 et

1196 603 1388 670 COMMENT.
1413 605 1450 670 tu
1472 603 1710 674 Evtuetttdut
1731 601 1848 672 tuctu
1874 603 1905 670 C.
1931 605 1965 672 tt.

1613 781 1738 848 dillicilc
1763 781 1911 868 pecuniae
1935 781 1974 848 ab
1998 781 2187 848 habentibus
2209 791 2471 850 contemnuntur:
2501 785 2570 854 ideo

1613 887 1738 954 difficile
1762 885 1931 974 acquirunt
1955 887 2037 972 quod
2061 887 2254 972 pauperibus
2276 895 2324 956 θεῖ
2345 887 2547 972 promissum.

1626 1081 1627 1084 Ἴ
1704 995 1756 1058 tr.
1781 995 1882 1076 (Vers
1905 991 1983 1074 lala).
2008 991 2127 1074 Quarto
2149 1009 2224 1058 vero
2257 993 2439 1060 excluditur
2456 1013 2571 1078 perso·
2585 1013 2645 1066 tum,
2660 1027 2673 1058 a
2687 1031 2731 1074 pa.

1613 1117 1739 1164 noram
1758 1097 1899 1184 occatio
1914 1097 1948 1162 in
1969 1097 2029 1164 hoc
2045 1097 2131 1182 quod
2153 1097 2312 1180 sequitur:
2330 1099 2371 1164 Et
2385 1103 2457 1164 erat
2468 1117 2569 1184 prae·
2591 1077 2731 1174 {tillidi

1613 1203 1731 1270 (dicans
1755 1203 1790 1268 t'a
1805 1197 1994 1292 'synagogis
2021 1199 2203 1280 Gratataeae,
2220 1201 2337 1268 scilicet
2360 1201 2508 1270 omuibus
2522 1205 2568 1272 in-

1612 1307 1812 1376 differenter:
1836 1307 1980 1376 llatthaei
2005 1325 2086 1376 nono
2099 1307 2128 1374 ⁶:
2150 1333 2166 1364 «
2179 1307 2336 1376 Circuibat
2352 1307 2439 1376 lesus
2459 1327 2569 1382 omnes

1613 1415 1755 1482 civitates
1773 1421 1804 1484 et
1820 1415 1959 1496 castella,
1975 1415 2089 1484 docens
2105 1415 2137 1482 in
2153 1415 2317 1500 synagogis
2336 1431 2447 1480 eorum
2459 1441 2490 1480 a.
2507 1415 2569 1486 Hoc

1611 1519 1702 1586 decet
1723 1519 1827 1586 lacere
1857 1519 1974 1586 bonum
2000 1519 2263 1604 praedicatorem,
2294 1519 2466 1586 secundum
2491 1521 2568 1590 illud

1613 1625 1854 1692 proverbiorum
1884 1625 2010 1710 quinto:
2039 1625 2256 1692 «deriventur
2282 1625 2383 1692 fontes
2406 1625 2452 1690 tui
2468 1625 2567 1706 foras,

1612 1739 1644 1798 θῖ
1665 1731 1699 1796 in
1721 1731 1832 1816 plateis
1854 1749 1953 1816 aquas
1968 1737 2038 1796 tuas
2062 1731 2163 1796 divide
2179 1757 2194 1790 2>
2206 1757 2213 1810 ;
2239 1739 2268 1798 θῖ
2289 1731 2384 1798 isaiae
2407 1731 2568 1816 trigesimo

1613 1835 1764 1904 secundo:
1787 1837 1916 1916 «Beati,
1941 1837 1997 1922 qui
2012 1835 2170 1904 seminatis
2186 1853 2281 1922 super
2302 1853 2409 1904 omnes
2426 1855 2523 1922 aquas
2537 1865 2566 1904 a.

1619 1969 1635 2002 «
1650 1943 1765 2008 Samen
1787 1949 1893 2010 autem
1908 1949 1956 2008 est
1979 1941 2112 2008 verbum
2129 1941 2183 2008 Dei
2198 1967 2229 2020 »,
2244 1941 2323 2014 inira
2345 1949 2463 2008 octava.
2483 1943 2568 2012 Unde

1611 2049 1713 2116 bonus
1736 2047 1943 2132 praedicator,
1965 2047 2102 2114 imitator
2126 2047 2258 2128 Christi,
2278 2049 2371 2116 debet
2392 2065 2460 2116 esse
2485 2067 2568 2116 com-

1612 2153 1716 2220 munis
1739 2171 1891 2239 persona,
1916 2153 1998 2220 sicut
2028 2153 2141 2220 Paulus
2172 2153 2209 2218 ad
2234 2155 2385 2222 Romanos
2413 2155 2514 2240 primo
2536 2157 2565 2222 ⁷:

1618 2285 1635 2318 «
1645 2257 1770 2324 Graecis
1785 2267 1817 2324 et
1827 2259 1985 2338 barbaris,
2003 2259 2194 2344 sapientibus
2208 2267 2241 2326 et
2256 2261 2474 2344 insipientibus
2485 2261 2568 2328 debi-

1613 2375 1661 2432 tor
1678 2383 1764 2444 sum,
1780 2363 1824 2432 ita
1838 2365 1923 2450 quod
1940 2365 1970 2432 in
1994 2383 2044 2432 me
2060 2373 2242 2450 promptum
2257 2374 2305 2434 est
2327 2375 2359 2432 et
2381 2363 2488 2448 vobis,
2511 2367 2567 2452 qui

1613 2475 1724 2540 Romae
1741 2471 1828 2552 estis,
1844 2471 2103 2558 evangelizare».
2120 2489 2159 2520 ἑ
2174 2473 2262 2556 Quod
2277 2473 2488 2560 significatum
2507 2473 2568 2540 luit
2585 2489 2671 2546 Flava.

1613 2577 1778 2644 Zachariae
1803 2585 1893 2644 sexto
1909 2579 1941 2644 in
1957 2579 2047 2664 equis
2069 2579 2281 2646 deserentibus
2305 2579 2507 2666 quadrigam,
2537 2579 2567 2646 id

1612 2691 1658 2750 est
1682 2685 1779 2768 legem
1805 2683 2028 2768 evangelicam,
2053 2683 2106 2750 ubi
2131 2685 2259 2764 dicitur,
2285 2685 2370 2770 quod
2399 2685 2448 2752 isti
2474 2691 2583 2764 sunt,

1612 2807 1692 2876 qnos
1707 2789 1791 2856 misit
1807 2789 1977 2868 Dominus,
1991 2797 2024 2856 ut
2042 2815 2058 2848 «
2070 2789 2289 2874 perambulent
2306 2795 2423 2856 terram
2435 2815 2465 2870 »;
2484 2789 2565 2856 unde

1611 2897 1642 2964 ia
1658 2897 1721 2962 tine
1739 2895 1908 2968 llatthaai8
1925 2897 2038 2962 dicitur
2055 2895 2336 2980 praedicatoribus:
2357 2923 2373 2956 (ι
2384 2897 2442 2978 Ιῖθ,
2458 2897 2565 2964 docete

1611 3017 1719 3070 omnes
1743 3007 1849 3086 gentes
1866 3025 1895 3080 »;
1926 3007 1956 3068 et
1979 3001 2009 3066 in
2033 3001 2096 3068 line
2119 2999 2210 3068 llarci
2224 3007 2272 3066 :u
2290 3005 2331 3068 lte
2355 3003 2386 3068 in
2412 3003 2565 3070 mundun

1611 3107 1815 3186 universum,
1839 3107 2013 3192 praedicate
2038 3107 2238 3194 Evangelium
2253 3107 2338 3176 omni
2355 3115 2517 3176 creaturae
2534 3135 2563 3172 a.

1701 3215 1753 3278 98.
1777 3215 1823 3278 Ex
1855 3213 2020 3300 praedictis
2053 3213 2223 3298 colligitur,
2255 3215 2340 3300 quod
2371 3215 2565 3300 praedicator
2590 3231 2714 3302 narcara

1610 3321 1727 3398 honuS,
1751 3319 1776 3386 si
1800 3325 1847 3386 est
1870 3327 2015 3404 acceptus
2039 3319 2234 3400 bominibus
2257 3323 2297 3386 ad
2328 3323 2387 3388 hoc
2411 3321 2494 3407 quod
2526 3321 2565 3386 sit
2579 3293 2726 3392 qdi'dddddffn

1610 3433 1757 3510 acceptus
1779 3427 1843 3492 Deo
1867 3431 1896 3492 θῖ
1913 3425 2034 3510 Angelis
2057 3425 2137 3506 eins,
2162 3425 2253 3494 debet
2269 3445 2337 3494 esse
2362 3425 2510 3494 immunis
2526 3425 2565 3494 ab
2622 3395 2677 3440 ἴση·

1611 3533 1820 3602 ostentatione
1842 3533 1878 3600 c'u
1899 3533 2012 3620 cigno,
2037 3531 2075 3598 ab
2100 3533 2275 3600 ambitione
2300 3533 2335 3600 t'u
2360 3535 2494 3612 aniana,
2527 3533 2565 3598 ab

1611 3639 1803 3724 adulatione
1817 3639 1854 3704 ab
1868 3637 1980 3718 uerbo,
1997 3657 2015 3704 a
2027 3657 2251 3724 personarunt
2264 3641 2448 3726 acceptione
2461 3641 2497 3704 in
2512 3637 2565 3726 fa-

1613 3755 1661 3812 cto
1678 3745 1743 3814 sive
1757 3745 1918 3814 exercitio.
1936 3745 1972 3812 Et
1988 3745 2064 3812 haec
2078 3751 2216 3832 quatuor
2230 3747 2326 3834 tangit
2343 3745 2506 3832 apostotus
2519 3765 2566 3814 εθ-

1612 3851 1731 3920 cundae
1747 3853 1785 3920 ad
1801 3851 1977 3920 Corinthios
1994 3851 2171 3920 secundo⁹z
2191 3877 2207 3910 c
2225 3853 2301 3932 Non,
2312 3853 2425 3938 inquit,
2442 3871 2564 3932 snmus

1611 3959 1692 4026 sicut
1715 3959 1863 4044 plurimi,
1893 3959 2107 4026 adulterantes
2133 3958 2267 4026 verbum
2291 3961 2346 4026 Dei
2363 3983 2399 4040 »3
2423 3959 2507 4044 quod
2531 3959 2566 4024 fit

1612 4071 1749 4150 quatuor
1764 4063 1866 4134 triadis
1880 4065 2061 4150 praedictis
2090 4091 2107 4124 «
2123 4067 2176 4132 sed
2192 4081 2233 4130 ex
2254 4067 2432 4134 sinceritate
2444 4093 2476 4146 a,
2500 4067 2566 4132 sine

1611 4187 1816 4256 personarum
1832 4169 2024 4256 acceptione,
2055 4171 2164 4238 «sicut
2182 4187 2225 4238 ex
2247 4171 2310 4240 Deo
2323 4199 2355 4252 a,
2378 4171 2444 4238 sine
2469 4169 2565 4238 ambi-

1613 4277 1712 4358 tione,
1742 4307 1757 4338 «
1772 4295 1878 4346 coram
1901 4279 1965 4344 Deo
1982 4305 2015 4358 a,
2034 4277 2100 4344 sine
2114 4277 2334 4358 ostentatione,
2356 4303 2371 4336 «
2387 4277 2420 4344 in
2442 4275 2565 4342 Christo

1611 4381 1771 4470 loquimur
1784 4411 1815 4464 »,
1832 4385 1899 4452 sine
1915 4381 2106 4464 adulatione;
2121 4401 2193 4448 narn
2210 4383 2355 4452 Christus
2369 4389 2418 4450 est
2439 4381 2564 4450 veritas

1460 4605 1643 4674 caraman
1669 4607 1703 4674 V.

745 4823 880 4896 Secundo
903 4823 1139 4896 determinatur
1163 4823 1383 4916 discipulorum

923 4931 1041 5002 vocatio
1064 4949 1119 5022 per
1142 4931 1212 5002 duo.
1256 5039 1257 5044 Ἰ

682 5147 714 5210 l.
733 5147 875 5214 Factcrru
898 5153 960 5225 est,
995 5149 1072 5214 cura
1097 5147 1212 5214 turbae
1235 5149 1293 5212 etc.
1318 5147 1420 5230 Supra
1434 5143 1459 5234 a
1484 5145 1547 5230 egit

588 5251 783 5336 Evangelista
806 5251 843 5320 de
874 5251 1033 5322 doctrinae
1061 5253 1177 5320 Christi
1199 5237 1482 5332 authenticationd‚
1512 5251 1546 5318 in

587 5357 648 5426 hac
671 5363 760 5442 parte
782 5357 847 5444 agit
869 5357 907 5426 de
930 5357 1173 5444 discipulerum
1188 5357 1365 5426 uacatione.
1391 5357 1428 5424 Et
1450 5356 1547 5424 habet

499 5467 500 5470 ’
588 5479 663 5548 pars
686 5461 744 5528 ista
766 5463 861 5544 duaS,
884 5463 916 5530 in
933 5481 1069 5548 quarum
1094 5465 1196 5554 prima
1211 5461 1401 5530 describitur
1425 5461 1546 5528 vocatio

660 5789 670 5822 ²
689 5793 763 5846 Vera
794 5795 817 5846 d.
841 5823 876 5834 -
894 5795 1048 5860 Sequuntur
1065 5795 1143 5848 Prov.
1163 5797 1192 5858 3,
1216 5797 1255 5848 18.
1274 5799 1299 5846 θῖ
1317 5795 1359 5846 Ρε.
1379 5793 1427 5858 37,
1445 5797 1488 5848 22.

659 5877 764 5934 ²Vers.
784 5881 826 5932 26.

659 5967 671 6000 ³
689 5971 801 6036 Vulgata
821 5969 891 6038 Quia
916 5973 957 6038 et,·
983 5969 1019 6024 ita*
1042 5969 1120 6024 etiam
1138 5973 1170 6024 H.
1190 5999 1227 6012 -
1248 5969 1367 6024 Subinde
1383 5971 1509 6036 allegatur
1529 5973 1545 6024 l.

590 6061 683 6116 Thess.
701 6063 732 6128 2,
753 6063 779 6114 5.
798 6075 855 6130 seq.

660 6149 672 6180 ⁴
691 6153 763 6204 Vers.
791 6153 813 6206 t.
833 6149 885 6206 Clr.
905 6165 986 6218 supra
1004 6165 1065 6218 pag.
1091 6151 1138 6216 98,
1158 6157 1219 6206 uota
1240 6151 1261 6204 l.
1282 6179 1316 6190 -
1335 6149 1457 6218 Sequitur
1476 6151 1545 6204 loan.

591 6239 636 6308 rt,
655 6241 698 6292 aa.

659 6327 672 6358 ⁶
689 6329 764 6382 Vera.
783 6331 811 6398 3,
832 6335 990 6398 postquem
1009 6331 1097 6384 natan.
1121 6331 1168 6394 te,
1187 6331 1236 6384 23:
1255 6329 1321 6396 Quia
1346 6327 1420 6382 dives
1438 6329 1545 6380 difficile

589 6417 693 6470 intrabit
713 6419 738 6470 in
758 6425 821 6482 etc.;
840 6421 887 6472 oli.
906 6421 983 6472 llarc.
1003 6419 1048 6486 to,
1068 6419 1118 6472 23:
1136 6421 1222 6486 erarn
1241 6417 1345 6470 difficile
1357 6417 1403 6484 qui
1420 6417 1547 6482 pecunias

589 6505 687 6560 hebent
704 6507 731 6560 in
748 6521 862 6574 regnum
880 6509 928 6562 Dei
947 6507 1104 6560 introibunt!
1123 6509 1190 6570 Vide
1209 6507 1289 6560 etiarn
1307 6509 1370 6560 Luc.
1390 6507 1435 6568 l8,
1456 6505 1497 6558 hl.

661 6591 765 6650 6ῖῙθῖε.
786 6597 828 6650 35.
842 6625 876 6634 —-
894 6597 959 6650 Tres
977 6609 1052 6662 seqq.
1068 6595 1118 6648 loci
1137 6601 1198 6650 sunt
1215 6597 1293 6648 Prov.
1306 6595 1337 6658 d,
1352 6595 1399 6658 t6;
1418 6595 1475 6648 lsai.
1496 6593 1545 6662 32,

590 6685 631 6740 20.
650 6689 676 6738 θῖ
687 6685 750 6740 Luc.
770 6689 801 6752 8,
820 6687 867 6752 tt,
886 6701 935 6752 pro
947 6697 1001 6752 quo
1020 6683 1098 6738 codd.
1112 6683 1224 6750 allegant
1235 6681 1330 6740 Mattt.
1346 6679 1383 6738 ta
1389 6725 1397 6750 ,
1411 6681 1456 6736 ubi
1469 6695 1546 6748 para-

589 6773 647 6828 bola
668 6773 701 6828 de
725 6775 868 6830 seminante
885 6773 1035 6836 exhibetur,
1059 6775 1124 6826 haec
1142 6779 1231 6826 tamen
1253 6771 1337 6824 verba
1356 6771 1475 6838 explicite
1492 6785 1545 6824 non

589 6869 738 6918 occurrunt.

659 6947 763 7006 '‘Vers.
785 6953 826 7006 tt.
845 6967 900 7022 seq.
920 6981 954 6992 -
975 6949 1092 7004 Subinde
1110 6949 1236 7016 allegatur
1254 6949 1362 7002 Zachar.
1381 6949 1411 7014 6,
1432 6949 1454 7000 i.
1475 6949 1498 7000 2.
1520 6947 1545 7000 3.

1611 4827 1834 4912 discipulorum
1853 4829 1889 4894 de
1913 4835 2001 4894 stata
2018 4827 2180 4906 iustitiae,-
2203 4827 2235 4892 in
2251 4823 2405 4910 secunda,
2421 4829 2460 4898 de
2475 4839 2563 4896 crata

1611 4931 1727 5018 calpae
1740 4937 1785 5002 ¹1.-
1809 4933 1889 5000 Poct
1912 4931 1990 5000 daec
2013 4941 2092 5000 errat
2114 4941 2144 5000 ct
2166 4933 2249 5000 occa
2272 4943 2330 5002 etc.

1680 5159 1781 5236 Primo,
1801 5161 1919 5234 quomodo
1935 5161 2060 5216 vocentur
2078 5159 2202 5234 discipuli
2222 5161 2250 5216 ds
2269 5161 2345 5218 siaiu
2363 5161 2493 5218 iustitiae.

1697 5357 1800 5426 Prima
1822 5375 1897 5444 pars
1931 5357 2025 5424 babet
2057 5357 2146 5424 duas.
2175 5357 2208 5422 ln
2241 5357 2345 5444 prima
2377 5357 2564 5444 proponitur

1608 5463 1735 5532 occatio
1758 5463 2019 5550 declaclarant,-
2042 5465 2074 5530 in
2099 5463 2235 5530 secunda
2257 5481 2348 5546 vero,
2371 5471 2565 5532 necatorum
2642 5497 2644 5500 ·

1612 5801 1636 5848 et
1655 5795 1680 5848 t.
1698 5795 1749 5850 Clu
1775 5795 1895 5858 Hieron,
1914 5795 1940 5846 in
1961 5797 2031 5848 harno
2048 5795 2112 5848 loo:
2129 5795 2193 5860 Legi
2215 5795 2239 5846 in
2259 5795 2398 5850 cuiusdam
2416 5795 2562 5860 volumine,
2604 5851 2605 5854 ,

1610 5889 1724 5952 quatuor
1742 5883 1904 5954 quadriges,
1922 5883 1948 5936 in
1967 5885 2064 5952 quibus
2084 5891 2143 5936 sunt
2162 5885 2223 5952 equi
2236 5885 2287 5938 ruli
2300 5891 2325 5938 ct
2339 5885 2431 5950 nigri...
2452 5891 2565 5954 quatuor

1609 5973 1749 6036 Evangelia
1769 5971 1947 6038 urtelligenda,
1961 5977 1986 6024 et
2004 5983 2086 6040 equos
2099 5973 2251 6036 Apostolos
2272 5987 2319 6038 per
2333 5973 2511 6026 diversitatem
2524 5987 2564 6026 aa·

1609 6062 1695 6115 lorum
1714 6061 1832 6116 diversas
1848 6061 1944 6126 gratias
1958 6059 2148 6126 possidentes...
2159 6059 2214 6114 Hae
2224 6061 2368 6128 quadrigae
2383 6067 2495 6130 quatuor
2509 6063 2565 6116 sive

1610 6163 1704 6202 currus
1723 6149 1871 6204 missisunt
1895 6149 1921 6200 in
1939 6153 2052 6218 quatuor
2070 6155 2163 6202 ventos
2180 6149 2258 6216 caeli,
2278 6149 2305 6204 id
2325 6155 2363 6204 θεῖ
2387 6149 2421 6204 ad
2445 6151 2565 6204 cardines

1610 6237 1702 6292 mnndi
1720 6243 1745 6292 et
1763 6239 1917 6306 universum
1934 6237 2028 6290 orbern
2039 6243 2181 6302 terrarum,
2203 6243 2231 6292 ut
2246 6239 2379 6306 explerent
2399 6239 2502 6292 Domini
2522 6253 2565 6292 vo·

1609 6329 1749 6392 luntatem,
1767 6325 1864 6394 quibus
1882 6331 1974 6390 postea
1986 6325 2028 6394 [v.
2048 6325 2085 6394 7.]
2099 6325 2208 6380 infertur
2226 6325 2259 6380 ab
2273 6329 2388 6392 Angeia:
2407 6329 2458 6392 lte,
2471 6329 2565 6396 otper-

1609 6413 1745 6470 calutate
1773 6419 1875 6470 terrant
1904 6417 1928 6464 θῖ
1953 6413 1979 6464 in
2003 6413 2104 6466 cunctis
2122 6419 2251 6466 terrarum
2270 6413 2366 6466 linibus
2393 6413 2564 6478 Evangelium

1610 6503 1743 6556 seminate.

1680 6587 1773 6654 ⁸Cap.
1792 6591 1841 6654 28,
1862 6591 1902 6642 te.
1922 6619 1956 6626 —
1976 6589 2098 6656 Sequitur
2116 6591 2193 6644 llarc.
2215 6591 2256 6658 te,
2278 6591 2319 6644 ld.

1679 6677 1691 6708 ⁹
1710 6681 1785 6734 Vers.
1804 6677 1846 6732 t7.
1864 6705 1901 6718 -
1919 6679 1946 6730 ln
1970 6679 2023 6730 lino
2046 6679 2182 6744 respicitur
2210 6681 2280 6732 loau.
2300 6681 2346 6746 tt,
2372 6681 2403 6732 6:
2426 6681 2481 6744 Ego
2505 6691 2563 6732 sum

1608 6769 1695 6822 viaet
1714 6767 1810 6820 veritas
1829 6771 1878 6820 θῖθ.
2270 6763 2291 6796 ³⁰
2310 6767 2373 6834 Cap.
2396 6767 2422 6832 d,
2447 6767 2469 6818 t.
2488 6779 2562 6832 seqq.

1680 6857 1702 6886 ¹²
1722 6857 1796 6910 Vers.
1815 6857 1862 6908 at:
1881 6855 1917 6910 Εῖ
1928 6861 1992 6924 pact
2005 6855 2070 6910 haec
2084 6863 2131 6910 θῖθ.
2147 6885 2179 6896 --
2195 6857 2319 6922 Sarperius
2335 6873 2383 6924 pro
2402 6855 2565 6910 catholica·

1610 6943 1755 7000 duneval.
1776 6939 1986 7012 confirmatione.
