5908 8266
520 643 586 710 ata

519 827 624 890 mente
654 821 835 888 audirimus
864 807 1011 890 sanatum
1027 851 1056 888 ε.
1091 825 1178 890 llade'
1210 823 1308 890 lacobi
1334 823 1478 908 primo1:

525 925 683 1010 «Siquis
716 933 856 994 restrum
881 925 997 1014 indiget
1028 929 1198 1012 sapientia,
1226 929 1363 1012 postulet
1394 929 1479 996 illam

521 1055 539 1104 a
560 1035 644 1114 Deo,
667 1039 699 1100 et
714 1033 842 1102 dabitur
863 1035 894 1102 ei
909 1061 940 1100 a.
966 1033 1155 1120 Exemplum
1171 1035 1269 1100 huius
1292 1035 1427 1102 habetur
1447 1037 1479 1102 iu

521 1143 681 1208 Salomone
700 1139 782 1208 tertii
807 1139 923 1226 Regum
942 1139 1048 1220 tertio,
1070 1141 1125 1208 ubi
1142 1141 1272 1220 dicitur,
1289 1139 1373 1226 quod
1395 1151 1413 1200 t
1425 1161 1480 1226 ap-

521 1247 627 1336 paruit
661 1247 813 1314 Dominus
844 1245 1000 1314 Salomoni
1031 1253 1062 1314 et
1093 1247 1200 1312 dixit:
1231 1247 1356 1312 Postula
1397 1247 1481 1332 quod

521 1355 583 1436 ris,
605 1355 646 1422 ut
665 1353 736 1422 dem
761 1351 816 1420 tihi
833 1381 862 1420 s.
889 1349 924 1420 n
948 1353 999 1420 ille
1023 1353 1122 1420 dixit:
1153 1351 1281 1448 «Dahis
1304 1369 1398 1420 servo
1424 1360 1479 1422 tuo

522 1475 576 1532 cor
598 1463 698 1530 docile
720 1489 736 1520 ε
767 1467 825 1528 ειε.
851 1461 916 1526 «Et
938 1459 1056 1544 placuit
1080 1477 1185 1528 sermo
1209 1477 1315 1526 coram
1331 1455 1480 1540 Domino,

522 1569 605 1652 quod
631 1565 902 1642 remhuiusmodi
926 1565 1125 1650 postulasset.
1151 1565 1188 1630 llt
1211 1561 1291 1630 dixit
1315 1565 1480 1632 Dominus:

521 1673 600 1758 Quia
623 1677 658 1740 tu
680 1673 845 1758 postulasti
881 1671 1083 1756 sapientiam,
1115 1689 1206 1750 ecoe,
1240 1669 1311 1738 dedi
1346 1671 1402 1738 tibi
1427 1691 1481 1738 cor

521 1779 645 1866 sapiens
666 1783 699 1844 et
720 1775 897 1864 intelligens
924 1777 957 1842 in
980 1783 1122 1856 tantum,
1151 1781 1187 1844 ut
1217 1777 1326 1844 nullus
1347 1781 1419 1844 aute
1452 1783 1481 1844 te

521 1883 631 1952 similis
653 1883 698 1952 tui
722 1883 819 1952 luerit
842 1901 899 1952 noo
922 1889 1046 1968 postte
1071 1889 1276 1952 surrecturus
1299 1883 1339 1952 sit
1355 1911 1371 1944 ε
1391 1891 1451 1952 ειε.

611 1991 661 2060 65.
689 1991 789 2078 (Vens.
815 1989 893 2074 lca).
914 1991 1032 2076 Quarto
1057 1997 1211 2078 quautam
1244 1991 1281 2060 ad
1311 1991 1481 2080 intepritu-

396 2123 507 2180 «parrum.
522 2103 585 2164 tem
605 2095 764 2164 saltitate's
794 2095 973 2182 subiungit:
1000 2099 1038 2162 Ει
1062 2099 1155 2164 lesus
1187 2095 1272 2164 discit
1303 2097 1353 2164 t'ttt'
1365 2099 1396 2166 ²:
1422 2099 1481 2164 Re-

521 2205 629 2290 spice,·
649 2201 730 2290 rides
763 2211 823 2270 tcta
845 2211 882 2296 te
911 2203 1044 2272 saluum
1068 2201 1163 2292 feeit,
1197 2223 1254 2292 per
1277 2191 1481 2294 irtfusionem

521 2309 655 2378 diuinae
687 2309 831 2400 pratiae.
863 2315 920 2382 Per
945 2321 1123 2398 respectum
1154 2331 1292 2400 namque
1324 2313 1395 2382 dulei
1428 2331 1482 2380 cor

521 2425 664 2486 nostrum
689 2419 822 2508 erigitur
844 2421 884 2486 ad
899 2421 1134 2502 iustitiam;‘ad
1149 2423 1305 2490 Romanos
1327 2421 1480 2506 putator:

525 2527 718 2596 «lustihoati
743 2545 798 2616 per
820 2527 933 2608 tidem,
956 2547 1067 2614 pacem
1082 2529 1257 2598 habeamus
1277 2529 1317 2596 ad
1332 2531 1435 2598 Deum
1449 2555 1480 2594 a.

522 2633 559 2702 Et
581 2635 658 2702 haec
683 2641 729 2702 est
758 2633 862 2720 prima
884 2635 1005 2714 virtus,
1028 2635 1068 2702 de
1090 2653 1154 2720 qua
1182 2633 1219 2702 ad
1245 2637 1398 2702 Hebraeos
1423 2655 1482 2703 un-

521 2737 657 2804 decimo:
688 2739 923 2808 «decedentem
940 2745 1065 2824 oportet
1080 2741 1209 2806 credere
1224 2767 1257 2818 »,
1281 2759 1353 2804 nam
1382 2765 1397 2798 <c
1415 2741 1423 2806 i
1427 2759 1483 2824 psa

521 2849 570 2912 εει
590 2845 765 2912 substantia
788 2861 897 2912 rerum
923 2843 1183 2930 sperandarum»
1211 2849 1269 2910 etc.

613 2953 663 3018 66.
689 2953 789 3030 (lters.
822 2951 899 3032 ιε).
927 2951 954 3014 Ε
995 2945 1164 3032 confestim
1196 2945 1297 3026 uidit,
1328 2963 1385 3030 per
1417 2945 1483 3012 cir·

377 3077 504 3140 recuruum
521 3057 793 3140 commeationem
821 3053 1020 3140 prudentiae
1028 3077 1041 3132 ,·
1072 3053 1112 3118 ad
1143 3053 1293 3136 Ephesios
1322 3051 1434 3136 quinto
1448 3051 1481 3116 4:

407 3141 472 3174 Μ·
525 3187 542 3220 «
560 3161 685 3240 Videte,
707 3161 840 3236 tratres,
867 3157 1024 3244 quomodo
1050 3163 1140 3224 caule
1163 3155 1331 3224 ambuletis
1348 3179 1384 3236 »3
1408 3157 1482 3222 Pro-

521 3267 702 3334 verbiorum
727 3273 856 3354 quarto:
886 3263 1008 3332 «Oculi
1032 3263 1078 3332 tui
1097 3269 1183 3332 reeta
1205 3263 1344 3344 rideant,
1369 3267 1400 3330 et
1416 3263 1482 3350 pal-

1101 647 1295 716 COblblliNT.
1320 649 1357 715 IN
1381 649 1618 718 trabeatum
1643 649 1761 716 tuctu
1784 653 1817 718 C.
1841 653 1914 718 XIX.

1543 825 1659 910 pebrac
1674 833 1749 892 tuae
1772 827 1960 910 praecedant
1981 843 2109 912 gressus
2135 833 2205 896 tuos
2219 857 2252 896 a.
2270 863 2312 876 -
2330 829 2372 894 Et
2392 845 2502 916 seque-

1544 929 1646 996 batur
1667 929 1778 1010 ittum,
1802 933 2025 1018 mupm'ficons
2051 931 2169 1010 Deum,
2195 953 2252 1018 per
2271 931 2504 998 subiectionem

1543 1035 1752 1112 obedientiae.
1784 1037 1941 1104 Glossa⁵:
1969 1061 1985 1094 <t
2009 1037 2099 1102 Videt
2131 1043 2160 1104 et
2193 1037 2337 1124 sequitur
2360 1037 2415 1122 qui
2447 1037 2503 1104 ho-

1543 1157 1636 1220 num,
1670 1139 1757 1226 quod
1785 1141 1946 1226 intelligit,
1976 1148 2130 1228 operatur
2162 1151 2195 1208 et
2217 1145 2325 1212 lesum
2362 1149 2504 1226 praeter-

1543 1253 1669 1314 euntem
1700 1245 1840 1312 imitatur
1857 1271 1892 1328 »3
1916 1247 2037 1316 loannis
2065 1253 2190 1314 octavo:
2219 1277 2236 1308 «
2258 1249 2332 1336 Ego
2347 1267 2418 1316 sum
2444 1249 2502 1314 lar

1542 1351 1671 1430 mundi;
1697 1351 1750 1438 qui
1781 1355 1926 1436 sequitur
1949 1371 2000 1420 me
2021 1373 2084 1422 non
2115 1354 2256 1424 ambulat
2281 1355 2314 1420 iu
2345 1353 2502 1434 tenebam,

1544 1459 1598 1530 sed
1615 1457 1743 1526 habebit
1767 1457 1873 1526 lumen
1895 1459 1976 1526 ritae
1989 1487 2020 1526 ».
2033 1499 2076 1508 ·-
2090 1463 2132 1528 m
2152 1463 2260 1526 omnis
2279 1459 2386 1544 pieta,
2401 1465 2441 1526 ut
2453 1461 2504 1526 oi-

1544 1567 1608 1646 aa,
1627 1565 1713 1632 desiit
1730 1563 1862 1630 lacedem
1887 1565 1965 1642 beo,
1991 1583 2048 1650 per
2065 1567 2343 1634 manifestationem
2369 1565 2503 1632 diotimo

1542 1673 1680 1760 ptoriae.
1706 1671 1767 1736 lloo
1798 1671 1881 1736 enim
1905 1677 1953 1736 est
1975 1689 2073 1756 opus,
2105 1673 2136 1738 in
2160 1691 2224 1758 quo
2256 1667 2381 1738 summe
2403 1671 2503 1736 maai·

1543 1781 1677 1848 testatur
1700 1775 1856 1862 potentia,
1881 1777 2030 1862 sapientia
2062 1783 2091 1844 et
2115 1777 2345 1856 misericordia,
2378 1775 2503 1862 otiando

1544 1885 1661 1954 scilicet
1686 1883 1722 1950 de
1747 1889 1909 1968 peccatore
1925 1883 1960 1950 lit
1984 1883 2104 1962 iustus,
2128 1883 2166 1950 de
2191 1885 2287 1950 stulto
2311 1883 2448 1970 sapiens
2464 1883 2503 1952 de

1544 1997 1671 2060 errante
1695 1989 1795 2056 tidelis
1819 1997 1848 2058 et
1865 1991 1902 2058 de
1926 1989 2019 2074 impio
2043 1989 2213 2054 virtuosus,
2241 1989 2275 2054 Et
2296 1989 2366 2054 ideo
2387 1989 2427 2054 de
2442 1991 2502 2056 hoo

1544 2097 1683 2164 manime
1706 2095 1882 2164 laudandus
1905 2099 2006 2176 Deus3
2030 2093 2115 2162 unde
2143 2093 2185 2160 ad
2205 2093 2328 2160 Galatas
2353 2093 2502 2178 pumat:

1550 2207 1714 2294 «ignotus
1750 2225 1835 2274 eram
1871 2207 1947 2274 facie
1969 2231 2006 2284 a,
2042 2199 2118 2272 dicit
2150 2201 2283 2278 Paulus,
2317 2225 2333 2258 s
2360 2201 2502 2268 Ecclesiis

1545 2313 1689 2394 Iudaeae,
1705 2331 1787 2400 quae
1811 2319 1899 2380 erant
1919 2315 1949 2380 in
1975 2311 2099 2378 Christo
2107 2335 2115 2390 ;
2138 2315 2259 2378 tantum
2285 2311 2389 2374 autem
2416 2305 2502 2372 audi-

1545 2427 1613 2486 tum
1637 2421 1812 2486 habebant:
1835 2421 1984 2506 quoniam
2007 2417 2063 2504 qui
2085 2417 2336 2504 persequebatur
2368 2431 2425 2480 nos
2446 2413 2502 2480 ali-

1545 2527 1671 2612 quando
1686 2543 1770 2594 nunc
1795 2525 1985 2612 evangelizat
2006 2505 2235 2610 hdequuam
2259 2519 2427 2606 aliquando
2446 2537 2503 2588 ex-

1545 2633 1721 2718 pugnabam
1746 2639 1776 2698 et
1807 2633 1838 2696 in
1871 2651 1921 2698 me
1942 2629 2158 2714 glorificabant
2189 2629 2289 2698 Deum
2313 2655 2344 2692 ».
2377 2627 2415 2694 Et
2443 2627 2502 2694 hoo

1545 2737 1697 2802 dehemus
1720 2737 1840 2814 facere,
1873 2735 2046 2800 secundum
2079 2733 2159 2798 illud
2189 2733 2394 2800 Ecclesiastici
2426 2751 2503 2816 qua-

1546 2839 1723 2924 dragesimo
1746 2839 1881 2906 tertiat:
1912 2865 1928 2896 (ι
1949 2837 2166 2904 Gloridcaotes
2195 2837 2378 2916 Dominum,
2405 2855 2502 2924 quan-

1546 2951 1753 3030 tamtumque
1776 2945 1956 3026 potueritis,
1986 2943 2197 3026 supervalebit
2221 2943 2339 3034 adhuc,
2357 2951 2385 3010 et
2407 2943 2502 3010 admi-

1547 3051 1653 3117 rabilis
1684 3049 1915 3134 magnificentia
1944 3047 2035 3128 eim,
2066 3049 2286 3118 benedicentes
2315 3047 2501 3126 Dominum,
2561 3041 2562 3050 '

1546 3157 1682 3224 exaltate
1697 3155 1802 3236 illum,
1818 3161 2112 3242 quantumcumque
2134 3155 2280 3242 potestis
2303 3155 2404 3220 maim
2420 3155 2501 3220 enlm

1546 3267 1593 3330 εει
1615 3263 1699 3330 omni
1724 3261 1815 3330 laude
1832 3289 1863 3326 a.

1384 3581 1568 3650 Carrrunun
1592 3583 1667 3650 Xlll.

574 3905 687 3962 Secundo
706 3903 826 3962 conlutat
846 3903 1028 3960 curiositatem
1047 3905 1074 3958 in
1094 3905 1242 3976 possidendo
1261 3903 1422 3976 approbando

825 3991 1016 4050 liberalitatem
1036 3993 1172 4064 duplicem.

612 4229 639 4292 l.
666 4229 705 4292 Et
728 4227 901 4312 inpressas
914 4223 1172 4310 perambulabat
1194 4223 1320 4292 Iericho
1338 4231 1396 4292 eto.
1422 4227 1481 4292 Su-

442 4355 449 4364 ·
518 4351 577 4420 pra
608 4331 781 4400 confutarit
810 4331 1013 4418 cupidi-tatem
1039 4349 1096 4418 per
1118 4331 1374 4418 approbationem
1403 4351 1482 4418 pau·

519 4439 668 4526 perlatis,
692 4439 742 4506 hio
766 4439 929 4506 seruando8
953 4439 1095 4506 confutat
1111 4439 1317 4506 tenacitatem
1334 4457 1395 4524 per
1419 4457 1479 4524 ap·

516 4543 746 4632 probationem
771 4543 989 4612 liberalitatis.
1024 4545 1059 4610 m
1086 4545 1235 4630 quoniam
1266 4545 1419 4632 dispersio
1449 4551 1481 4612 ει

521 4651 762 4742 communicatio
786 4651 1005 4736 temporalium
1035 4657 1082 4718 est
1106 4649 1156 4716 via
1185 4651 1225 4718 ad
1247 4649 1481 4736 multiplicatio·

414 4793 501 4838 pepp„
521 4775 593 4826 nem
616 4755 847 4842 spiritualium,
878 4757 948 4824 ideo
976 4757 1008 4824 ln
1032 4757 1092 4822 hac
1118 4763 1209 4840 parte
1234 4757 1337 4842 primo
1366 4775 1480 4842 appro-

444 4919 447 4924 .
521 4865 574 4930 hat
598 4861 828 4930 liberalitatem
844 4861 1095 4928 distribuentem
1111 4861 1326 4948 temporatim
1343 4861 1480 4928 secundo

522 4985 612 5048 vero,
643 4967 849 5036 sedulitatem
870 4966 1120 5054 multiplicandi
1142 4967 1357 5054 spiritualia,
1389 4967 1431 5034 ihi
1449 4967 1479 5032 ⁹:

521 5075 611 5142 Haec
633 5075 699 5142 ittis
724 5073 935 5140 audientibus
959 5073 1120 5140 adiicicns
1151 5081 1209 5140 etc.
1238 5073 1380 5140 Primum
1404 5072 1478 5140 facit

522 5197 578 5266 per
602 5181 786 5266 exemptum
808 5199 1024 5264 cupressum,-
1047 5179 1223 5246 seaundum
1238 5195 1331 5258 vero,
1347 5195 1405 5264 per
1415 5197 1480 5264 pa·

523 5283 718 5352 rabotiaum.
858 5273 860 5278 ’
1399 5375 1400 5378 ¹

611 5387 824 5476 Introducitur
858 5405 933 5474 ergo
968 5387 1167 5474 eaanptum,
1193 5405 1248 5476 per
1277 5389 1362 5474 quod
1397 5405 1479 5456 com-

374 5535 498 5590 E„„,„„„
522 5495 688 5564 nnendatur
712 5493 900 5574 liberalitas,
923 5513 980 5580 per
1016 5513 1110 5580 quam
1136 5495 1295 5562 Zachaeus
1322 5495 1359 5562 de
1384 5495 1479 5580 impio

365 5601 502 5688 ,iplfffitlp'l
520 5603 621 5668 lactus
644 5609 690 5668 est
715 5601 835 5680 iustus3
859 5605 892 5666 et
914 5619 987 5668 aum
1012 5607 1094 5668 esset
1109 5603 1266 5682 camelus,
1283 5601 1407 5668 transiit
1422 5619 1479 5686 per

363 5695 659 5800 ”tiltglgltioramen
682 5723 759 5774 acus
788 5713 820 5774 ει
842 5705 976 5774 formam
1000 5705 1086 5774 dedit
1108 5707 1259 5774 divitibus
1281 5705 1417 5774 intrandi
1448 5707 1479 5774 in

384 5813 424 5858 ‘¹⁰⁰
439 5803 488 5846 ‘⁹¹²⁸
522 5813 642 5882 caelum
655 5813 693 5880 1⁰.
718 5813 748 5878 ln
774 5812 835 5880 hoo
857 5813 955 5900 igitur
977 5814 1125 5900 exemplo
1148 5813 1395 5882 introducuntur
1418 5813 1479 5880 tria

592 6237 601 6268 ¹
623 6239 698 6294 Vens.
719 6241 743 6294 5
757 6265 792 6278 «-
812 6237 930 6292 Subinde
949 6239 1091 6304 allegantur
1111 6239 1148 6292 lll.
1166 6243 1230 6306 bag.
1253 6243 1282 6304 3,
1301 6241 1326 6294 5.
1346 6241 1371 6292 3.
1392 6240 1477 6292 tlt-ta.

593 6327 602 6358 Ξ
621 6329 706 6382 Codd.
723 6327 834 6382 CDFG
852 6329 975 6380 omittunt
993 6327 1041 6380 tue

591 6413 602 6446 ⁵
623 6419 696 6470 Vers.
718 6419 726 6468 l
737 6437 745 6482 3
764 6415 859 6468 deinde
878 6415 958 6470 Hebr.
977 6419 1026 6482 ll,
1046 6419 1072 6470 6.
1090 6423 1116 6470 ει
1137 6419 1160 6470 l.

590 6503 601 6536 ⁴
620 6507 696 6560 Vere.
716 6507 763 6566 ts,
782 6509 842 6570 post
860 6519 942 6572 quem
961 6507 1038 6558 l‘ror.
1062 6505 1092 6572 t,
1112 6507 1155 6558 35.

593 6595 603 6626 ⁵
621 6597 723 6650 Scilicet
737 6593 885 6650 ¹ordinaria
903 6593 945 6660 (ex
965 6593 1089 6660 aragon,
1113 6595 1163 6646 loc.
1187 6593 1230 6648 cit.
1249 6609 1273 6647 u.
1297 6595 1326 6658 8,
1345 6599 1372 6644 et
1384 6591 1480 6660 Beda),

521 6701 589 6754 quae
606 6687 665 6738 root
682 6683 900 6754 praetereuntem
919 6683 1039 6746 praefigit
1055 6683 1223 6752 praemittent
1242 6679 1290 6734 oet.
1313 6681 1482 6748 -Sequitur

522 6777 589 6830 loan.
611 6777 641 6840 8,
661 6775 702 6828 la.

590 6861 602 6892 ⁶
623 6863 699 6918 Vens.
719 6861 810 6914 Zmil.
828 6887 864 6902 -··
884 6861 1011 6926 Superius
1028 6873 1077 6926 pro
1095 6857 1287 6928 ermetisestatur
1311 6859 1331 6910 h
1352 6859 1479 6922 rectatur,

522 6949 541 7004 C
555 6953 576 7004 D
594 6951 762 7004 reurreirmtur.

1546 3905 1818 3974 comessandubitiu
1843 3905 1874 3972 in
1899 3905 2054 3986 Zachaeo,
2080 3923 2136 3990 per
2168 3923 2248 3990 quae
2273 3903 2370 3990 ipsius
2395 3921 2502 3972 exem-

1546 4011 1614 4096 plar
1646 4017 1692 4078 est
1724 4009 1923 4090 imitandum,
1955 4017 1986 4076 et
2018 4015 2063 4076 est
2096 4011 2220 4096 signum
2242 4009 2337 4076 etiarn
2366 4009 2503 4078 uocatio-

1544 4117 1594 4184 nis
1615 4117 1779 4202 gentium;
1802 4121 1932 4202 propter
1958 4115 2043 4202 quod
2065 4123 2098 4184 et
2119 4115 2321 4202 Euangelium
2352 4115 2437 4182 istud
2461 4115 2504 4182 le-

1544 4223 1629 4308 gitur
1653 4223 1683 4288 in
1708 4223 1900 4290 dedicatione
1922 4223 2136 4290 ecclesiarum.
2162 4223 2198 4288 at
2214 4223 2291 4288 haee
2314 4229 2390 4288 sunt
2405 4221 2504 4308 ipsius
2523 4243 2656 4292 sucatum.

1544 4329 1674 4396 Zachaei
1697 4329 1906 4396 studiositas
1916 4331 1964 4396 ad
1986 4325 2156 4398 Christum
2183 4329 2380 4406 uidendum·
2403 4327 2504 4414 ipsius

1544 4435 1675 4504 Zachaei
1714 4433 1922 4520 hospitalitas
1960 4435 1998 4502 ad
2037 4433 2199 4502 Christum
2231 4433 2502 4520 suscipiendum,

1544 4541 1587 4608 ihi
1601 4543 1647 4608 1¹:
1672 4543 1803 4608 Etcum
1819 4541 1957 4608 uenisset
1979 4541 2027 4608 ad
2048 4541 2175 4618 tecuam
2192 4541 2290 4628 ipsius
2311 4541 2442 4608 Zachaei
2466 4541 2504 4608 u-

1543 4649 1703 4716 beratitas
1732 4649 1780 4716 ud
1812 4649 2079 4716 distributionem
2110 4667 2273 4726 suorum,
2306 4647 2367 4714 ihi:
2405 4649 2505 4714 Stans

1543 4761 1656 4822 autem
1677 4751 1851 4822 Zacbaeus
1874 4759 1931 4822 eto.

1635 4861 1836 4928 Studiositus
1856 4867 1963 4928 autem
1988 4859 2118 4928 Zachaei
2135 4859 2373 4928 commendatur
2390 4877 2431 4924 ex
2449 4857 2504 4924 tri·
2523 4869 2670 4926 carneum·

2530 4935 2619 4978 diositas
2633 4935 2661 4980 ad

1543 4969 1623 5048 hus,
1649 4967 1767 5036 scilieet
1788 4985 1831 5034 ex
1852 4975 1942 5052 parte
1965 4967 2154 5046 attractioi,
2178 4965 2381 5034 retardatiot
2401 4971 2433 5032 et
2449 4985 2504 5034 ea·
2538 4989 2655 5084 verm

1542 5073 1687 5158 peditioi.
1724 5073 1805 5138 Vera
1837 5073 1918 5138 euim
1952 5071 2130 5140 studiositas
2153 5079 2211 5150 est,
2234 5071 2267 5138 iu
2289 5087 2352 5156 qua
2376 5069 2501 5138 animas
2528 5097 2662 5160 comnena·
2726 5141 2728 5148 ,

1543 5177 1715 5246 attrahitur
1737 5177 1778 5244 ad
1799 5177 1971 5258 Christum,
1988 5185 2019 5244 ει
2035 5177 2061 5244 si
2084 5183 2255 5244 occurrant
2269 5177 2502 5262 impedimenta,
2526 5149 2658 5246 ²¹¹‘tl¹t¹¹⁰¹·

1544 5291 1650 5350 lamen
1683 5301 1746 5350 non
1781 5283 1937 5368 frangitur
1969 5283 2185 5364 desiderium,
2220 5283 2285 5352 sed.
2310 5285 2382 5368 plus
2414 5285 2501 5354 inar-

1544 5389 1692 5456 descit12.
2277 5421 2278 5426 ,

1634 5499 1662 5562 Z.
1689 5495 1789 5582 (Vens.
1819 5495 1870 5580 l.).
1896 5495 1999 5564 Primo
2021 5497 2118 5582 igitur
2153 5503 2308 5582 quantum
2330 5497 2371 5564 ad
2393 5495 2589 5584 uteru-mea
2603 5525 2672 5564 arcia-

1541 5601 1686 5682 ctr‘aum,
1709 5603 1794 5688 quod
1818 5603 1944 5690 quidem
1973 5609 2041 5672 erat
2075 5603 2253 5690 praesentia
2274 5604 2343 5672 Iesu
2368 5605 2502 5686 Christi,
2543 5579 2630 5618 “wum‘

1541 5705 1635 5774 dicit:
1660 5711 1702 5774 Et
1722 5709 1894 5794 inpressas
1921 5711 2180 5798 perambulabat
2207 5709 2356 5792 Iericho,
2381 5713 2502 5794 idest,

1542 5815 1722 5882 ambulabat
1750 5835 1806 5900 per
1837 5817 1966 5884 Iericho.
2003 5813 2127 5884 lericbo
2156 5819 2240 5884 enim
2270 5817 2382 5886 civitas
2412 5825 2500 5900 arat,

1615 6239 1717 6294 'Vera
1739 6243 1780 6294 32.
1800 6247 1825 6294 et
1844 6241 1888 6294 33.
2092 6297 2094 6300 ,

1614 6325 1626 6358 ⁸
1643 6329 1695 6382 Clr.
1712 6343 1792 6396 supra
1806 6343 1829 6384 c.
1845 6329 1855 6380 l
1864 6331 1887 6382 8.
1901 6343 1928 6380 n.
1940 6329 1983 6380 tt.
1997 6355 2030 6368 ··-
2043 6327 2127 6382 Codcl.
2138 6327 2157 6382 C
2169 6329 2217 6382 DF
2237 6329 2359 6380 otalittunt
2375 6325 2502 6382 secatado.

1616 6415 1719 6472 illesa.
1743 6419 1785 6470 ll.
1808 6445 1842 6458 -
1868 6417 1994 6482 Superius
2019 6431 2068 6482 pro
2096 6415 2298 6472 distribuentem
2321 6417 2379 6468 Vat.
2405 6413 2503 6470 distro-

1544 6503 1656 6560 trentam.

1616 6591 1638 6624 ¹⁰
1656 6593 1806 6658 Respicitur
1823 6607 1903 6660 supra
1925 6607 1947 6646 c.
1967 6595 2008 6656 ιε,
2028 6595 2071 6646 25.
2090 6593 2192 6646 -Pro
2210 6593 2330 6662 soranam
2354 6589 2425 6644 dedit
2443 6593 2501 6646 Vat.

1544 6681 1669 6750 [aramue
1688 6681 1764 6748 dedit,
1778 6683 1923 6736 attularius
1941 6697 1990 6746 pro
2008 6679 2118 6750 sipulum
2136 6679 2217 6734 ettam
2237 6681 2256 6730 B
2280 6677 2501 6750 sa'prae'ficaticume.

1617 6769 1638 6800 ¹²
1658 6773 1734 6824 Vera.
1753 6771 1780 6836 5;
1802 6771 1905 6824 tertium
1926 6769 2037 6822 hahetur
2054 6785 2080 6820 r.
2102 6771 2125 6818 8.
2145 6767 2325 6832 -Superius
2345 6767 2404 6820 Vel.
2429 6771 2502 6822 omit·

1546 6857 1575 6910 tit
1592 6857 1630 6910 od
1647 6855 1786 6912 Gtuustnm
1805 6855 1965 6920 uidendum·
1986 6853 2070 6922 ipsius
2087 6851 2205 6908 Zaclcaei
2223 6853 2402 6922 hospitalitas.

1619 6943 1639 6974 ¹²
1659 6947 1694 6998 lta
1712 6945 1734 6994 al
1746 6947 1778 7010 l);
1799 6943 1850 6996 Cll
1868 6941 1997 7008 ardescit,
2018 6941 2060 6992 elii
2079 6941 2157 6992 codd.
2177 6947 2202 6994 et
2222 6943 2280 6994 Vnt.
2299 6941 2477 6998 aooeterutur.
