5908 8266
1028 515 1221 584 collatini.
1249 515 1284 584 m
1309 515 1548 584 inmobilem
1570 511 1689 582 tecle
1711 513 1745 580 C.
1767 515 1842 582 XXI.

455 705 502 764 est
524 697 573 764 ira
594 695 717 764 Domini
742 695 809 764 sine
832 693 1065 780 misericordia,
1087 693 1156 760 ideo
1180 693 1280 760 addit:
1307 695 1413 762 Donec

455 803 657 888 impleantur
683 801 831 888 tenpore
863 797 1056 878 cotteanum
1079 799 1229 866 Glossa1:
1259 801 1324 868 «44
1346 805 1411 880 est,

455 907 555 974 donee
581 907 762 992 plenitudo
783 905 935 994 gentium
956 905 1149 986 intraverit,
1182 913 1209 972 et
1232 905 1280 972 sic
1307 905 1413 974 omnis

453 1013 563 1080 isreel
583 1013 700 1080 aulona
720 1013 828 1098 fieret,
852 1011 942 1076 sicut
962 1009 1127 1096 scripturn
1148 1019 1212 1076 est:
1245 1009 1351 1078 Veniet
1373 1031 1412 1078 44

417 1203 418 1206 ¹
455 1117 533 1184 Sion
557 1121 616 1208 qni
638 1119 762 1204 eripiat
782 1125 815 1182 et
835 1125 966 1182 ubertut
998 1117 1197 1202 impietatem
1218 1119 1243 1184 cc
1264 1117 1364 1184 Jueob
1380 1143 1410 1182 4.

453 1223 489 1290 94
512 1225 581 1292 ideo
596 1223 718 1292 dicitur
743 1223 943 1288 Thronorum
973 1221 1110 1290 44444444
1139 1247 1160 1280 <r
1172 1221 1252 1308 Quia
1274 1239 1336 1290 non
1361 1239 1412 1288 re-

341 1405 345 1412 ,
452 1331 546 1412 pellet
569 1331 599 1396 in
625 1329 850 1412 sempiternum
874 1325 1042 1406 Dominum
1068 1329 1159 1414 4444,
1186 1329 1209 1396 si
1234 1327 1365 1410 abiecit,
1381 1335 1412 1396 et

451 1435 652 1502 miserebitur
669 1431 841 1502 secundum
866 1433 1099 1502 multitudinem
1124 1433 1410 1502 misericordiarum

453 1547 583 1608 suarum
600 1565 631 1606 4.

521 1647 593 1736 dil.
620 1647 798 1712 Secundum
821 1643 1001 1734 mysticum
1028 1645 1225 1712 intellectum
1249 1661 1306 1730 per
1334 1655 1413 1712 tem·

312 1767 423 1864 444444
446 1769 534 1838 porc
558 1749 943 1836 uuta'ouuuztatelligttur
964 1759 1089 1834 tempus
1117 1749 1211 1832 illud,
1241 1769 1304 1836 quo
1325 1751 1411 1818 tilius

303 1825 430 1878 ‘mium'
450 1857 822 1942 perditionisEcclesiam
845 1855 1059 1936 conculcatam
1082 1855 1282 1942 Apocalypsis
1310 1857 1410 1924 unde-

449 1965 528 2032 cimo
541 1965 572 2032 ³:
602 1989 619 2024 a
633 1965 769 2042 444444,
786 1963 872 2050 qood
887 1969 936 2030 est
956 1961 1032 2028 ioris
1050 1961 1201 2048 templum
1212 1979 1276 2042 ,ne
1302 1963 1410 2030 metia-

449 2069 510 2152 444,
533 2071 683 2156 quoniam
698 2071 807 2138 datum
823 2077 871 2136 est
886 2069 1031 2154 gentibus
1043 2093 1074 2150 a,
1090 2069 1130 2136 ad
1145 2069 1408 2148 conculcandum,

453 2201 469 2234 «
485 2183 516 2244 44
539 2177 695 2268 civitatem
719 2183 859 2242 sanctam
889 2175 1055 2266 calcabunt
1081 2173 1245 2242 mensibus
1270 2175 1407 2258 quadra-

447 2283 533 2368 ginta
556 2283 721 2350 4444444.
740 2279 980 2348 abbreviabitur
995 2285 1101 2348 autem
1118 2281 1178 2346 boc
1193 2285 1318 2364 tempus
1333 2297 1407 2366 pro-

446 2393 516 2474 pter
549 2389 696 2456 meritum
733 2387 923 2466 electorum;
957 2385 1042 2452 uode
1076 2385 1221 2452 Matthaei
1256 2385 1407 2472 vigesimo

447 2495 605 2582 quartos:
635 2495 734 2560 «Erit
756 2491 918 2558 tribulatio
946 2511 1076 2576 magua,
1094 2553 1095 2556 ,
1110 2491 1210 2576 qualis
1242 2509 1406 2578 nunquam

446 2603 506 2670 fuit
527 2603 568 2670 ab
590 2601 679 2668 initio
700 2599 812 2668 mundi
834 2597 1053 2684 usquemodo
1074 2615 1179 2684 neque
1199 2597 1263 2666 fiet.
1292 2599 1404 2682 Et‘nisi

446 2707 620 2776 abbreviati
647 2707 780 2776 inissent
813 2705 879 2772 dies
902 2705 964 2786 illi,
995 2723 1059 2772 noa
1081 2705 1173 2772 tieret
1194 2705 1281 2772 salva
1304 2705 1407 2774 omnis
1439 2777 1440 2782 ,

1439 2817 1440 2820 ’
1469 2813 1552 2880 44444
1574 2811 1725 2898 vigesimo
1745 2819 1877 2900 quarto:
1910 2811 2049 2878 «Statim
2073 2817 2178 2878 autem
2202 2819 2273 2898 post
2294 2811 2424 2878 tribula-

1439 2913 1440 2932 ³
1469 2921 1583 2988 tionem
1607 2919 1730 2988 dierum
1753 2921 1881 2988 illorum
1906 2919 1950 2986 sol
1967 2919 2209 2998 obscurabitur,
2225 2925 2256 2986 et
2272 2919 2424 2986 lunanon

1438 3027 1440 3032 ’
1465 3029 1552 3106 ,dabit
1567 3027 1674 3096 lumen
1690 3045 1803 3108 snum,
1819 3033 1852 3096 et
1866 3027 1975 3094 stellae
1989 3025 2100 3094 cadent
2114 3025 2154 3094 de
2170 3028 2255 3094 caelo
2273 3053 2301 3090 4.
2315 3025 2424 3092 —Hic
2445 3041 2575 3090 vaanenu.

446 2831 538 2894 caro,
562 2815 617 2882 sed
649 2819 779 2900 propter
810 2813 926 2878 electos
954 2811 1233 2878 breviabuntur».
1256 2809 1344 2878 Unde
1373 2817 1406 2878 et

446 2921 582 2988 Danielis
605 2939 704 2988 nono:
736 2917 964 3004 «Septuaginta
980 2915 1189 2984 hebdomades
1204 2917 1405 3008 abbreviatae

446 3031 520 3092 sunt
537 3045 638 3110 super
663 3027 814 3112 populum
838 3031 933 3092 4444
954 3031 987 3092 44
1008 3041 1107 3110 super
1127 3025 1242 3092 urbem
1264 3031 1404 3092 sanctam

446 3137 551 3212 44444,
574 3131 1127 3216 utconsummeturpraevaricatio,
1150 3137 1182 3200 et
1205 3131 1301 3198 tinem
1322 3131 1405 3200 acci-

445 3237 509 3320 piat
531 3243 713 3322 peccatum,
745 3243 775 3302 et
803 3235 945 3304 deleatur
977 3237 1141 3322 iniqnitas,
1167 3243 1197 3304 et
1229 3237 1404 3304 adducatur

443 3341 562 3409 iustitia
585 3343 817 3428 sempiterna».

533 3449 585 3514 44.
605 3449 704 3532 (Vers.
723 3445 800 3530 ab).
817 3447 849 3510 E
873 3457 972 3512 erunt
986 3447 1086 3532 sipnu
1110 3449 1146 3512 in
1161 3449 1227 3514 sole
1241 3455 1300 3516 etc.
1317 3449 1404 3514 Post-

294 3571 324 3614 44
339 3571 426 3626 pratar-
442 3569 538 3638 quam
554 3553 726 3638 praedixit,
743 3569 823 3636 quae
842 3559 975 3620 ventura
990 3561 1079 3620 44444
1096 3553 1293 3638 generaliter,
1317 3549 1414 3620 circa

283 3623 355 3668 ctione
369 3623 425 3668 iudi·

298 3677 324 3722 u
340 3677 411 3740 4444
441 3659 708 3746 persecutionem,
727 3665 756 3726 et
773 3659 856 3726 circa
871 3657 1116 3726 destructionem
1140 3659 1325 3738 ierusalem,
1352 3659 1402 3726 bic

329 3733 381 3776 ‘m'
441 3765 580 3850 quartat·
600 3765 762 3850 praedicit,
779 3781 861 3850 qliae
876 3771 1017 3832 uenturo
1034 3771 1112 3830 sucat
1127 3763 1221 3830 circu
1236 3763 1402 3832 iudicium

440 3869 550 3956 finale.
563 3869 597 3938 ln
611 3873 670 3938 hac
681 3876 788 3938 autem
801 3869 978 3938 eruditione
991 3869 1095 3956 primo
1107 3869 1276 3956 discipulos
1291 3869 1403 3936 erudit

440 3979 488 4046 ud
506 3977 762 4064 providentium.
789 3977 930 4044 Secundo
953 3975 1052 4064 eripit
1082 3977 1128 4044 ud
1152 3975 1400 4062 confidentium,

440 4085 484 4150 ibi
497 4083 525 4148 ⁶:
542 4085 605 4150 Hie
627 4093 739 4152 nutem
760 4081 838 4168 pieri
860 4083 1093 4168 incipientibus
1108 4091 1166 4152 etc.
1195 4085 1300 4150 Tertio
1325 4101 1401 4150 vero

440 4189 561 4256 emeitnt
572 4187 620 4256 ud
630 4191 854 4278 uigilantium,
866 4187 910 4256 ibi
917 4213 926 4256 :-
938 4189 1101 4272 Attendite
1112 4199 1224 4256 nutem
1235 4189 1328 4256 uobis
1340 4195 1398 4256 etc.

530 4295 618 4376 Circa
629 4295 795 4364 torticium
806 4293 908 4380 tinulo
923 4295 1131 4372 universalem
1149 4295 1297 4364 describit
1312 4313 1401 4362 eom-

232 4473 244 4500 ,
316 4397 423 4478 tn'prtmo
439 4401 614 4468 motionem
638 4419 680 4468 44
703 4407 794 4488 44444
815 4407 962 4470 nuturue
984 4401 1149 4480 coelestia,
1172 4399 1399 4488 elementaria,

306 4479 422 4582 iiiiii
439 4505 636 4584 rationulis,
654 4507 879 4574 intellectualis
895 4515 925 4574 et
942 4505 1041 4592 ipsius
1055 4505 1178 4574 iudicis
1191 4505 1398 4592 oppulentis.

530 4613 631 4680 Primo
656 4607 731 4700 ergo
753 4619 909 4698 quantum
924 4613 963 4680 ad
980 4619 1142 4682 naturum
1163 4613 1330 4680 coelestem
1352 4613 1400 4678 di-

273 4739 350 4796 caam
366 4745 425 4784 natu·
439 4721 497 4788 cit:
523 4721 564 4788 et
577 4727 683 4788 eruut
704 4721 803 4808 444444
827 4721 864 4788 in
884 4719 950 4786 sole
973 4727 1000 4786 ct
1025 4721 1152 4786 innuet
1165 4717 1275 4786 stellis.
1292 4719 1399 4786 Solem

296 4793 470 4896 {tibimet
493 4825 609 4892 lunum
632 4825 807 4914 specialiter
840 4825 978 4894 nominat
1007 4833 1157 4910 tanquam
1184 4825 1248 4892 duo
1279 4823 1399 4910 praeci*

437 4955 500 5022 pua
524 4937 690 5002 luminaria
722 4939 765 5002 et¹
785 4933 956 5002 secundum
984 4933 1199 5018 apparentiam
1224 4941 1263 5000 et
1286 4951 1398 5000 secun-

437 5043 512 5110 dum
538 5043 725 5122 4444444444
748 5039 875 5108 Genesis
900 5039 1045 5126 primolz
1076 5065 1092 5098 «
1107 5039 1189 5108 Fecit
1208 5039 1304 5108 ileos
1333 5041 1397 5108 duo

436 5453 440 5460 .
509 5415 642 5470 ¹Scilicet
661 5415 802 5468 ordinarie
833 5413 873 5480 444
902 5413 996 5482 Beria),
1017 5417 1043 5468 in
1072 5429 1122 5482 4444
1148 5415 1290 5482 allegantur
1319 5419 1396 5470 Rom.

438 5507 486 5568 tl,
505 5507 547 5556 25.
568 5519 621 5570 seu.
644 5511 669 5558 et
686 5507 743 5558 lsai.
764 5503 805 5570 49,
827 5505 868 5554 44.
1386 5549 1387 5552 ,

507 5591 519 5620 2
539 5593 611 5644 Vers.
632 5593 674 5642 34.
695 5599 721 5644 et
739 5593 783 5644 32.
1244 5591 1350 5646 ³Vers
1369 5597 1395 5648 2.

438 5717 441 5720 „
506 5679 611 5732 4Vens.
632 5681 679 5744 at,
701 5681 741 5732 cni
761 5677 929 5744 subiungitur
950 5681 1013 5732 Dan.
1034 5681 1064 5744 9,
1085 5679 1125 5732 ii.

442 5777 444 5780 '
506 5769 588 5822 5Gir.
606 5783 687 5834 444444
707 5785 731 5822 n
749 5769 777 5820 9.

404 5865 405 5868 ’
506 5857 518 5888 ⁶
538 5861 610 5912 Vers.
632 5861 679 5922 285
700 5857 804 5912 tertium
824 5855 935 5910 babetur
955 5873 980 5910 v.
1000 5859 1041 5912 34.

380 5945 384 5954 ’
506 5945 516 5978 ⁷
537 5949 611 6002 l'ers.
634 5949 675 6000 tc.
696 5975 729 5984 -
749 5945 872 6012 Sequitur
892 5947 941 5998 loel
962 5951 990 6010 9,
1011 5949 1053 6000 34.

444 6043 445 6046 ’
506 6035 630 6088 8444444.
652 6035 716 6098 403,
736 6034 777 6110 49.
796 6047 852 6098 seq.
870 6041 897 6086 ct
914 6035 1012 6088 deinde
1031 6037 1092 6098 Sap.
1113 6037 1159 6102 44,
1179 6035 1206 6086 44.

506 6123 609 6178 9vers.
632 6125 672 6176 tt.
693 6151 728 6164 -·
747 6119 866 6176 Subinde
894 6123 1037 6188 allegantur
1065 6125 1146 6188 Apoc.
1165 6125 1197 6186 6,
1219 6125 1260 6178 lb.
1286 6139 1343 6192 seq.
1367 6131 1393 6176 et

434 6213 522 6264 444444.
541 6213 590 6276 ab,
602 6213 652 6262 29.

506 6299 618 6350 1⁰Libr.
638 6301 654 6350 l.
674 6299 778 6350 ltleteor.
798 6299 872 6350 Sum
893 6299 1049 6350 secundae.
1070 6299 1092 6348 4.
1113 6297 1147 6364 (c.
1167 6297 1213 6364 4.),
1226 6299 1272 6350 444
1284 6299 1339 6362 agit
1358 6299 1392 6352 de

431 6385 652 6451 impressionibus
669 6389 726 6438 sive
745 6387 779 6438 de
797 6383 903 6448 ignibus
921 6385 1103 6450 in'snperiore
1115 6385 1176 6436 aire
1195 6399 1224 6438 ox
1247 6385 1392 6450 vaporibus

433 6473 564 6538 generatis
583 6479 607 6524 et
627 6473 712 6536 tigura
730 6471 851 6524 diversis.
870 6473 921 6524 4444
942 6479 1063 6524 recenset
1076 6473 1104 6524 B.
1125 6471 1268 6540 Albert.,.l.
1286 6475 1390 6542 lieteon

433 6573 465 6616 tr.
484 6563 510 6616 4.
528 6577 549 6616 c.
571 6563 597 6628 4;
617 6561 702 6614 444444
719 6557 854 6614 recensitis
875 6557 999 6628 (quorum
1021 6565 1162 6614 torma-cst
1180 6563 1221 6614 vel
1241 6563 1390 6626 columnae,
1418 6599 1419 6602 ,

431 6653 474 6704 vel
493 6653 610 6714 44444444,
631 6651 671 6704 vel
692 6645 835 6714 candelae),
853 6655 977 6714 quartum
991 6649 1026 6702 444
1038 6649 1177 6704 describit:
1199 6651 1222 6702 84
1243 6647 1331 6704 arctam
1349 6659 1390 6704 est

431 6731 517 6806 44444
535 6731 668 6792 cerisarios
687 6739 765 6790 valde
782 6751 842 6790 non¹
863 6731 974 6792 arcitum
1002 6735 1110 6804 longus,
1124 6743 1194 6792 44444
1217 6745 1267 6794 stat
1294 6741 1390 6794 4444444

431 6829 498 6880 sicut
518 6829 642 6882 candelae
659 6827 875 6894 444444,’4·44444
894 6841 946 6880 nna
972 6835 1014 6882 est
1030 6827 1137 6880 damma
1152 6841 1235 6896 super
1255 6831 1388 6884 [lammam
1417 6825 1418 6828 ’

2371 517 2435 586 433

1475 713 1587 782 magna
1625 691 1813 760 luminaria:
1849 695 2004 762 luminare
2039 695 2162 776 maius,
2197 703 2235 764 ut
2276 701 2434 782 praeesset

1475 801 1555 882 diei,
1577 807 1610 868 et
1633 799 1788 868 luminare
1812 799 1932 880 44444,
1953 807 1992 866 44
2012 805 2173 884 praeesset
2194 799 2289 878 nocti,
2312 805 2344 866 et
2360 801 2435 866 stel-
2460 797 2469 812 '

1475 907 1521 974 las
1535 931 1572 974 ».¹
1590 909 1626 974 ln
1647 903 1698 974 liis
1721 925 1797 992 ergo
1819 905 2028 973 luminaribus
2051 905 2248 990 apparebunt
2267 903 2357 990 sigua
2377 905 2433 970 ob-

1476 1013 1683 1096 scurationis,
1717 1013 1890 1082 secundum
1928 1011 2004 1078 illud
2040 1011 2127 1078 loelis
2164 1009 2318 1080 secundo:
2349 1035 2366 1070 a
2380 1009 2432 1076 Sol

1476 1125 1680 1188 convertetur
1694 1121 1727 1186 in
1744 1121 1887 1188 tenebras
1912 1124 1942 1188 44
1966 1119 2041 1186 4444
2063 1117 2096 1183 44
2112 1117 2319 1202 sanguinem,
2345 1121 2433 1184 ante-

1475 1241 1570 1308 quam
1594 1225 1698 1292 veniat
1734 1225 1800 1292 dies
1832 1223 1955 1292 Domini
1991 1239 2124 1308 maguus
2159 1227 2190 1288 et
2219 1221 2428 1290 horribilis».

1475 1327 1658 1396 [4444444444
1680 1337 1785 1398 44444
1810 1331 1871 1398 4444
1892 1335 2021 1416 propter
2046 1327 2173 1394 illorum
2195 1325 2354 1394 luminum
2375 1325 2432 1392 ob·

1476 1433 1703 1514 scurationem,
1728 1437 1901 1504 secundum
1919 1433 2167 1503 illudPsalmiss:
2189 1457 2205 1490 α
2218 1433 2300 1500 Fecit
2321 1433 2431 1500 lunam

1475 1539 1506 1608 in
1520 1547 1674 1626 tempore,
1688 1543 1736 1608 sol
1751 1543 1895 1628 cognovit
1911 1559 2057 1610 occasum
2073 1559 2179 1610 suum.
2196 1535 2328 1608 Posuisti
2346 1547 2433 1606 tene-

1475 1647 1575 1714 bras»
1594 1653 1652 1714 etc.
1663 1673 1671 1726 ;
1684 1653 1714 1714 44
1726 1649 1762 1714 44
1780 1649 1838 1714 444
1856 1649 2028 1734 Sapientiae
2041 1649 2160 1716 decimo
2177 1645 2321 1734 septimo:
2342 1673 2357 1704 «
2369 1645 2430 1712 Nec

1475 1751 1616 1820 siderum
1636 1751 1872 1838 limpidissimae
1893 1753 2042 1822 flammae
2071 1755 2250 1823 illuminare
2282 1757 2430 1838 poterunt

1474 1859 1560 1926 illam
1591 1865 1717 1926 4444444
1748 1859 1937 1924 444444444
1954 1885 1986 1924 ».
2003 1859 2098 1928 Unde
2131 1859 2210 1928 haec
2244 1857 2429 1938 luminaria,

1475 1965 1603 2050 quaein
1619 1963 1772 2050 principio
1797 1965 1945 2048 temporis
1970 1967 2069 2050 posita
2094 1971 2169 2032 sunt
2182 1965 2215 2032 in
2231 1967 2429 2034 firmamento

1473 2069 1505 2136 44
1534 2069 1624 2156 signa
1655 2087 1712 2156 per
1741 2067 1790 2134 sui
1824 2069 1944 2148 lucem,
1982 2069 2156 2136 secundum
2186 2069 2264 2138 illud
2300 2069 2427 2138 Genesis

1474 2177 1620 2262 4444494
1657 2175 1774 2242 «Fiant
1809 2173 1978 2240 luminaria
2010 2173 2044 2240 in
2077 2177 2277 2244 firmamento
2299 2177 2372 2244 caeli
2399 2185 2430 2244 ot

1473 2281 1535 2348 sint
1557 2281 1590 2348 44
1614 2281 1700 2368 signa
1718 2289 1747 2348 et
1763 2285 1934 2366 tempora»
1964 2279 2090 2364 etc.;,in
2106 2279 2169 2348 444
2191 2287 2370 2366 temporum
2396 2283 2426 2348 iu

1472 2389 1558 2474 signa
1580 2393 1656 2456 sunt
1679 2387 1749 2454 linis
1772 2405 1828 2474 per
1853 2387 1932 2454 locis
1951 2387 2200 2456 occultationem.
2233 2387 2318 2454 [lade
2350 2387 2427 2472 lpo-

1472 2493 1605 2580 calypsis
1626 2499 1732 2562 sexto:
1760 2519 1777 2552 4
1794 2491 1845 2558 844
1866 2491 1968 2560 iactus
1991 2499 2039 2560 est
2072 2493 2162 2578 niger
2185 2497 2335 2580 tanquam
2359 2509 2425 2560 sac·

1440 2605 1441 2612 ’
1471 2615 1527 2668 4444
1550 2597 1705 2678 444444444,
1731 2607 1760 2666 44
1786 2601 1860 2668 4444
1883 2605 1948 2666 4444
1972 2599 2052 2666 44444
2068 2605 2116 2668 444
2132 2599 2215 2666 sicut
2236 2599 2379 2684 sanguis,
2398 2607 2427 2668 et

1470 2707 1575 2774 stellae
1600 2705 1781 2774 4444444444
1802 2705 1842 2774 44
1871 2705 1957 2774 caelo
1985 2723 2080 2792 super
2111 2711 2229 2772 terram
2242 2729 2274 2786 »3
2297 2711 2329 2772 44
2351 2705 2426 2772 4444-

1468 3143 1571 3204 44444
1598 3135 1708 3202 444444
1731 3137 1830 3202 lucas
1853 3153 1916 3200 uon
1937 3133 2106 3220 exprimit,
2130 3131 2217 3218 quod
2238 3131 2346 3200 stellae
2368 3149 2423 3200 cu-

1469 3241 1553 3320 dent,
1577 3239 1630 3308 seri
1655 3241 1738 3326 quod
1762 3239 1794 3308 in
1817 3241 1862 3308 eis
1886 3247 1980 3308 erunt
2001 3239 2120 3328 444444
2138 3239 2214 3326 qnia
2228 3257 2340 3306 revera
2354 3257 2423 3306 cor·

1356 3379 1358 3384 .
1468 3365 1545 3432 pora
1565 3346 1729 3416 stellarum
1760 3347 1940 3416 caelestium
1972 3365 2035 3414 non
2068 3347 2237 3414 mutabunt
2261 3347 2425 3414 sitense

1468 3453 1606 3520 cundum
1618 3455 1836 3534 substantiam,
1853 3455 1907 3520 sed
1922 3453 2096 3522 secundom
2112 3453 2336 3538 apparentiam.
2353 3451 2421 3520 Vir·

1467 3563 1535 3624 tute
1556 3558 1737 3638 stellarum,
1761 3557 1942 3626 imminente
1959 3557 2091 3638 iudicio,
2114 3557 2336 3644 impressiones
2351 3557 2421 3642 plu-

1467 3661 1563 3728 rimae
1580 3663 1833 3748 generabuntur,
1850 3679 1928 3746 quas
1942 3663 2190 3750 Philosophus-1⁰
2207 3669 2294 3730 vocat
2306 3661 2418 3742 ussub,

1467 3785 1547 3852 quae
1570 3767 1613 3834 ita
1637 3767 1947 3852 multiplicabuntur,
1964 3773 2000 3834 ut
2024 3767 2135 3836 cadere
2159 3767 2325 3836 videantur
2348 3766 2420 3834 stel-

1466 3870 1513 3938 lae
1537 3874 1705 3940 caelorum.
2020 3937 2021 3940 ,

1537 3977 1606 4046 bb.
1631 3979 1668 4044 Et
1691 3977 1914 4047 attendendum
1936 3985 2001 4058 est,
2027 3977 2109 4064 quod
2141 3979 2222 4046 sicut
2256 3977 2575 4046 luminarianumnaa.

2412 4089 2413 4094 ,
2436 4055 2475 4096 bos
2484 4059 2533 4098 suat
2544 4055 2574 4098 si·

1466 4091 1538 4152 sunt
1561 4085 1650 4170 signa
1671 4085 1863 4154 naturalium
1889 4085 2061 4154 secundum
2078 4087 2274 4172 operationes
2292 4091 2421 4152 natura·
2445 4117 2484 4160 gu
2499 4107 2564 4168 44444

1466 4193 1527 4274 444,
1550 4193 1596 4258 sic
1618 4197 1693 4258 sunt
1716 4193 1747 4258 in
1780 4191 1866 4278 signa
1899 4211 2122 4278 eorumquae
2138 4211 2251 4280 ,supra
2273 4163 2580 4274 naturams‘iiiiiiiiiiii

1465 4297 1628 4376 eveniunt,
1655 4315 1712 4382 per
1733 4299 1839 4382 aliqua
1868 4297 1903 4364 in
1937 4297 1980 4364 eis
2016 4317 2111 4384 super
2147 4305 2292 4366 4444444
2329 4297 2418 4364 tacta.
2469 4265 2529 4310 ¹¹⁰m'

1463 4405 1539 4472 Nam
1559 4403 1606 4470 tn
1642 4403 1885 4490 designationem
1919 4403 2088 4472 4444444444
2123 4407 2265 4474 uirtutis
2297 4403 2421 4472 Gltrieti

1465 4511 1511 4578 sol
1534 4497 1637 4592 stetit,
1661 4511 1835 4580 secundum
1850 4511 1929 4580 illud
1945 4511 2226 4580 tosuebectmo11:
2242 4539 2265 4580 ,4
2280 4511 2333 4580 844
2346 4529 2420 4576 coo-

1464 4623 1514 4682 tra
1547 4615 1671 4684 Gabaon
1707 4635 1756 4684 44
1784 4615 1958 4698 movearis,
1992 4623 2040 4692 et,
2057 4617 2133 4684 luna
2162 4625 2272 4686 contra
2307 4617 2419 4686 vallem

1463 4721 1568 4790 4444444
1585 4749 1614 4788 a.
1646 4723 1831 4810 «Stetitque
1853 4723 1900 4790 sol
1922 4721 2080 4790 4444444
2102 4723 2226 4792 caeli-et
2247 4723 2419 4792 444444444-

1463 4829 1547 4896 44444
1571 4829 1758 4898 444444444
1788 4829 1890 4914 444444
1917 4829 2016 4898 unius
2036 4827 2096 4896 4444
2114 4857 2145 4896 a.
2170 4831 2203 4898 ln
2232 4829 2418 4916 designatio-

1462 4953 1533 5002 nem
1557 4939 1664 5002 autem
1679 4933 1847 5002 mirabitis
1862 4933 2069 5022 dignationis
2084 4937 2131 5004 sol
2146 4935 2253 5004 decem
2268 4935 2418 5022 gradibus
2484 4999 2486 5004 .

1461 5039 1656 5120 retrocessit;
1673 5041 1769 5108 Isaiae
1785 5041 1945 5128 trigesimo
1966 5047 2076 5110 octavo
2089 5043 2135 5108 12:
2163 5069 2179 5102 a
2193 5045 2346 5112 Reversus
2372 5051 2418 5110 est

1460 5419 1579 5484 alteriue,
1596 5431 1665 5486 quae
1683 5419 1770 5484 figura
1788 5417 1855 5482 ignis
1874 5417 1983 5470 Arabico
2010 5423 2119 5470 vocatur
2142 5417 2238 5486 44444,
2263 5417 2335 5486 44444
2359 5417 2416 5484 qui-

1460 5507 1522 5560 dam
1539 5507 1633 5558 dicont
1650 5499 1812 5570 interpretari
1832 5507 1949 5558 titionem
1966 5505 2093 5574 [Aristoi.,
2113 5507 2161 5558 loc.
2182 5507 2233 5570 444,
2253 5505 2331 5558 44444444
2342 5519 2415 5558 voce

1460 5591 1554 5660 δαλὸς,
1575 5609 1644 5660 utrae
1661 5595 1770 5648 vertitur
1788 5595 1892 5648 Latine:
1910 5595 1977 5658 titio,
2000 5597 2052 5658 tax,
2080 5591 2172 5662 444444,
2192 5595 2253 5660 uuio
2271 5593 2357 5660 ligura
2377 5607 2415 5644 ex-

1459 5683 1581 5750 primitur
1598 5683 1695 5738 titionis
1721 5697 1782 5736 cum
1809 5683 2028 5750 longocarbone.
2057 5683 2107 5738 Sed
2133 5683 2159 5736 44
2179 5681 2348 5744 albumasar,
2370 5681 2414 5734 nbi

1389 5789 1391 5794 ·
1459 5771 1591 5840 loquimur
1610 5773 1644 5826 de
1661 5771 1755 5838 figuris
1772 5773 1874 5836 ignium
1893 5773 1917 5824 in
1938 5779 2030 5828 octavo
2050 5775 2083 5828 de
2101 5771 2279 5828 irinctioaibus
2299 5773 2414 5842 4444444-

1364 5875 1368 5880 ·
1458 5875 1530 5928 444,
1550 5873 1600 5914 una
1620 5861 1752 5914 translatio
1771 5861 1848 5928 44444
1874 5861 1956 5918 assub
1983 5867 2010 5916 44
2033 5865 2112 5916 altera
2133 5861 2210 5914 44444
2229 5859 2301 5930 ipris
2320 5861 2412 5926 444444,

1376 5979 1377 5982 ¹
1458 5957 1483 6004 et
1503 5951 1562 6004 ideo
1580 5949 1650 6018 444444
1667 5949 1747 6016 albus
1766 5951 1870 6002 videtur
1888 5951 2067 6014 interpretari,
2084 5955 2111 6002 et
2138 5951 2180 6002 isti
2204 5963 2298 6002 omnes
2322 5949 2412 6014 ignes,

1457 6037 1504 6104 qui
1523 6037 1548 6088 iu
1568 6039 1617 6090 alto
1636 6039 1759 6106 generari
1785 6035 1917 6092 videntur.
1946 6035 1996 6104 Cir.
2015 6035 2079 6090 ibid.
2107 6051 2131 6090 c.
2149 6035 2174 6088 d.
2203 6049 2277 6102 4444.
2296 6063 2330 6084 -,-
2354 6035 2412 6086 liat.

1457 6127 1551 6186 omittit
1571 6141 1638 6194 quus
1656 6125 1835 6194 Philosophus
1853 6129 1935 6180 cocat
1950 6123 2042 6178 ussub.
2063 6125 2204 6180 Videtom.
2218 6125 2260 6180 ill.
2274 6137 2337 6186 pag.
2351 6123 2411 6182 949,

1457 6221 1545 6266 44444
1566 6215 1596 6278 6,
1616 6215 1642 6266 444
1661 6227 1713 6278 qua
1733 6213 1827 6266 eadem
1845 6213 1921 6264 lectio
1938 6213 2018 6266 codd.
2036 6213 2188 6266 adealcem
2207 6225 2221 6262 a
2241 6209 2317 6264 nobis
2329 6209 2412 6272 posita

1455 6307 1508 6366 est,
1526 6315 1587 6354 cum
1606 6301 1637 6352 in
1652 6307 1752 6352 textum
1770 6299 1905 6360 debuisset
1922 6299 2019 6364 recipi;
2045 6299 2080 6350 ibi
2106 6297 2216 6352 babetur
2236 6297 2315 6350 etiam
2334 6309 2412 6362 4444·

1456 6389 1514 6440 sitio
1532 6387 1679 6454 4444444444,
1699 6389 1731 6440 44
1751 6401 1804 6454 444
1823 6387 1864 6440 444
1882 6389 1977 6452 egitir.
2018 6393 2019 6396 ’
2405 6437 2407 6442 .

1526 6473 1548 6506 ¹²
1569 6477 1643 6530 Vers.
1664 6479 1674 6528 4
1682 6477 1705 6530 3.
1725 6481 1752 6530 44
1766 6477 1820 6530 tt.
1837 6497 1874 6516 ⁵·-
1892 6477 2019 6542 Sopcrins
2044 6473 2214 6544 prestatione
2236 6473 2263 6530 itt
2291 6473 2336 6528 eia
2352 6473 2410 6526 i'at.

1455 6565 1527 6618 addit
1544 6563 1635 6634 44444.
2298 6613 2299 6618 ,
2403 6629 2405 6632 ¹

1525 6653 1548 6686 ¹²
1569 6657 1646 6710 Vers..
1661 6657 1688 6710 8.
1706 6653 1758 6710 Gir.
1776 6669 1858 6722 supra
1877 6671 1938 6722 pag.
1958 6655 2023 6722 387,
2036 6659 2098 6710 nota
2114 6657 2154 6710 43.
2168 6681 2203 6694 -·
2222 6653 2349 6716 Superius
2362 6667 2410 6718 pro

1454 6743 1587 6800 4444444444
1607 6743 1770 6814 dimicationis
1789 6747 1811 6798 G
1828 6743 1926 6800 44444444
1941 6743 2131 6816 ¹dr'prtutionis,
2150 6739 2329 6798 4444444444
2345 6739 2410 6798 ricsi-

1454 6833 1602 6902 pnuttonis,
1625 6837 1683 6890 l'at.
1701 6833 1798 6890 nobilis
1817 6833 2017 6904 designationis.
