5908 8266
539 621 608 690 738·
755 623 757 626 ’
1406 617 1522 686 INDEX
1546 615 1676 686 14411444

826 705 896 760 nun
2186 713 2254 766 444

593 795 756 850 Monens-
770 793 866 848 dicitur
884 799 991 858 natura,
1010 793 1053 848 vel
1066 795 1185 850 homines
1272 823 1310 838 ···
1328 795 1378 862 Qui
1396 795 1538 850 adhaerent
1564 793 1665 848 mundo
1689 807 1796 848 4444444
1818 797 1862 848 ha·
1898 795 1946 850 scit
1962 807 2012 850 nec
2030 793 2125 862 accipit
2142 797 2268 862 Spiritum
2296 805 2413 854 sanctum
2432 801 2466 854 41
2487 799 2534 854 441

537 883 674 936 mundane
694 883 814 936 viventes
832 883 864 934 Vl
886 881 990 936 48367
1009 911 1043 922 -
1061 889 1098 936 est
1111 897 1186 938 mun·
1219 883 1283 938 beot
1308 883 1419 938 circuire
1443 883 1500 936 sine
1521 883 1611 952 quiete
1632 883 1666 936 41
1687 883 1701 934 4
1720 885 1737 934 8
1755 911 1791 922 -
1809 895 1862 934 non
1897 885 1986 936 26-
2004 897 2056 936 444
2073 885 2208 948 cognoscit
2228 885 2311 938 Deum
2329 895 2438 952 4444444
2456 887 2538 942 caeci·

449 1007 450 1012 η
539 969 608 1024 dana
635 969 798 1024 conversatio
827 969 942 1024 47226.
962 967 1536 1038 47328-411-’444444444444144444
1556 971 1862 1038 quianecipseperma·
1898 969 2542 1038 4444441441441144ῑί445434-44444444444-

539 1057 648 1124 444444
672 1057 768 1112 dicitur
789 1059 948 1112 universitas
969 1063 1123 1124 creaturae,
1139 1061 1185 1114 ali·
1205 1065 1275 1122 444,
1295 1061 1379 1112 immo
1393 1063 1501 1124 semper
1512 1057 1604 1114 circuit
1616 1055 1678 1112 44441.
1690 1087 1726 1096 -
1739 1057 1861 1110 hannani
1897 1057 1943 1112 bat
1961 1059 2146 1114 sublimitatem
2169 1057 2311 1112 Divinitatis
2330 1061 2380 1112 233
2403 1063 2430 1114 31
2447 1089 2484 1098 -
2496 1075 2541 1112 ne·

539 1147 648 1212 quando
676 1147 846 1212 congregatio
876 1145 1017 1214 Ecclesiae,
1041 1147 1185 1212 aliquando
1219 1161 1272 1202 non
1292 1147 1389 1200 habent
1404 1145 1503 1200 bonam
1521 1147 1706 1200 conscientiam
1727 1147 1776 1198 383
1799 1147 1862 1198 9-
1897 1147 1945 1198 seit
1963 1149 2063 1212 Deum,
2080 1147 2142 1216 quia
2162 1147 2195 1198 44
2214 1145 2275 1198 4414
2289 1147 2428 1198 mundanis
2441 1147 2540 1212 cogitat

538 1231 670 1288 amatores
689 1235 811 1288 vanitatis
828 1237 977 1288 mundanae
998 1237 1049 1288 603
1064 1251 1089 1288 v.
1102 1237 1136 1288 48
1148 1265 1186 1276 -
1219 1237 1265 1290 444
1283 1249 1377 1300 pacem
1395 1235 1542 1302 carnaliter,
1561 1235 1739 1300 temporanter
1757 1237 1782 1286 44
1795 1237 1862 1286 exte·
1897 1233 1948 1286 340
1968 1237 1985 1288 3

538 1327 570 1374 44
587 1327 628 1376 est
644 1321 716 1376 orbis
733 1321 813 1376 nobis
830 1323 955 1388 visibitis,
972 1323 1037 1378 dicit
1049 1329 1185 1390 natnrram3
1219 1325 1274 1378 rius
1295 1323 1344 1378 444
1367 1323 1392 1376 41
1950 1349 1987 1360 ··-
2004 1321 2095 1374 ltlundi
2113 1321 2251 1376 infidelitas
2265 1321 2385 1386 angantur
2405 1333 2419 1372 a
2438 1321 2538 1384 Spiritu

538 1415 571 1462 44
593 1415 634 1462 444
655 1415 738 1464 statue
762 1416 869 1465 nostrae
887 1401 1103 1478 mnnersationis,
1122 1411 1185 1468 dicit
1272 1441 1310 1450 -
1326 1411 1443 1464 lucrans
1466 1411 1596 1464 mundum
1622 1409 1708 1474 perdit
1733 1411 1815 1462 [teum
1834 1417 1862 1464 44
1897 1415 1988 1464 sancto
2004 1411 2041 1462 Vl
2059 1409 2110 1464 458
2129 1411 2163 1464 48
2179 1435 2214 1450 ···
2227 1407 2391 1464 detinebatur
2405 1409 2538 1462 adiaholo

539 1503 665 1553 naturam
683 1503 708 1552 44
725 1485 876 1564 miseria‘m3
894 1505 924 1552 ut
942 1505 985 1552 est.
1005 1505 1086 1554 status
1112 1513 1187 1566 prae·
1219 1501 1353 1566 44441444
1373 1501 1457 1564 ipsum
1478 1499 1512 1552 41
1532 1499 1861 1554 ii-Homolucrando
1897 1505 2005 1564 propter
2023 1502 2163 1564 peccatam
2174 1495 2333 1552 infidelitatis
2345 1495 2454 1556 ibid.—
2468 1495 2538 1548 41444-

511 1603 515 1610 ·
539 1587 621 1642 sentis
638 1589 852 1652 conversationis,
874 1587 937 1642 dicit
953 1593 1074 1642 naturam
1091 1595 1121 1640 44
1136 1589 1186 1642 mi·
1220 1587 1349 1642 mondum
1376 1587 1473 1652 patitur
1493 1587 1596 1640 animae
1621 1585 1808 1640 detrimentum
1825 1587 1861 1642 ih.
1897 1587 1932 1640 do
1949 1585 2034 1638 dediti
2051 1585 2257 1640 suntexcaecati
2279 1585 2328 1640 470
2351 1585 2380 1636 46

539 1675 636 1728 seriam
649 1681 676 1728 ct
689 1674 848 1744 cnlpam3ut
863 1675 1061 1742 estreprobatio
1070 1681 1185 1742 4444444,
1221 1677 1254 1728 44
1272 1703 1309 1716 -
1327 1677 1400 1742 Quae
1420 1683 1481 1730 sunt
1497 1675 1524 1726 14
1550 1675 1648 1728 mundo
1674 1691 1727 1730 non
1750 1683 1862 1742 possunt
1949 1669 2133 1724 -Christum
2154 1673 2333 1738 ignoralitur
2352 1687 2460 1736 caecus,
2480 1671 2537 1724 Odi·

540 1763 604 1818 dicit
629 1769 750 1816 naturam
772 1769 800 1816 et
824 1765 956 1818 miseriam
983 1771 1008 1816 et
1031 1765 1136 1830 cuipam
1158 1771 1185 1820 44
1204 1767 1314 1818 'nocere
1331 1763 1371 1816 eis
1387 1765 1434 1830 4441
1452 1765 1739 1818 suntextramnndum
1751 1765 1861 1818 411526
1897 1759 1936 1814 vit
1953 1765 1984 1812 ut
2000 1757 2113 1826 invidus,
2131 1759 2228 1812 occidit
2240 1765 2268 1812 ut
2281 1761 2424 1826 sacrilegus
2435 1761 2471 1814 Vl
2483 1759 2536 1814 570

539 1853 753 1918 reprobationem
770 1851 889 1906 divinam
909 1853 960 1906 472
981 1855 1014 1906 22
1222 1851 1428 1906 43-1414444
1453 1853 1666 1918 concupiscentia
1691 1855 1752 1918 plus
1779 1867 1861 1920 44444
1897 1863 1924 1902 v.
1949 1847 1968 1900 7
1994 1861 2033 1886 ·-‘
2054 1847 2163 1900 Amicus
2187 1847 2268 1900 huius
2295 1849 2388 1900 mundi
2417 1847 2538 1900 iuimicus

591 1941 680 1992 —lle
692 1945 743 1992 hoc
755 1939 855 1994 mundo
869 1945 930 1994 sunt
948 1941 996 2008 qui
1007 1941 1069 1992 huic
1080 1941 1182 1996 44444444
1220 1939 1365 1992 substantia
1381 1945 1459 1992 nocet
1480 1939 1529 1992 464
1551 1939 1581 1992 43
1898 1933 1991 1990 Christi
2009 1933 2173 1984 constituitur
2197 1931 2259 1986 ibid.
2279 1961 2313 1974 -
2333 1933 2465 1986 Christum
2483 1933 2538 1986 odi-

540 2029 685 2084 adbaerent
707 2043 756 2094 per
777 2015 896 2080 amorem
917 2029 1016 2082 41361
1041 2029 1074 2082 33
1093 2055 1131 2068 -
1147 2029 1185 2082 di·
1272 2055 1309 2066 ..
1325 2031 1367 2080 est
1383 2027 1459 2092 quasi
1479 2029 1585 2096 qnidam
1607 2029 1698 2082 anulus
1718 2029 1796 2082 44444
1807 2029 1862 2080 ani·
1897 2025 1935 2076 vit
1956 2021 2024 2074 sicut
2045 2021 2166 2086 invidus,
2186 2019 2369 2082 adversarius,
2393 2021 2452 2070 mali
2476 2031 2536 2072 con·

541 2123 636 2172 4444444
652 2115 780 2170 mundani
805 2129 852 2182 per
872 2115 1060 2180 metonymiam
1078 2117 1129 2170 252
1148 2119 1185 2170 25
1221 2129 1280 2168 mae
1299 2129 1313 2168 a
1331 2129 1443 2182 sponso,
1462 2115 1613 2182 diligendus
1629 2129 1722 2170 amore
1744 2117 1862 2170 casluin
1898 2111 1968 2166 scius
1986 2107 2049 2164 inid.
2065 2135 2102 2148 ·-
2118 2107 2203 2162 odirit
2229 2107 2374 2170 Christum,
2402 2107 2463 2174 quia
2482 2119 2536 2158 ma·

540 2233 577 2248 ···
593 2207 718 2260 dicuntur
745 2203 844 2258 mundo
869 2203 949 2258 44414
974 2217 1023 2270 per
1041 2205 1183 2260 amicitiam
1220 2203 1374 2258 memoriam
1392 2205 1483 2270 sponsi
1498 2209 1524 2258 44
1537 2211 1644 2272 propter
1657 2207 1713 2260 eius
1727 2219 1859 2270 amonem,
1898 2215 1967 2268 gnus
1983 2197 2156 2266 reputabatur
2173 2203 2197 2250 et
2217 2197 2279 2264 44444
2297 2197 2348 2260 1441
2369 2195 2418 2248 1414
2435 2199 2538 2248 conua-

541 2293 586 2348 424
614 2295 655 2350 32.
678 2293 727 2346 470
749 2293 1049 2348 46-4144444144444
1072 2297 1185 2350 munda·
1219 2307 1274 2348 444
1299 2293 1443 2348 4441444444
1469 2297 1529 2362 4144
1552 2297 1632 2362 uuam
1658 2295 1822 2362 sponsasti
1844 2295 1859 2346 6
1896 2289 1951 2342 4144
1970 2287 2033 2344 ibid.
2050 2315 2087 2328 -
2104 2291 2173 2340 totus
2192 2285 2340 2338 4441444414
2356 2291 2445 2338 canoa
2465 2283 2537 2338 Chri·

539 2397 590 2438 nus
610 2389 635 2438 44
655 2387 777 2446 peccator
803 2383 853 2434 282
875 2383 909 2434 26
1220 2399 1246 2452 q.
1265 2383 1276 2434 4
1302 2411 1336 2422 -
1356 2395 1410 2434 444
1428 2389 1468 2436 est
1485 2385 1692 2438 contemnendus
1705 2389 1859 2446 utparnum
1896 2383 1968 2432 stum
1984 2377 2029 2428 Vll
2048 2377 2100 2428 568
2117 2375 2154 2428 74
2182 2403 2218 2414 ·-
2240 2373 2385 2428 contemnit
2402 2373 2535 2428 Christum

593 2501 630 2512 ··-
650 2483 684 2524 444
705 2471 813 2524 materia
838 2471 1014 2536 praelucenti,
1043 2473 1118 2538 prius
1144 2479 1183 2526 ta·
1220 2478 1245 2525 et
1262 2471 1314 2524 vile
1331 2471 1433 2524 donum
1450 2473 1511 2536 Dei,
1531 2471 1634 2524 444444
1653 2471 1729 2538 44444
1744 2471 1860 2524 41141144-
1896 2447 1959 2518 itia

540 2569 603 2614 meu
625 2563 708 2614 creata
736 2557 856 2622 informi,
875 2561 1002 2626 4444444444
1019 2565 1060 2614 444
1077 2561 1112 2614 41
1130 2563 1177 2614 484
1219 2559 1353 2626 putandus
1378 2559 1576 2624 comparatione
1604 2557 1701 2614 amoris
1727 2557 1773 2608 Dei
1797 2555 1858 2610 ibid.
1948 2577 1983 2590 -
2000 2551 2059 2602 Odit
2075 2549 2206 2602 Christum
2225 2551 2408 2602 inhonorendO
2427 2551 2461 2602 Vl
2479 2549 2532 2602 340

540 2665 568 2704 v.
589 2647 798 2704 t8—ltiedium
817 2647 960 2702 mundiest
980 2647 1061 2702 41444444
1076 2647 1127 2700 233
1148 2651 1181 2704 53
1220 2677 1253 2686 -
1272 2653 1311 2700 est
1334 2647 1544 2700 contemnendus
1566 2645 1602 2698 th.
1622 2647 1638 2696 4.
1661 2647 1689 2708 4,
1709 2647 1725 2696 2
1742 2671 1781 2682 -
1798 2659 1860 2696 con·
1898 2641 1968 2690 8-
1984 2637 2040 2690 Odit
2057 2635 2187 2690 Christum
2209 2637 2366 2690 bimembri
2386 2639 2451 2700 eius,
2470 2637 2532 2704 quia

536 2769 537 2772 κ
593 2737 745 2802 —optime
767 2737 1182 2790 444414144444444441494
1220 2735 1374 2788 temnendos
1401 2737 1438 2786 444
1463 2733 1609 2786 secundam
1633 2731 1682 2782 4444
1701 2731 1728 2784 14
1744 2743 1779 2782 44
1797 2743 1860 2782 4444-
1897 2725 1944 2788 1441
1965 2737 2026 2776 cum
2050 2737 2084 2776 eo
2107 2723 2343 2776 disconveniehant
2360 2725 2412 2776 433
2432 2727 2480 2790 31,
2500 2725 2533 2776 33

542 2841 567 2880 v.
586 2827 603 2878 3
627 2852 663 2864 -
687 2829 856 2890 comparatur
875 2825 1054 2890 pulcherrimo
1072 2825 1182 2878 carmini
1220 2827 1289 2876 tenta
1306 2821 1351 2874 Vll
1369 2819 1402 2872 48
1424 2821 1455 2870 46
1896 2839 1929 2850 -
1949 2809 2115 2864 3410000004
2136 2809 2253 2860 odientes
2273 2809 2404 2862 Christum
2417 2825 2470 2862 000
2482 2825 2534 2864 ser·

529 2915 575 2968 ,44
594 2929 672 2980 4.-
688 2913 715 2964 u
735 2911 858 2966 444444
875 2911 984 2964 resanat
1000 2923 1109 2964 carmen
1124 2925 1182 2976 per·
1270 2905 1345 2956 ..a
1369 2905 1470 2956 munao
1496 2905 1676 2956 recedendum
1688 2907 1743 2956 ·ee
1771 2907 1796 2954 a
1823 2903 1858 2956 44
1897 2901 1960 2948 vana
1977 2895 2174 2948 cruentandam
2197 2895 2245 2948 440
2273 2897 2304 2950 33
2325 2923 2360 2936 -·
2380 2901 2534 2962 persecutns

1219 2997 1301 3046 044444
1329 2991 1601 3058 appropinquandum
1625 2991 1669 3042 Vll
1694 2991 1743 3042 422
1772 2991 1805 3044 33
1823 3019 1858 3028 -
1896 2991 1933 3036 est
1962 2983 2098 3048 Apostolos
2125 2983 2151 3034 in
2178 2985 2245 3036 iacto
2275 2989 2298 3036 et
2327 2983 2481 3048 contempsit
2508 2985 2533 3036 in

593 3115 629 3130 -·
647 3099 774 3150 praesens
797 3089 835 3138 est
860 3083 1181 3148 44444444441444414441
1218 3079 1414 3148 delinquentiae
1430 3085 1493 3132 sunt
1509 3079 1661 3132 mundanae
1673 3079 1858 3144 prosperitates
1897 3073 1975 3126 corde
2000 3071 2049 3124 453
2081 3073 2307 3124 33-41444441
2336 3077 2532 3140 persequuntur

1219 3169 1251 3220 41
1271 3169 1316 3220 614
1342 3181 1368 3220 n.
1387 3169 1421 3220 33
1440 3195 1476 3208 —-
1493 3169 1654 3220 perversitas
1671 3167 1803 3220 mundana
1819 3171 1858 3220 est
1896 3159 2015 3214 4004414400
2033 3157 2126 3214 Christi
2146 3147 2430 3226 4404140003400440444

592 3289 627 3302 ···
638 3259 823 3314 estmntabiiis
837 3259 864 3310 14
875 3259 1002 3322 444444414
1013 3257 1182 3324 4444444444
1218 3255 1353 3322 arguenda
1370 3253 1407 3310 ib.
1424 3271 1449 3308 v.
1472 3257 1498 3308 44
1523 3283 1557 3296 ··-
1569 3257 1696 3310 hlundum
1710 3255 1857 3322 relinquere
1948 3251 2088 3302 410000-
2105 3261 2120 3298 0
2141 3247 2210 3300 hona
2234 3249 2371 3304 voluntate
2399 3249 2532 3314 dependet

541 3353 591 3406 4444
611 3349 642 3400 41
665 3347 696 3400 28
716 3363 743 3400 a.
763 3349 772 3398 4
798 3375 832 3384 -
853 3345 973 3400 transibit
990 3345 1042 3398 274
1061 3347 1096 3400 25
1109 3373 1144 3388 ···
1157 3349 1181 3400 et
1219 3345 1348 3400 debemus
1365 3343 1416 3396 606
1429 3343 1671 3396 47-41444444
1689 3349 1857 3398 contemnere
1896 3337 1937 3390 441
1958 3337 2002 3390 324
2028 3337 2042 3388 4
2061 3365 2097 3376 ··—
2115 3351 2166 3390 non
2185 3337 2365 3392 consideratur
2384 3337 2411 3390 in
2430 3351 2466 3404 se,
2485 3337 2533 3390 444

539 3439 639 3498 oritura,
660 3449 729 3502 4444
746 3441 807 3488 sunt
823 3435 852 3488 iu
869 3433 1102 3500 ipsarummet
1121 3439 1182 3490 sum
1218 3447 1266 3488 nos
1292 3433 1380 3488 docuit
1409 3433 1526 3486 christus
1544 3433 1710 3498 4444444444
1727 3433 1856 3496 vivendo,
1895 3429 2033 3478 afemore
2049 3425 2139 3478 cordis
2157 3425 2209 3478 322
2228 3427 2243 3478 6
2264 3453 2298 3466 ·-
2317 3431 2457 3480 excaecant
2473 3439 2532 3478 oco·

542 3529 583 3580 411
605 3523 657 3578 433
676 3523 689 3574 3
711 3549 745 3562 ···
763 3523 856 3576 transit
878 3529 1008 3590 quantum
1034 3523 1067 3574 ad
1088 3537 1179 3588 omne,
1220 3523 1266 3576 sed
1293 3521 1422 3574 mundum
1448 3535 1575 3588 quaerere
1599 3523 1687 3574 docuit
1713 3523 1795 3574 Adam
1821 3521 1857 3574 vi·
1895 3513 2054 3568 10825920

541 3613 614 3680 qnod
641 3609 720 3664 habet
746 3611 772 3662 in
797 3623 825 3662 se
851 3609 992 3676 appetibile
1017 3609 1068 3662 537
1095 3611 1128 3664 34
1148 3639 1182 3652 ···
1220 3613 1306 3664 vendo
1332 3609 1469 3664 carnaliter
1494 3607 1542 3662 604
1566 3623 1594 3662 v.
1618 3609 1856 3664 43-1141444444
1947 3603 2124 3656 Minueritne
2144 3629 2178 3640 ···
2209 3603 2326 3654 1100304
2348 3607 2390 3654 esi
2414 3601 2532 3652 80400140

540 3699 660 3754 transibit
677 3703 803 3766 4444444444
829 3699 861 3754 44
887 3699 1042 3752 exteriorem
1067 3697 1180 3766 liguram
1219 3699 1301 3752 Deum
1315 3697 1411 3750 imitari
1424 3697 1449 3748 in
1463 3699 1611 3764 superando
1624 3697 1754 3752 mnndum
1775 3699 1855 3752 3345
1895 3691 1970 3744 serbi
1996 3691 2081 3744 dolosi
2107 3679 2152 3742 Vll
2180 3689 2230 3742 475
2253 3691 2284 3742 40
2303 3717 2339 3728 ·-
2368 3691 2532 3742 hlurmnrans
2636 3731 2637 3734 ,

1217 3817 1253 3826 -
1271 3787 1407 3840 4111444044
1424 3785 1503 3838 debet
1521 3787 1627 3838 vincere
1646 3787 1775 3840 44444444
1793 3785 1854 3838 ibid.
1894 3779 1969 3848 44441
1993 3779 2058 3832 intra
2087 3779 2177 3832 dentes
2205 3791 2267 3832 suas
2289 3779 2452 3830 tunnnltuans
2474 3791 2529 3830 nou

592 3907 626 3916 -
640 3877 840 3930 praenuntiatur
852 3875 909 3928 eins
920 3875 1062 3930 destructio
1073 3877 1116 3930 411
1128 3877 1179 3932 324
1270 3905 1306 3916 -4
1322 3875 1450 3928 blandum
1472 3875 1554 3940 inagis
1580 3875 1684 3940 4444414
1709 3875 1860 3942 relinquere¹
1894 3871 1962 3922 clare
1979 3869 2096 3922 enuntiat
2114 3867 2149 3922 Vl
2168 3867 2219 3920 445
2232 3883 2260 3920 v.
2274 3867 2310 3918 40
2321 3895 2355 3906 -
2369 3867 2531 3920 hlnrmnrare

542 3967 572 4018 44
593 3993 628 4004 -η
646 3965 673 4018 in
690 3967 761 4018 4444
779 3965 873 4018 aaaron
895 3967 1068 4020 consumetur
1082 3965 1133 4018 444
1149 3965 1179 4018 nr
1217 3977 1297 4030 quam
1315 3963 1485 4030 relinquen
1499 3963 1549 4016 444
1564 3963 1856 4018 444-444444444-
1894 3957 1986 4012 dicitur
2006 3971 2021 4010 4
2038 3955 2137 4020 mutio,
2150 4001 2151 4004 ,
2163 3955 2259 4018 44444,
2281 3955 2356 4022 nessi
2377 3955 2442 4006 vene
2459 3951 2531 4020 loqu

538 4079 573 4092 -
592 4053 619 4104 in
637 4053 706 4106 exitu
721 4067 768 4106 seo
782 4055 876 4106 44441444
888 4053 1001 4118 patietur
1014 4067 1115 4106 errores
1129 4053 1181 4106 433
1218 4057 1361 4104 temnentes
1379 4051 1433 4104 Deo
1453 4051 1555 4116 placent
1574 4051 1738 4122 4154844
1754 4081 1786 4090 -
1799 4065 1856 4104 mu·
1893 4051 1917 4098 et
1936 4057 1988 4098 non
2008 4043 2104 4098 audere
2124 4045 2166 4096 Vll
2186 4043 2274 4096 3824

541 4141 582 4196 tn.
605 4141 658 4194 325
683 4141 717 4194 44
740 4141 930 4194 -sensibilis
960 4139 1130 4196 innovabitur
1148 4141 1180 4194 41
1217 4139 1362 4206 ungendus
1381 4139 1548 4192 4444414444
1567 4139 1669 4192 sinister
1688 4141 1731 4192 411
1751 4141 1801 4192 376
1823 4139 1854 4192 40
1945 4159 1980 4172 ···
1999 4131 2120 4186 Verbum.
2138 4131 2280 4184 4444444414
2299 4135 2337 4184 est
2352 4129 2483 4182 occultum
2500 4129 2531 4182 Vl

1217 4253 1252 4266 -
1271 4227 1464 4294 crucifigendus
1481 4233 1525 4282 est
1538 4241 1587 4294 per
1604 4231 1788 4294 paupertatem.
1803 4227 1857 4294 spi·
1894 4223 1950 4276 445·
1964 4235 1991 4274 4.
2012 4221 2037 4274 lt
2062 4247 2097 4260 ···
2116 4226 2154 4274 est
2172 4219 2273 4272 00044444
2291 4219 2481 4272 detractionis
2498 4219 2529 4270 65

593 4345 627 4360 ·-
647 4321 684 4372 est
704 4333 801 4382 444444,
820 4319 882 4386 4444
902 4333 954 4372 444
973 4317 1083 4386 praebet
1100 4317 1179 4384 44441-
1217 4317 1283 4372 ritus
1299 4315 1362 4372 ibid.
1515 4345 1521 4360 ·
1894 4339 1928 4350 -
1949 4315 1986 4362 est
2005 4307 2149 4372 oblocutio,
2168 4321 2238 4376 44480
2258 4321 2306 4360 nec
2324 4309 2431 4360 0010100
2450 4305 2531 4372 expri-

541 4407 658 4462 tudinem
682 4407 822 4460 continenti
842 4407 873 4460 41
894 4407 909 4460 4
926 4405 945 4458 7
963 4433 998 4446 -
1019 4411 1056 4462 444
1081 4421 1179 4474 vanus,
1271 4435 1306 4444 -
1325 4409 1352 4458 lo
1367 4405 1468 4460 4444444
1481 4409 1661 4470 maneturper
1673 4419 1784 4470 pravam
1797 4419 1857 4460 con·
1895 4399 1973 4450 mittit
1992 4411 2040 4450 000
2059 4397 2166 4450 omnini)
2186 4395 2309 4450 reticetur
2330 4397 2370 4448 Vi'i
2389 4395 2440 4448 382
2460 4395 2475 4448 i
2495 4421 2530 4434 ···

539 4495 601 4564 quia
622 4509 677 4548 non
702 4495 746 4548 444
771 4495 886 4564 maetam
910 4495 1038 4550 4444444
1055 4493 1093 4550 it.
1110 4497 1125 4546 8
1145 4523 1179 4536 ·-
1217 4493 1385 4546 suetudinem
1403 4495 1436 4548 vl
1457 4493 1506 4546 433
1527 4495 1560 4546 42
1580 4519 1615 4534 -
1633 4495 1659 4546 ln
1684 4495 1784 4548 munao
1806 4509 1856 4548 ser-
1895 4487 1977 4540 4414444
1997 4501 2027 4540 en
2051 4485 2211 4552 infirmitate,
2231 4501 2263 4538 ex
2280 4485 2429 4550 4440404414
2447 4489 2471 4536 et
2490 4499 2529 4536 cr·

539 4583 1179 4650 4444444444444444,44414444-4444044444-
1217 4587 1311 4636 vantnr
1330 4581 1374 4648 4441
1394 4597 1447 4636 444
1466 4585 1652 4636 convertuntur
1667 4583 1704 4636 ad
1725 4583 1855 4636 mundum
1893 4589 1953 4628 4000
1970 4581 1997 4628 ei
2015 4573 2091 4626 etiam
2111 4587 2142 4626 44
2160 4573 2322 4638 malignitate
2339 4571 2400 4626 ibid·
2419 4585 2535 4636 ··ltl'0·,

539 4671 681 4726 timentum
710 4671 824 4724 innitenti
849 4669 918 4726 446
944 4699 978 4712 -·
995 4677 1023 4726 44
1045 4673 1179 4726 mundana
1217 4683 1265 4736 par
1283 4683 1401 4724 amorem
1418 4671 1470 4724 473
1489 4673 1524 4724 28
1541 4699 1579 4712 ···
1596 4685 1720 4736 praesens
1736 4675 1856 4726 estterra
1894 4663 1962 4716 tedii
1980 4663 2015 4714 ab
2032 4675 2079 4714 ore
2096 4661 2215 4726 maligno
2232 4657 2293 4714 iiiii

539 4765 567 4812 ut
587 4759 696 4814 baculus
714 4759 872 4812 4444414444
892 4773 943 4812 444
962 4759 1089 4828 praebent
1109 4761 1179 4816 sulci·
1217 4759 1386 4812 morientium
1405 4759 1452 4810 tti
1473 4773 1489 4810 a
1947 4779 1980 4790 -
2000 4751 2055 4804 sine
2078 4763 2163 4816 poena
2189 4763 2242 4802 non
2262 4747 2407 4816 remanebit
2426 4749 2458 4804 44
2480 4747 2529 4802 tiit

539 4855 671 4914 mentum,
690 4849 738 4900 sed
756 4861 849 4902 omnes
860 4847 887 4900 in
901 4849 937 4900 414
951 4849 1110 4902 4444444444
1123 4849 1179 4904 red·
1270 4875 1304 4888 ·-
1323 4849 1416 4914 pienus
1441 4851 1479 4900 est
1496 4849 1635 4914 iniquitate
1652 4847 1686 4900 Vl
1706 4849 1758 4900 435
1775 4863 1803 4900 r.
1823 4849 1854 4900 44
1892 4855 1919 4894 v.
1940 4841 1966 4892 44
1991 4867 2025 4880 -
2043 4839 2160 4906 Murmur
2178 4843 2216 4890 est
2235 4837 2313 4890 vaide
2330 4837 2467 4892 vitandum
2487 4837 2530 4890 411

539 4935 605 4990 dunt
622 4935 724 4990 debiles
741 4945 769 4990 et
785 4935 903 4990 infirmos
920 4941 947 4990 et
965 4939 999 4990 ad
1018 4951 1097 4990 omne
1111 4951 1180 5006 opns
1217 4941 1351 4990 -tentat
1376 4939 1419 4990 ant
1445 4949 1491 5000 per
1517 4935 1725 4998 144444414441444,
1745 4940 1789 4988 444
1808 4949 1856 5002 444
1893 4927 1945 4982 475
1975 4927 2011 4978 iii
2038 4953 2074 4966 ··*
2103 4927 2214 4978 mulium
2248 4925 2367 4990 displicet
2397 4927 2452 4978 000
2483 4921 2530 4990 per

539 5023 640 5076 bonum
667 5025 771 5090 ineptos
794 5023 855 5078 ibici.
874 5053 910 5062 -
927 5039 1014 5078 vanus
1038 5031 1092 5092 est,
1116 5029 1179 5096 44414
1217 5023 1365 5078 violentiam
1387 5023 1437 5076 173
1456 5039 1482 5076 v.
1504 5023 1534 5076 44
1557 5023 1733 5090 -pertrahit
1753 5023 1857 5088 adper-
1892 5029 1999 5068 omnem
2013 5011 2527 5080 0400001444-4310404140440,(4043

538 5125 592 5164 444
603 5111 714 5178 praebet
725 5113 838 5164 hactum
849 5113 978 5176 diligenti,
992 5113 1038 5166 sed
1051 5113 1179 5168 damnum
1217 5125 1323 5166 versam
1345 5111 1509 5164 affectionem
1534 5111 1585 5164 473
1605 5111 1640 5164 27
1656 5137 1694 5152 ·-
1710 5113 1857 5176 praeteudit
1892 5101 1955 5154 nihil
1973 5101 2092 5166 ltt⁰d0⁵t
2108 5101 2154 5152 800
2174 5099 2250 5152 Obesi
2267 5101 2301 5152 Vi
2321 5101 2372 5152 329
2390 5099 2426 5152 67
2439 5127 2473 5140 -·
2486 5101 2525 5152 ni·

536 5197 573 5252 ab.
593 5201 607 5252 3
626 5203 794 5266 -Sperans
812 5201 840 5252 in
856 5199 1101 5254 mondoevanescit
1114 5199 1178 5256 ine
1216 5199 1394 5262 altitudinem,
1422 5197 1600 5264 dnlcedinem,
1627 5197 1806 5250 sufficientiam
1830 5205 1857 5252 et
1892 5185 2527 5254 14114444444444441144444444151144411382

537 5313 573 5326 ·-
592 5299 661 5340 vane
679 5287 778 5352 gaudet
796 5287 848 5340 462
867 5289 898 5340 31
1178 5287 1180 5290 ’
1215 5287 1370 5350 sapientiam
1384 5291 1408 5338 44
1421 5299 1468 5350 per
1481 5287 1545 5338 haec
1559 5287 1635 5350 erigit
1646 5287 1682 5338 ad
1694 5283 1854 5350 snperbiam,
1892 5275 1961 5326 i·-
1979 5281 2069 5356 000440
2092 5275 2179 5326 Dium
2204 5273 2267 5326 nihil
2297 5275 2418 5340 14044θὲ4,
2445 5275 2528 5330 immi]

591 5375 771 5440 -444444414
792 5379 918 5440 tanquam
944 5373 1036 5428 44441444
1064 5381 1179 5428 mentem
1215 5373 1360 5426 inflammat
1380 5359 1575 5434 4414444144,
1595 5371 1674 5422 trahit
1698 5371 1731 5422 44
1757 5371 1855 5436 44441414-
1891 5365 2004 5416 muitum
2029 5369 2106 5416 00001
2133 5363 2167 5416 Vi
2194 5365 2245 5436 445
2272 5377 2301 5418 V·
2330 5365 2359 5416 ii
2382 5391 2419 5404 ···
2438 5365 2528 5418 Turba

537 5447 720 5524 obscurando,
739 5475 787 5514 suo
806 5461 913 5512 44444144
927 5467 1042 5512 mentem
1057 5473 1178 5514 amoven-
1215 5465 1295 5512 tatem
1320 5463 1344 5512 et
1370 5459 1447 5512 allicit
1469 5459 1506 5512 ad
1527 5459 1704 5513 curiositatem
1731 5459 1748 5512 4
1768 5461 1800 5512 40
1820 5489 1854 5500 ··-
1890 5449 2073 5506 murmurabat
2090 5451 2124 5506 de
2141 5449 2253 5516 Christo,
2273 5453 2334 5520 quia
2349 5455 2436 5520 palam
2454 5453 2528 5522 44441

537 5549 587 5616 do,
603 5549 783 5602 tribulationes
802 5547 1112 5602 multassustinendon
1128 5549 1177 5600 440
1214 5551 1285 5596 amat
1307 5545 1440 5610 privatum
1458 5543 1561 5618 bonnm
1577 5545 1620 5596 Vll
1639 5545 1691 5596 300
1709 5545 1746 5598 74
1764 5573 1799 5584 ··-
1817 5545 1855 5598 Ci·
1890 5557 1944 5596 444
1961 5541 2076 5596 audebat
2094 5539 2145 5594 348
2166 5539 2199 5594 47

536 5651 563 5688 v.
584 5639 599 5688 3
619 5665 654 5676 -
671 5635 795 5702 praeterit
815 5641 941 5704 tanquam
960 5635 1017 5688 avis
1040 5635 1068 5686 in
1090 5647 1179 5700 super·
1215 5631 1266 5686 bus
1283 5631 1377 5686 mundi
1395 5637 1455 5684 sunt
1471 5631 1580 5686 divitiae
1596 5633 1632 5686 Vl
1649 5631 1701 5686 557
1720 5633 1730 5684 4
1750 5647 1855 5698 -444-
1943 5631 2046 5686 41444444
2064 5657 2099 5670 -
2118 5629 2294 5686 4144444444
2311 5631 2527 5698 gazophylacium

521 5723 607 5776 biam
629 5729 655 5778 et
665 5725 798 5778 lasciviam
813 5723 950 5776 exaltando
962 5719 995 5776 it.
1010 5723 1041 5774 44
1055 5749 1090 5762 -
1102 5735 1178 5786 prae·
1215 5721 1287 5786 pinat
1307 5721 1394 5772 avaris
1412 5719 1516 5774 divitias
1533 5721 1569 5774 ad
1585 5721 1747 5776 credentiam
1764 5719 1827 5776 ibid.
1890 5721 1933 5772 rel
1950 5719 2065 5772 corbona
2082 5719 2128 5772 Vll
2147 5719 2198 5772 520
2220 5723 2229 5772 4
2253 5747 2289 5758 -
2308 5725 2347 5772 444
2366 5721 2471 5774 terti-nm
2489 5733 2527 5772 re-

536 5809 596 5862 44414
620 5813 745 5876 44444444
770 5809 864 5872 sagitta
889 5821 935 5860 cor
957 5807 1067 5860 letaliter
1085 5809 1179 5882 ¹vulne·
1268 5839 1304 5848 -
1322 5823 1375 5868 non
1393 5809 1523 5876 vituperat
1541 5825 1587 5864 eos
1605 5809 1650 5878 qui
1664 5809 1854 5878 ipsometglo·
1889 5809 2045 5874 positorium
2071 5807 2106 5860 Vl
2132 5809 2184 5860 353
2213 5809 2247 5860 26
2265 5837 2303 5846 -
2327 5813 2384 5860 erat
2407 5807 2528 5872 4444,14

536 5897 618 5950 raudo
638 5895 669 5950 ib.
692 5897 723 5950 42
742 5927 778 5934 -
797 5897 901 5960 transit,
920 5901 1001 5960 prout
1018 5901 1057 5948 est
1076 5899 1179 5950 occasio
1214 5899 1281 5950 riam
1301 5899 1357 5952 eius
1378 5899 1490 5964 tlilignnt
1508 5899 1539 5952 41
1561 5899 1612 5952 340
1631 5901 1644 5950 8
1664 5925 1700 5938 -
1716 5899 1771 5954 4414
1799 5901 1861 5956 iilos
1889 5909 1970 5964 quam
1991 5895 2127 5950 mittebant
2138 5895 2289 5950 sacerdotes
2301 5897 2440 5962 pecunias,
2459 5911 2528 5964 4444

536 5983 871 6052 intensissimus*
1215 5989 1262 6054 qui
1279 5987 1431 6054 relinquunt
1464 5989 1614 6042 mundanas
1642 5989 1854 6042 conversationes
1890 5983 2120 6050 congregabantur
2143 5985 2179 6036 44
2201 5983 2364 6038 necessarios
2381 5999 2445 6058 usus
2465 5989 2527 6036 tem·
2628 5977 2630 5980 ’

588 6103 627 6112 -
644 6073 772 6140 liguratur
789 6071 1179 6138 1414444144733-4444-
1215 6075 1266 6130 433
1286 6079 1323 6130 32
1396 6141 1398 6148 y
1889 6073 2088 6138 4114145204
2126 6081 2127 6084 ’
2482 6115 2486 6118 4,

536 6179 601 6218 sens
622 6169 660 6216 est
686 6163 762 6232 qnasi
785 6177 858 6218 mare
872 6163 911 6240 41
935 6163 985 6216 437
1006 6177 1032 6214 v.
1051 6163 1068 6216 3
1086 6189 1121 6202 -
1139 6169 1179 6220 444
1268 6193 1304 6204 —-
1322 6165 1531 6220 41444441414144
1551 6169 1656 6220 44444444·
1682 6177 1750 6232 4444
1772 6167 1855 6230 44441-
1942 6163 2112 6214 4144444444
2128 6187 2166 6200 -
2182 6165 2222 6212 444
2238 6159 2264 6212 14
2285 6157 2364 6214 rebus
2381 6159 2476 6212 4444414
2493 6159 2528 6212 41

534 6269 648 6322 regnum
668 6253 782 6306 divisum
803 6253 854 6306 614
877 6255 940 6306 4-
954 6253 1179 6320 signiticalarper
1214 6253 1293 6318 dent,
1312 6253 1332 6308 si
1352 6259 1440 6308 tameo
1458 6259 1548 6308 mente
1566 6253 1673 6308 tendant
1690 6253 1724 6306 ad
1748 6259 1854 6308 4444444
1889 6237 1968 6318 344.
1988 6249 2210 6314 -4444441444
2231 6247 2272 6300 cui
2297 6247 2380 6302 omnis
2409 6253 2527 6302 creatura

492 6333 495 6336 ’
535 6343 687 6408 castellum,
706 6341 778 6408 44444
797 6339 1179 6406 estcontradiscipulosChri·
1214 6341 1329 6402 414380
1349 6343 1383 6394 66
1401 6367 1437 6382 ·-
1455 6341 1599 6408 4411441444
1619 6343 1750 6396 mundana
1774 6341 1855 6394 obno-
1889 6331 2099 6392 444441444447
2117 6351 2141 6390 a.
2165 6337 2190 6388 tt
2216 6351 2232 6390 a
2254 6365 2292 6376 -
2318 6343 2358 6390 444
2384 6337 2409 6388 14
2434 6343 2529 6390 natura

515 6483 517 6490 ,
536 6429 634 6490 441411
652 6427 703 6480 488
723 6429 759 6482 45
1214 6431 1271 6484 xins
1295 6435 1333 6484 est
1355 6415 1464 6484 Caesari
1478 6431 1523 6484 544
1550 6433 1581 6484 32
1603 6459 1635 6468 -
1655 6431 1777 6484 hianda-m
1796 6443 1855 6496 pro·
1889 6427 2047 6490 elementari,
2065 6427 2091 6478 in
2112 6425 2216 6478 434444
2234 6425 2258 6478 44
2279 6427 2393 6494 444412
2409 6441 2434 6478 v.
2453 6427 2469 6478 6
2489 6453 2524 6466 ··-

590 6545 627 6556 ·-
644 6519 671 6568 ln
692 6517 822 6570 mundum
839 6517 913 6570 missi
933 6523 993 6572 sunt
1010 6517 1188 6582 discipu-lind
1214 6525 1272 6582 pter
1286 6519 1440 6584 temporalia
1456 6517 1599 6574 Dominum
1618 6517 1853 6572 obliviscuntuer
1889 6521 1930 6570 est
1956 6515 2139 6568 inexistentia
2170 6519 2351 6568 creaturarum
2376 6515 2527 6568 secundum

536 6605 747 6670 praedicandum
767 6605 880 6658 411488
900 6603 1128 6670 43--844144414
1140 6619 1180 6658 sa·
1214 6605 1266 6660 340
1287 6611 1304 6662 e
1889 6607 1986 6670 duplex
2003 6619 2060 6658 esse
2088 6617 2179 6658 earum
2204 6605 2232 6656 14
2256 6603 2328 6656 b-
2348 6605 2528 6659 consideratur

476 6699 478 6708 ‘
536 6691 610 6754 navit
634 6693 777 6756 mundum,
791 6691 879 6758 ipsum
899 6705 914 6744 4
934 6695 1009 6746 malis
1026 6695 1180 6748 homiuibus
1266 6723 1305 6736 -
1321 6695 1854 6762 4441444414440444434.44.4-
1889 6693 1917 6748 14
1934 6697 2013 6750 rebus
2032 6701 2160 6762 quantum
2180 6695 2214 6748 ad
2238 6695 2482 6750 transmutationem
2500 6701 2528 6748 et

534 6781 676 6844 purgando
697 6781 728 6834 41
749 6781 798 6832 472
817 6795 843 6832 e.
865 6781 935 6844 4η-
952 6781 980 6832 14
999 6783 1100 6836 mundo
1124 6799 1179 6838 non
1213 6785 1336 6838 blendani
1363 6783 1854 6838 444444444444114144141411225
1888 6791 2015 6850 quantum
2036 6785 2068 6838 ad
2087 6789 2192 6848 tempus
2212 6781 2273 6838 ibid.
2292 6787 2451 6838 -llomoa
2471 6789 2526 6838 mu·

530 6873 576 6920 est
591 6881 705 6932 regnum
724 6867 817 6922 Christi
836 6869 888 6922 488
908 6869 951 6922 64.
971 6869 1022 6922 483
1043 6871 1076 6922 67
1169 6929 1171 6932 ,
1200 6873 1244 6924 34
1265 6885 1413 6926 —caecus
1433 6885 1480 6938 per
1499 6871 1854 6938 infidelitatemnoncogno·
1889 6871 2012 6926 tabilitate
2032 6873 2102 6926 nullo
2119 6873 2199 6928 modo
2219 6877 2304 6940 potest
2321 6871 2387 6938 eripi
2409 6871 2439 6922 42
2460 6871 2525 6922 43
